  <div class='ocr_page' id='page_1' title='image "/cluster/home/n/w/nwhite01/storage/ocr_20150623/156/hvd.32044010683712/475.png"; bbox 0 0 4018 6324; ppageno 0'>
   <div class='ocr_carea' id='block_1_1' title="bbox 614 298 732 359">
    <p class='ocr_par' dir='ltr' id='par_1_1' title="bbox 614 298 732 359">
     <span class='ocr_line' id='line_1_1' title="bbox 614 298 732 359; baseline 0 0"><span class='ocrx_word' id='word_1_1' title='bbox 614 298 732 359; x_wconf 63' lang='lat'><strong>939</strong></span> 
     </span>
    </p>
   </div>
   <div class='ocr_carea' id='block_1_2' title="bbox 1476 286 2186 368">
    <p class='ocr_par' dir='ltr' id='par_1_2' title="bbox 1476 286 2186 351">
     <span class='ocr_line' id='line_1_2' title="bbox 1476 286 2186 351; baseline -0.014 0"><span class='ocrx_word' id='word_1_2' title='bbox 1476 296 1534 351; x_wconf 73' lang='grc' dir='ltr'><strong>ν.</strong></span> <span class='ocrx_word' id='word_1_3' title='bbox 1577 288 1900 349; x_wconf 73' lang='lat' dir='ltr'><strong>GUBERTI</strong></span> <span class='ocrx_word' id='word_1_4' title='bbox 1933 286 2186 344; x_wconf 72' lang='lat' dir='ltr'><strong>ABBATI‘</strong></span> 
     </span>
    </p>
   </div>
   <div class='ocr_carea' id='block_1_3' title="bbox 2281 286 3757 368">
    <p class='ocr_par' dir='ltr' id='par_1_3' title="bbox 2281 286 3757 368">
     <span class='ocr_line' id='line_1_3' title="bbox 2281 286 3757 368; baseline 0.001 -27"><span class='ocrx_word' id='word_1_5' title='bbox 2281 288 2330 342; x_wconf 76' lang='lat'><strong>5.</strong></span> <span class='ocrx_word' id='word_1_6' title='bbox 2375 289 2613 349; x_wconf 66' lang='lat' dir='ltr'><strong>MARIAS</strong></span> <span class='ocrx_word' id='word_1_7' title='bbox 2646 290 2733 344; x_wconf 81' lang='lat' dir='ltr'><strong>DE</strong></span> <span class='ocrx_word' id='word_1_8' title='bbox 2768 286 3162 344; x_wconf 68' lang='lat' dir='ltr'><strong>NOVIGENTO</strong></span> <span class='ocrx_word' id='word_1_9' title='bbox 3685 310 3757 368; x_wconf 57' lang='grc' dir='ltr'><strong>διο</strong></span> 
     </span>
    </p>
   </div>
   <div class='ocr_carea' id='block_1_4' title="bbox 620 402 3760 496">
    <p class='ocr_par' dir='ltr' id='par_1_4' title="bbox 620 402 3760 496">
     <span class='ocr_line' id='line_1_4' title="bbox 620 402 3760 496; baseline -0.001 -24"><span class='ocrx_word' id='word_1_10' title='bbox 620 412 1190 479; x_wconf 77' lang='lat' dir='ltr'><strong>excrescente,etiam</strong></span> <span class='ocrx_word' id='word_1_11' title='bbox 1230 410 1374 465; x_wconf 86' lang='lat' dir='ltr'><strong>circa</strong></span> <span class='ocrx_word' id='word_1_12' title='bbox 1422 408 1680 463; x_wconf 80' lang='lat' dir='ltr'><strong>annulum</strong></span> <span class='ocrx_word' id='word_1_13' title='bbox 1712 407 1839 460; x_wconf 89' lang='lat' dir='ltr'><strong>hinc</strong></span> <span class='ocrx_word' id='word_1_14' title='bbox 1892 403 2017 457; x_wconf 90' lang='lat' dir='ltr'><strong>inde</strong></span> <span class='ocrx_word' id='word_1_15' title='bbox 2066 416 2197 455; x_wconf 88' lang='lat' dir='ltr'><strong>caro</strong></span> <span class='ocrx_word' id='word_1_16' title='bbox 2225 402 2271 457; x_wconf 81' lang='grc' dir='ltr'>Α</span> <span class='ocrx_word' id='word_1_17' title='bbox 2300 411 2442 457; x_wconf 85' lang='lat' dir='ltr'><strong>rant.</strong></span> <span class='ocrx_word' id='word_1_18' title='bbox 2501 403 2730 471; x_wconf 84' lang='lat' dir='ltr'><strong>Epasmo</strong></span> <span class='ocrx_word' id='word_1_19' title='bbox 2770 403 2931 471; x_wconf 84' lang='lat' dir='ltr'><strong>igitur</strong></span> <span class='ocrx_word' id='word_1_20' title='bbox 2974 402 3189 456; x_wconf 73' lang='lat' dir='ltr'><strong>rediens</strong></span> <span class='ocrx_word' id='word_1_21' title='bbox 3233 403 3295 456; x_wconf 86' lang='lat' dir='ltr'><strong>ad</strong></span> <span class='ocrx_word' id='word_1_22' title='bbox 3335 404 3534 467; x_wconf 80' lang='lat' dir='ltr'><strong>clericos</strong></span> <span class='ocrx_word' id='word_1_23' title='bbox 3572 430 3627 472; x_wconf 84' lang='lat' dir='ltr'><strong>an</strong></span> <span class='ocrx_word' id='word_1_24' title='bbox 3655 420 3760 496; x_wconf 50' lang='lat' dir='ltr'><strong>tiqui</strong></span> 
     </span>
    </p>
   </div>
   <div class='ocr_carea' id='block_1_5' title="bbox 621 495 2200 579">
    <p class='ocr_par' dir='ltr' id='par_1_5' title="bbox 621 495 2200 579">
     <span class='ocr_line' id='line_1_5' title="bbox 621 495 2200 579; baseline -0.01 -17"><span class='ocrx_word' id='word_1_25' title='bbox 621 509 1003 579; x_wconf 85' lang='lat' dir='ltr'><strong>protuberans,</strong></span> <span class='ocrx_word' id='word_1_26' title='bbox 1044 503 1317 559; x_wconf 75' lang='lat' dir='ltr'><strong>metallum</strong></span> <span class='ocrx_word' id='word_1_27' title='bbox 1375 514 1513 570; x_wconf 92' lang='lat' dir='ltr'><strong>pene</strong></span> <span class='ocrx_word' id='word_1_28' title='bbox 1562 506 1899 559; x_wconf 84' lang='lat' dir='ltr'><strong>contexerat,</strong></span> <span class='ocrx_word' id='word_1_29' title='bbox 1953 495 2094 551; x_wconf 89' lang='lat' dir='ltr'><strong>unde</strong></span> <span class='ocrx_word' id='word_1_30' title='bbox 2144 501 2200 547; x_wconf 89' lang='lat' dir='ltr'><strong>et</strong></span> 
     </span>
    </p>
   </div>
   <div class='ocr_carea' id='block_1_6' title="bbox 614 585 2200 662">
    <p class='ocr_par' dir='ltr' id='par_1_6' title="bbox 614 585 2200 662">
     <span class='ocr_line' id='line_1_6' title="bbox 614 585 2200 662; baseline -0.01 -10"><span class='ocrx_word' id='word_1_31' title='bbox 614 596 892 651; x_wconf 71' lang='lat' dir='ltr'><strong>eximendi</strong></span> <span class='ocrx_word' id='word_1_32' title='bbox 922 607 1043 648; x_wconf 90' lang='lat' dir='ltr'><strong>eum</strong></span> <span class='ocrx_word' id='word_1_33' title='bbox 1070 607 1101 646; x_wconf 91' lang='lat' dir='ltr'><strong>a</strong></span> <span class='ocrx_word' id='word_1_34' title='bbox 1128 592 1299 662; x_wconf 86' lang='lat' dir='ltr'><strong>digito</strong></span> <span class='ocrx_word' id='word_1_35' title='bbox 1321 605 1443 659; x_wconf 85' lang='lat' dir='ltr'><strong>spes</strong></span> <span class='ocrx_word' id='word_1_36' title='bbox 1469 597 1581 643; x_wconf 91' lang='lat' dir='ltr'><strong>tota</strong></span> <span class='ocrx_word' id='word_1_37' title='bbox 1606 590 1865 658; x_wconf 89' lang='lat' dir='ltr'><strong>perierat.</strong></span> <span class='ocrx_word' id='word_1_38' title='bbox 1898 585 2200 643; x_wconf 84' lang='lat' dir='ltr'><strong>Advenien-</strong></span> 
     </span>
    </p>
   </div>
   <div class='ocr_carea' id='block_1_7' title="bbox 620 677 2201 753">
    <p class='ocr_par' dir='ltr' id='par_1_7' title="bbox 620 677 2201 753">
     <span class='ocr_line' id='line_1_7' title="bbox 620 677 2201 753; baseline -0.009 -11"><span class='ocrx_word' id='word_1_39' title='bbox 620 688 767 741; x_wconf 73' lang='lat' dir='ltr'><strong>tibus</strong></span> <span class='ocrx_word' id='word_1_40' title='bbox 792 687 971 753; x_wconf 77' lang='lat' dir='ltr'><strong>itaque</strong></span> <span class='ocrx_word' id='word_1_41' title='bbox 999 683 1172 738; x_wconf 88' lang='lat' dir='ltr'><strong>sacris</strong></span> <span class='ocrx_word' id='word_1_42' title='bbox 1194 681 1531 752; x_wconf 80' lang='lat' dir='ltr'><strong>pignoribus,</strong></span> <span class='ocrx_word' id='word_1_43' title='bbox 1569 678 1728 749; x_wconf 81' lang='lat'><strong>513</strong></span> <span class='ocrx_word' id='word_1_44' title='bbox 1760 677 1887 730; x_wconf 92' lang='lat' dir='ltr'><strong>dum</strong></span> <span class='ocrx_word' id='word_1_45' title='bbox 1929 683 2051 745; x_wconf 89' lang='lat' dir='ltr'><strong>post</strong></span> <span class='ocrx_word' id='word_1_46' title='bbox 2087 688 2201 729; x_wconf 88' lang='lat' dir='ltr'><strong>ser-</strong></span> 
     </span>
    </p>
   </div>
   <div class='ocr_carea' id='block_1_8' title="bbox 619 764 2198 829">
    <p class='ocr_par' dir='ltr' id='par_1_8' title="bbox 619 764 2198 829">
     <span class='ocr_line' id='line_1_8' title="bbox 619 764 2198 829; baseline -0.008 0"><span class='ocrx_word' id='word_1_47' title='bbox 619 789 836 829; x_wconf 85' lang='lat' dir='ltr'><strong>monem</strong></span> <span class='ocrx_word' id='word_1_48' title='bbox 879 774 1123 828; x_wconf 88' lang='lat' dir='ltr'><strong>habitum</strong></span> <span class='ocrx_word' id='word_1_49' title='bbox 1162 786 1284 827; x_wconf 91' lang='lat' dir='ltr'><strong>cum</strong></span> <span class='ocrx_word' id='word_1_50' title='bbox 1317 772 1530 826; x_wconf 66' lang='lat' dir='ltr'><strong>caneris</strong></span> <span class='ocrx_word' id='word_1_51' title='bbox 1584 766 1904 824; x_wconf 86' lang='lat' dir='ltr'><strong>mulieribus</strong></span> <span class='ocrx_word' id='word_1_52' title='bbox 1952 764 2198 819; x_wconf 89' lang='lat' dir='ltr'><strong>oblatura</strong></span> 
     </span>
    </p>
   </div>
   <div class='ocr_carea' id='block_1_9' title="bbox 618 855 2199 930">
    <p class='ocr_par' dir='ltr' id='par_1_9' title="bbox 618 855 2199 930">
     <span class='ocr_line' id='line_1_9' title="bbox 618 855 2199 930; baseline -0.009 -9"><span class='ocrx_word' id='word_1_53' title='bbox 618 866 1026 930; x_wconf 85' lang='lat' dir='ltr'><strong>venisset,cum</strong></span> <span class='ocrx_word' id='word_1_54' title='bbox 1064 876 1285 917; x_wconf 90' lang='lat' dir='ltr'><strong>manum</strong></span> <span class='ocrx_word' id='word_1_55' title='bbox 1334 860 1652 916; x_wconf 84' lang='lat' dir='ltr'><strong>tetendisset</strong></span> <span class='ocrx_word' id='word_1_56' title='bbox 1704 857 1771 911; x_wconf 90' lang='lat' dir='ltr'><strong>ad</strong></span> <span class='ocrx_word' id='word_1_57' title='bbox 1813 855 2067 924; x_wconf 79' lang='lat' dir='ltr'><strong>reliquias</strong></span> <span class='ocrx_word' id='word_1_58' title='bbox 2112 869 2199 907; x_wconf 88' lang='lat' dir='ltr'><strong>ar-</strong></span> 
     </span>
    </p>
   </div>
   <div class='ocr_carea' id='block_1_10' title="bbox 618 946 2195 1025">
    <p class='ocr_par' dir='ltr' id='par_1_10' title="bbox 618 946 2195 1025">
     <span class='ocr_line' id='line_1_10' title="bbox 618 946 2195 1025; baseline -0.005 -16"><span class='ocrx_word' id='word_1_59' title='bbox 618 965 844 1025; x_wconf 87' lang='lat' dir='ltr'><strong>gentum</strong></span> <span class='ocrx_word' id='word_1_60' title='bbox 872 954 1184 1025; x_wconf 81' lang='lat' dir='ltr'><strong>depositura</strong></span> <span class='ocrx_word' id='word_1_61' title='bbox 1214 952 1361 1023; x_wconf 90' lang='lat' dir='ltr'><strong>quod</strong></span> <span class='ocrx_word' id='word_1_62' title='bbox 1409 951 1639 1015; x_wconf 86' lang='lat' dir='ltr'><strong>tulerat,</strong></span> <span class='ocrx_word' id='word_1_63' title='bbox 1680 947 1892 1017; x_wconf 85' lang='lat' dir='ltr'><strong>crepuit</strong></span> <span class='ocrx_word' id='word_1_64' title='bbox 1946 946 2195 1010; x_wconf 89' lang='lat' dir='ltr'><strong>annulus,</strong></span> 
     </span>
    </p>
   </div>
   <div class='ocr_carea' id='block_1_11' title="bbox 615 1040 2197 1117">
    <p class='ocr_par' dir='ltr' id='par_1_11' title="bbox 615 1040 2197 1117">
     <span class='ocr_line' id='line_1_11' title="bbox 615 1040 2197 1117; baseline -0.006 -14"><span class='ocrx_word' id='word_1_65' title='bbox 615 1058 665 1103; x_wconf 83' lang='lat' dir='ltr'><strong>et</strong></span> <span class='ocrx_word' id='word_1_66' title='bbox 701 1049 801 1103; x_wconf 87' lang='lat' dir='ltr'><strong>sub</strong></span> <span class='ocrx_word' id='word_1_67' title='bbox 827 1062 989 1102; x_wconf 89' lang='lat' dir='ltr'><strong>manu</strong></span> <span class='ocrx_word' id='word_1_68' title='bbox 1016 1046 1184 1117; x_wconf 86' lang='lat' dir='ltr'><strong>ipsius</strong></span> <span class='ocrx_word' id='word_1_69' title='bbox 1208 1052 1334 1099; x_wconf 84' lang='lat' dir='ltr'><strong>ante</strong></span> <span class='ocrx_word' id='word_1_70' title='bbox 1363 1052 1551 1098; x_wconf 87' lang='lat' dir='ltr'><strong>sancta</strong></span> <span class='ocrx_word' id='word_1_71' title='bbox 1579 1040 1885 1098; x_wconf 87' lang='lat' dir='ltr'><strong>collabitur.</strong></span> <span class='ocrx_word' id='word_1_72' title='bbox 1936 1040 2053 1107; x_wconf 80' lang='lat' dir='ltr'><strong>Quo</strong></span> <span class='ocrx_word' id='word_1_73' title='bbox 2081 1040 2197 1093; x_wconf 90' lang='lat' dir='ltr'><strong>viso</strong></span> 
     </span>
    </p>
   </div>
   <div class='ocr_carea' id='block_1_12' title="bbox 617 1124 2195 1206">
    <p class='ocr_par' dir='ltr' id='par_1_12' title="bbox 617 1124 2195 1206">
     <span class='ocr_line' id='line_1_12' title="bbox 617 1124 2195 1206; baseline -0.005 -20"><span class='ocrx_word' id='word_1_74' title='bbox 617 1135 874 1206; x_wconf 82' lang='lat' dir='ltr'><strong>populus,</strong></span> <span class='ocrx_word' id='word_1_75' title='bbox 906 1143 963 1189; x_wconf 90' lang='lat' dir='ltr'><strong>et</strong></span> <span class='ocrx_word' id='word_1_76' title='bbox 986 1132 1224 1189; x_wconf 85' lang='lat' dir='ltr'><strong>maxime</strong></span> <span class='ocrx_word' id='word_1_77' title='bbox 1246 1130 1521 1192; x_wconf 89' lang='lat' dir='ltr'><strong>mulieres,</strong></span> <span class='ocrx_word' id='word_1_78' title='bbox 1551 1126 1693 1197; x_wconf 80' lang='lat' dir='ltr'><strong>quod</strong></span> <span class='ocrx_word' id='word_1_79' title='bbox 1722 1134 1927 1179; x_wconf 84' lang='lat' dir='ltr'><strong>tantam</strong></span> <span class='ocrx_word' id='word_1_80' title='bbox 1966 1124 2195 1195; x_wconf 79' lang='lat' dir='ltr'><strong>gratiam</strong></span> 
     </span>
    </p>
   </div>
   <div class='ocr_carea' id='block_1_13' title="bbox 617 1217 2196 1297">
    <p class='ocr_par' dir='ltr' id='par_1_13' title="bbox 617 1217 2196 1297">
     <span class='ocr_line' id='line_1_13' title="bbox 617 1217 2196 1297; baseline -0.009 -14"><span class='ocrx_word' id='word_1_81' title='bbox 617 1229 790 1284; x_wconf 75' lang='lat' dir='ltr'><strong>Mater</strong></span> <span class='ocrx_word' id='word_1_82' title='bbox 815 1226 975 1297; x_wconf 78' lang='lat' dir='ltr'><strong>Virgo</strong></span> <span class='ocrx_word' id='word_1_83' title='bbox 1020 1224 1231 1281; x_wconf 77' lang='lat' dir='ltr'><strong>feminae</strong></span> <span class='ocrx_word' id='word_1_84' title='bbox 1254 1223 1329 1277; x_wconf 86' lang='lat' dir='ltr'><strong>illi</strong></span> <span class='ocrx_word' id='word_1_85' title='bbox 1366 1220 1690 1280; x_wconf 88' lang='lat' dir='ltr'><strong>contulerat,</strong></span> <span class='ocrx_word' id='word_1_86' title='bbox 1732 1218 1874 1287; x_wconf 90' lang='lat' dir='ltr'><strong>quod</strong></span> <span class='ocrx_word' id='word_1_87' title='bbox 1896 1218 2058 1271; x_wconf 88' lang='lat' dir='ltr'><strong>etiam</strong></span> <span class='ocrx_word' id='word_1_88' title='bbox 2082 1217 2196 1285; x_wconf 88' lang='lat' dir='ltr'><strong>ipsa</strong></span> 
     </span>
    </p>
   </div>
   <div class='ocr_carea' id='block_1_14' title="bbox 617 1306 2194 1388">
    <p class='ocr_par' dir='ltr' id='par_1_14' title="bbox 617 1306 2194 1388">
     <span class='ocr_line' id='line_1_14' title="bbox 617 1306 2194 1388; baseline -0.01 -16"><span class='ocrx_word' id='word_1_89' title='bbox 617 1327 805 1388; x_wconf 82' lang='lat' dir='ltr'><strong>petere</strong></span> <span class='ocrx_word' id='word_1_90' title='bbox 835 1331 939 1371; x_wconf 94' lang='lat' dir='ltr'><strong>non</strong></span> <span class='ocrx_word' id='word_1_91' title='bbox 967 1315 1218 1379; x_wconf 83' lang='lat' dir='ltr'><strong>audebat,</strong></span> <span class='ocrx_word' id='word_1_92' title='bbox 1240 1312 1345 1366; x_wconf 93' lang='lat' dir='ltr'><strong>dici</strong></span> <span class='ocrx_word' id='word_1_93' title='bbox 1378 1325 1482 1365; x_wconf 92' lang='lat' dir='ltr'><strong>non</strong></span> <span class='ocrx_word' id='word_1_94' title='bbox 1506 1317 1684 1379; x_wconf 88' lang='lat' dir='ltr'><strong>potest</strong></span> <span class='ocrx_word' id='word_1_95' title='bbox 1711 1306 1838 1376; x_wconf 91' lang='lat' dir='ltr'><strong>quid</strong></span> <span class='ocrx_word' id='word_1_96' title='bbox 1854 1318 2194 1360; x_wconf 87' lang='lat' dir='ltr'><strong>nummorum</strong></span> 
     </span>
    </p>
   </div>
   <div class='ocr_carea' id='block_1_15' title="bbox 620 1395 2196 1477">
    <p class='ocr_par' dir='ltr' id='par_1_15' title="bbox 620 1395 2196 1477">
     <span class='ocr_line' id='line_1_15' title="bbox 620 1395 2196 1477; baseline -0.008 -18"><span class='ocrx_word' id='word_1_97' title='bbox 620 1406 870 1477; x_wconf 83' lang='lat' dir='ltr'><strong>populus,</strong></span> <span class='ocrx_word' id='word_1_98' title='bbox 904 1403 1030 1473; x_wconf 90' lang='lat' dir='ltr'><strong>quid</strong></span> <span class='ocrx_word' id='word_1_99' title='bbox 1056 1401 1402 1471; x_wconf 90' lang='lat' dir='ltr'><strong>potissimum</strong></span> <span class='ocrx_word' id='word_1_100' title='bbox 1426 1397 1641 1452; x_wconf 79' lang='lat' dir='ltr'><strong>feminae</strong></span> <span class='ocrx_word' id='word_1_101' title='bbox 1667 1395 1972 1458; x_wconf 90' lang='lat' dir='ltr'><strong>monilium,</strong></span> <span class='ocrx_word' id='word_1_102' title='bbox 2025 1408 2196 1449; x_wconf 83' lang='lat' dir='ltr'><strong>annu-</strong></span> 
     </span>
    </p>
   </div>
   <div class='ocr_carea' id='block_1_16' title="bbox 612 1488 2193 1570">
    <p class='ocr_par' dir='ltr' id='par_1_16' title="bbox 612 1488 2193 1570">
     <span class='ocr_line' id='line_1_16' title="bbox 612 1488 2193 1570; baseline -0.011 -13"><span class='ocrx_word' id='word_1_103' title='bbox 612 1507 905 1570; x_wconf 76' lang='lat' dir='ltr'><strong>torumque</strong></span> <span class='ocrx_word' id='word_1_104' title='bbox 954 1496 1307 1554; x_wconf 85' lang='lat' dir='ltr'><strong>contulerint.</strong></span> <span class='ocrx_word' id='word_1_105' title='bbox 1339 1494 1521 1564; x_wconf 86' lang='lat' dir='ltr'><strong>Pagus</strong></span> <span class='ocrx_word' id='word_1_106' title='bbox 1550 1489 1886 1545; x_wconf 88' lang='lat' dir='ltr'><strong>Turconicus</strong></span> <span class='ocrx_word' id='word_1_107' title='bbox 1933 1488 2193 1541; x_wconf 89' lang='lat' dir='ltr'><strong>virtutum</strong></span> 
     </span>
    </p>
   </div>
   <div class='ocr_carea' id='block_1_17' title="bbox 612 1576 2195 1651">
    <p class='ocr_par' dir='ltr' id='par_1_17' title="bbox 612 1576 2195 1651">
     <span class='ocr_line' id='line_1_17' title="bbox 612 1576 2195 1651; baseline -0.011 -5"><span class='ocrx_word' id='word_1_108' title='bbox 612 1589 920 1647; x_wconf 78' lang='lat' dir='ltr'><strong>communis</strong></span> <span class='ocrx_word' id='word_1_109' title='bbox 940 1587 1183 1641; x_wconf 88' lang='lat' dir='ltr'><strong>omnium</strong></span> <span class='ocrx_word' id='word_1_110' title='bbox 1206 1584 1449 1639; x_wconf 74' lang='lat' dir='ltr'><strong>Dominae</strong></span> <span class='ocrx_word' id='word_1_111' title='bbox 1474 1579 1871 1651; x_wconf 83' lang='lat' dir='ltr'><strong>jucundabatur</strong></span> <span class='ocrx_word' id='word_1_112' title='bbox 1890 1576 2059 1631; x_wconf 87' lang='lat' dir='ltr'><strong>odore</strong></span> <span class='ocrx_word' id='word_1_113' title='bbox 2082 1589 2195 1629; x_wconf 82' lang='lat' dir='ltr'><strong>res-</strong></span> 
     </span>
    </p>
   </div>
   <div class='ocr_carea' id='block_1_18' title="bbox 610 1663 2190 1752">
    <p class='ocr_par' dir='ltr' id='par_1_18' title="bbox 610 1663 2190 1752">
     <span class='ocr_line' id='line_1_18' title="bbox 610 1663 2190 1752; baseline -0.01 -15"><span class='ocrx_word' id='word_1_114' title='bbox 610 1696 840 1752; x_wconf 87' lang='lat' dir='ltr'><strong>persus;</strong></span> <span class='ocrx_word' id='word_1_115' title='bbox 872 1689 929 1733; x_wconf 91' lang='lat' dir='ltr'><strong>at</strong></span> <span class='ocrx_word' id='word_1_116' title='bbox 957 1691 1087 1733; x_wconf 88' lang='lat' dir='ltr'><strong>vero</strong></span> <span class='ocrx_word' id='word_1_117' title='bbox 1122 1671 1530 1743; x_wconf 79' lang='lat' dir='ltr'><strong>Andegavensis</strong></span> <span class='ocrx_word' id='word_1_118' title='bbox 1549 1667 1838 1739; x_wconf 79' lang='lat' dir='ltr'><strong>iactitabat</strong></span> <span class='ocrx_word' id='word_1_119' title='bbox 1865 1680 1927 1723; x_wconf 90' lang='lat' dir='ltr'><strong>se</strong></span> <span class='ocrx_word' id='word_1_120' title='bbox 1955 1665 2053 1720; x_wconf 88' lang='lat' dir='ltr'><strong>Dei</strong></span> <span class='ocrx_word' id='word_1_121' title='bbox 2082 1663 2190 1721; x_wconf 84' lang='lat' dir='ltr'><strong>Ge-</strong></span> 
     </span>
    </p>
   </div>
   <div class='ocr_carea' id='block_1_19' title="bbox 610 1762 1540 1835">
    <p class='ocr_par' dir='ltr' id='par_1_19' title="bbox 610 1762 1540 1835">
     <span class='ocr_line' id='line_1_19' title="bbox 610 1762 1540 1835; baseline -0.01 -10"><span class='ocrx_word' id='word_1_122' title='bbox 610 1771 867 1826; x_wconf 89' lang='lat' dir='ltr'><strong>nitricem</strong></span> <span class='ocrx_word' id='word_1_123' title='bbox 894 1769 1099 1823; x_wconf 82' lang='lat' dir='ltr'><strong>habere</strong></span> <span class='ocrx_word' id='word_1_124' title='bbox 1126 1779 1240 1835; x_wconf 77' lang='lat' dir='ltr'><strong>prae</strong></span> <span class='ocrx_word' id='word_1_125' title='bbox 1266 1762 1540 1818; x_wconf 89' lang='lat' dir='ltr'><strong>manibus.</strong></span> 
     </span>
    </p>
   </div>
   <div class='ocr_carea' id='block_1_20' title="bbox 688 1846 2193 1922">
    <p class='ocr_par' dir='ltr' id='par_1_20' title="bbox 688 1846 2193 1922">
     <span class='ocr_line' id='line_1_20' title="bbox 688 1846 2193 1922; baseline -0.009 -9"><span class='ocrx_word' id='word_1_126' title='bbox 688 1858 1008 1914; x_wconf 74' lang='lat' dir='ltr'><strong>lilii-aculam</strong></span> <span class='ocrx_word' id='word_1_127' title='bbox 1031 1856 1086 1910; x_wconf 75' lang='grc'><strong>5.</strong></span> <span class='ocrx_word' id='word_1_128' title='bbox 1120 1853 1314 1910; x_wconf 78' lang='lat' dir='ltr'><strong>Mulier</strong></span> <span class='ocrx_word' id='word_1_129' title='bbox 1346 1855 1540 1907; x_wconf 83' lang='lat' dir='ltr'><strong>hausta</strong></span> <span class='ocrx_word' id='word_1_130' title='bbox 1567 1867 1752 1922; x_wconf 87' lang='lat' dir='ltr'><strong>aquaa</strong></span> <span class='ocrx_word' id='word_1_131' title='bbox 1772 1848 1935 1905; x_wconf 80' lang='lat' dir='ltr'><strong>sacris</strong></span> <span class='ocrx_word' id='word_1_132' title='bbox 1958 1846 2193 1919; x_wconf 78' lang='lat' dir='ltr'><strong>reliquiis</strong></span> 
     </span>
    </p>
   </div>
   <div class='ocr_carea' id='block_1_21' title="bbox 613 1940 2193 2017">
    <p class='ocr_par' dir='ltr' id='par_1_21' title="bbox 613 1940 2193 2017">
     <span class='ocr_line' id='line_1_21' title="bbox 613 1940 2193 2017; baseline -0.009 -8"><span class='ocrx_word' id='word_1_133' title='bbox 613 1964 776 2017; x_wconf 80' lang='lat' dir='ltr'><strong>tacta,</strong></span> <span class='ocrx_word' id='word_1_134' title='bbox 799 1951 1077 2008; x_wconf 81' lang='lat' dir='ltr'><strong>convaluit.</strong></span> <span class='ocrx_word' id='word_1_135' title='bbox 1112 1975 1183 1989; x_wconf 90' lang='lat'><em>--</em></span> <span class='ocrx_word' id='word_1_136' title='bbox 1212 1947 1378 2013; x_wconf 80' lang='lat' dir='ltr'><strong>Alias,</strong></span> <span class='ocrx_word' id='word_1_137' title='bbox 1410 1947 1505 2002; x_wconf 86' lang='lat' dir='ltr'><strong>sed</strong></span> <span class='ocrx_word' id='word_1_138' title='bbox 1549 1960 1655 2016; x_wconf 90' lang='lat' dir='ltr'><strong>quo</strong></span> <span class='ocrx_word' id='word_1_139' title='bbox 1688 1943 1747 2001; x_wconf 87' lang='lat' dir='ltr'><strong>id</strong></span> <span class='ocrx_word' id='word_1_140' title='bbox 1786 1954 1964 2000; x_wconf 87' lang='lat' dir='ltr'><strong>actum</strong></span> <span class='ocrx_word' id='word_1_141' title='bbox 1997 1940 2069 1997; x_wconf 93' lang='lat' dir='ltr'><strong>sit</strong></span> <span class='ocrx_word' id='word_1_142' title='bbox 2093 1956 2193 2011; x_wconf 82' lang='lat' dir='ltr'><strong>op-</strong></span> 
     </span>
    </p>
   </div>
   <div class='ocr_carea' id='block_1_22' title="bbox 608 2034 2193 2116">
    <p class='ocr_par' dir='ltr' id='par_1_22' title="bbox 608 2034 2193 2116">
     <span class='ocr_line' id='line_1_22' title="bbox 608 2034 2193 2116; baseline -0.008 -17"><span class='ocrx_word' id='word_1_143' title='bbox 608 2046 739 2116; x_wconf 85' lang='lat' dir='ltr'><strong>pido</strong></span> <span class='ocrx_word' id='word_1_144' title='bbox 766 2043 925 2113; x_wconf 89' lang='lat' dir='ltr'><strong>plane</strong></span> <span class='ocrx_word' id='word_1_145' title='bbox 954 2041 1259 2110; x_wconf 78' lang='lat' dir='ltr'><strong>exprimere</strong></span> <span class='ocrx_word' id='word_1_146' title='bbox 1279 2054 1384 2094; x_wconf 93' lang='lat' dir='ltr'><strong>non</strong></span> <span class='ocrx_word' id='word_1_147' title='bbox 1426 2052 1663 2107; x_wconf 90' lang='lat' dir='ltr'><strong>possum,</strong></span> <span class='ocrx_word' id='word_1_148' title='bbox 1701 2036 1753 2090; x_wconf 93' lang='lat' dir='ltr'><strong>in</strong></span> <span class='ocrx_word' id='word_1_149' title='bbox 1796 2034 1985 2090; x_wconf 90' lang='lat' dir='ltr'><strong>eadem</strong></span> <span class='ocrx_word' id='word_1_150' title='bbox 2012 2041 2193 2088; x_wconf 76' lang='lat' dir='ltr'><strong>tamen</strong></span> 
     </span>
    </p>
   </div>
   <div class='ocr_carea' id='block_1_23' title="bbox 609 2123 2195 2201">
    <p class='ocr_par' dir='ltr' id='par_1_23' title="bbox 609 2123 2195 2201">
     <span class='ocr_line' id='line_1_23' title="bbox 609 2123 2195 2201; baseline -0.009 -9"><span class='ocrx_word' id='word_1_151' title='bbox 609 2136 857 2201; x_wconf 66' lang='lat' dir='ltr'><strong>dioecesi,</strong></span> <span class='ocrx_word' id='word_1_152' title='bbox 891 2135 957 2188; x_wconf 88' lang='lat' dir='ltr'><strong>ad</strong></span> <span class='ocrx_word' id='word_1_153' title='bbox 985 2133 1274 2201; x_wconf 80' lang='lat' dir='ltr'><strong>quamdam</strong></span> <span class='ocrx_word' id='word_1_154' title='bbox 1308 2131 1585 2184; x_wconf 84' lang='lat' dir='ltr'><strong>honestam</strong></span> <span class='ocrx_word' id='word_1_155' title='bbox 1638 2127 1913 2193; x_wconf 82' lang='lat' dir='ltr'><strong>feminam,</strong></span> <span class='ocrx_word' id='word_1_156' title='bbox 1953 2123 2195 2180; x_wconf 85' lang='lat' dir='ltr'><strong>diutissi—</strong></span> 
     </span>
    </p>
   </div>
   <div class='ocr_carea' id='block_1_24' title="bbox 608 2216 2192 2292">
    <p class='ocr_par' dir='ltr' id='par_1_24' title="bbox 608 2216 2192 2292">
     <span class='ocr_line' id='line_1_24' title="bbox 608 2216 2192 2292; baseline -0.011 -7"><span class='ocrx_word' id='word_1_157' title='bbox 608 2243 698 2285; x_wconf 88' lang='lat' dir='ltr'><strong>ma</strong></span> <span class='ocrx_word' id='word_1_158' title='bbox 729 2242 831 2283; x_wconf 90' lang='lat' dir='ltr'><strong>nec</strong></span> <span class='ocrx_word' id='word_1_159' title='bbox 868 2226 1046 2281; x_wconf 89' lang='lat' dir='ltr'><strong>minus</strong></span> <span class='ocrx_word' id='word_1_160' title='bbox 1079 2224 1365 2292; x_wconf 87' lang='lat' dir='ltr'><strong>desperata</strong></span> <span class='ocrx_word' id='word_1_161' title='bbox 1410 2220 1726 2275; x_wconf 79' lang='lat' dir='ltr'><strong>inﬁrmitate</strong></span> <span class='ocrx_word' id='word_1_162' title='bbox 1747 2218 2045 2282; x_wconf 87' lang='lat' dir='ltr'><strong>detentam,</strong></span> <span class='ocrx_word' id='word_1_163' title='bbox 2077 2216 2192 2285; x_wconf 84' lang='lat' dir='ltr'><strong>ipsa</strong></span> 
     </span>
    </p>
   </div>
   <div class='ocr_carea' id='block_1_25' title="bbox 604 2307 2190 2387">
    <p class='ocr_par' dir='ltr' id='par_1_25' title="bbox 604 2307 2190 2387">
     <span class='ocr_line' id='line_1_25' title="bbox 604 2307 2190 2387; baseline -0.008 -13"><span class='ocrx_word' id='word_1_164' title='bbox 604 2331 952 2387; x_wconf 83' lang='lat' dir='ltr'><strong>summopere</strong></span> <span class='ocrx_word' id='word_1_165' title='bbox 981 2322 1221 2386; x_wconf 87' lang='lat' dir='ltr'><strong>petente,</strong></span> <span class='ocrx_word' id='word_1_166' title='bbox 1253 2311 1497 2382; x_wconf 66' lang='lat' dir='ltr'><strong>reliquiae</strong></span> <span class='ocrx_word' id='word_1_167' title='bbox 1522 2310 1713 2366; x_wconf 67' lang='lat' dir='ltr'><strong>delata:</strong></span> <span class='ocrx_word' id='word_1_168' title='bbox 1751 2317 1877 2364; x_wconf 88' lang='lat' dir='ltr'><strong>sunt</strong></span> <span class='ocrx_word' id='word_1_169' title='bbox 1902 2324 1931 2363; x_wconf 89' lang='lat' dir='ltr'><strong>a</strong></span> <span class='ocrx_word' id='word_1_170' title='bbox 1956 2307 2190 2363; x_wconf 89' lang='lat' dir='ltr'><strong>clericis.</strong></span> 
     </span>
    </p>
   </div>
   <div class='ocr_carea' id='block_1_26' title="bbox 598 2396 2192 2473">
    <p class='ocr_par' dir='ltr' id='par_1_26' title="bbox 598 2396 2192 2473">
     <span class='ocr_line' id='line_1_26' title="bbox 598 2396 2192 2473; baseline -0.006 -11"><span class='ocrx_word' id='word_1_171' title='bbox 598 2406 760 2473; x_wconf 63' lang='lat' dir='ltr'><strong>tQuas</strong></span> <span class='ocrx_word' id='word_1_172' title='bbox 784 2422 905 2461; x_wconf 85' lang='lat' dir='ltr'><strong>cum</strong></span> <span class='ocrx_word' id='word_1_173' title='bbox 932 2405 1032 2460; x_wconf 82' lang='lat' dir='ltr'><strong>illa</strong></span> <span class='ocrx_word' id='word_1_174' title='bbox 1050 2402 1474 2473; x_wconf 70' lang='lat' dir='ltr'><strong>praecordialiter</strong></span> <span class='ocrx_word' id='word_1_175' title='bbox 1498 2410 1747 2455; x_wconf 89' lang='lat' dir='ltr'><strong>venerata</strong></span> <span class='ocrx_word' id='word_1_176' title='bbox 1771 2398 1981 2461; x_wconf 80' lang='lat' dir='ltr'><strong>fuisset,</strong></span> <span class='ocrx_word' id='word_1_177' title='bbox 1997 2396 2192 2453; x_wconf 83' lang='lat' dir='ltr'><strong>sacris-</strong></span> 
     </span>
    </p>
   </div>
   <div class='ocr_carea' id='block_1_27' title="bbox 609 2486 2189 2566">
    <p class='ocr_par' dir='ltr' id='par_1_27' title="bbox 609 2486 2189 2566">
     <span class='ocr_line' id='line_1_27' title="bbox 609 2486 2189 2566; baseline -0.008 -16"><span class='ocrx_word' id='word_1_178' title='bbox 609 2512 718 2566; x_wconf 86' lang='lat' dir='ltr'><strong>que</strong></span> <span class='ocrx_word' id='word_1_179' title='bbox 746 2496 891 2550; x_wconf 90' lang='lat' dir='ltr'><strong>unde</strong></span> <span class='ocrx_word' id='word_1_180' title='bbox 923 2494 1105 2548; x_wconf 81' lang='lat' dir='ltr'><strong>dilutae</strong></span> <span class='ocrx_word' id='word_1_181' title='bbox 1140 2492 1356 2546; x_wconf 89' lang='lat' dir='ltr'><strong>fuerant</strong></span> <span class='ocrx_word' id='word_1_182' title='bbox 1393 2499 1575 2560; x_wconf 89' lang='lat' dir='ltr'><strong>potata</strong></span> <span class='ocrx_word' id='word_1_183' title='bbox 1618 2486 1870 2543; x_wconf 90' lang='lat' dir='ltr'><strong>laticibus</strong></span> <span class='ocrx_word' id='word_1_184' title='bbox 1905 2501 2004 2540; x_wconf 90' lang='lat' dir='ltr'><strong>nec</strong></span> <span class='ocrx_word' id='word_1_185' title='bbox 2038 2499 2189 2539; x_wconf 89' lang='lat' dir='ltr'><strong>mora</strong></span> 
     </span>
    </p>
   </div>
   <div class='ocr_carea' id='block_1_28' title="bbox 588 2576 2192 2648">
    <p class='ocr_par' dir='ltr' id='par_1_28' title="bbox 588 2576 2192 2648">
     <span class='ocr_line' id='line_1_28' title="bbox 588 2576 2192 2648; baseline -0.007 -7"><span class='ocrx_word' id='word_1_186' title='bbox 588 2585 781 2641; x_wconf 64' lang='lat' dir='ltr'><strong>Maria</strong></span> <span class='ocrx_word' id='word_1_187' title='bbox 812 2582 1117 2639; x_wconf 85' lang='lat' dir='ltr'><strong>medicante</strong></span> <span class='ocrx_word' id='word_1_188' title='bbox 1143 2579 1433 2637; x_wconf 84' lang='lat' dir='ltr'><strong>convaluit.</strong></span> <span class='ocrx_word' id='word_1_189' title='bbox 1464 2578 1705 2648; x_wconf 89' lang='lat' dir='ltr'><strong>Cumque</strong></span> <span class='ocrx_word' id='word_1_190' title='bbox 1734 2592 1887 2633; x_wconf 91' lang='lat' dir='ltr'><strong>sacra</strong></span> <span class='ocrx_word' id='word_1_191' title='bbox 1922 2576 2016 2631; x_wconf 90' lang='lat' dir='ltr'><strong>Dei</strong></span> <span class='ocrx_word' id='word_1_192' title='bbox 2039 2576 2192 2631; x_wconf 90' lang='lat' dir='ltr'><strong>debi-</strong></span> 
     </span>
    </p>
   </div>
   <div class='ocr_carea' id='block_1_29' title="bbox 610 2668 2189 2737">
    <p class='ocr_par' dir='ltr' id='par_1_29' title="bbox 610 2668 2189 2737">
     <span class='ocr_line' id='line_1_29' title="bbox 610 2668 2189 2737; baseline -0.007 -7"><span class='ocrx_word' id='word_1_193' title='bbox 610 2675 683 2730; x_wconf 85' lang='lat' dir='ltr'><strong>tis</strong></span> <span class='ocrx_word' id='word_1_194' title='bbox 733 2672 1049 2728; x_wconf 83' lang='lat' dir='ltr'><strong>muneribus</strong></span> <span class='ocrx_word' id='word_1_195' title='bbox 1107 2672 1445 2735; x_wconf 87' lang='lat' dir='ltr'><strong>bonorasset,</strong></span> <span class='ocrx_word' id='word_1_196' title='bbox 1494 2678 1549 2723; x_wconf 91' lang='lat' dir='ltr'><strong>et</strong></span> <span class='ocrx_word' id='word_1_197' title='bbox 1605 2668 1839 2737; x_wconf 86' lang='lat' dir='ltr'><strong>portitor</strong></span> <span class='ocrx_word' id='word_1_198' title='bbox 1904 2680 2189 2723; x_wconf 88' lang='lat' dir='ltr'><strong>sacrorum</strong></span> 
     </span>
    </p>
   </div>
   <div class='ocr_carea' id='block_1_30' title="bbox 604 2760 2190 2835">
    <p class='ocr_par' dir='ltr' id='par_1_30' title="bbox 604 2760 2190 2835">
     <span class='ocr_line' id='line_1_30' title="bbox 604 2760 2190 2835; baseline -0.006 -15"><span class='ocrx_word' id='word_1_199' title='bbox 604 2764 801 2835; x_wconf 77' lang='lat' dir='ltr'><strong>pedem</strong></span> <span class='ocrx_word' id='word_1_200' title='bbox 831 2778 859 2816; x_wconf 87' lang='lat' dir='ltr'><strong>a</strong></span> <span class='ocrx_word' id='word_1_201' title='bbox 892 2761 1086 2817; x_wconf 89' lang='lat' dir='ltr'><strong>domus</strong></span> <span class='ocrx_word' id='word_1_202' title='bbox 1114 2761 1302 2815; x_wconf 91' lang='lat' dir='ltr'><strong>limine</strong></span> <span class='ocrx_word' id='word_1_203' title='bbox 1331 2760 1675 2827; x_wconf 77' lang='lat' dir='ltr'><strong>excessisset,</strong></span> <span class='ocrx_word' id='word_1_204' title='bbox 1713 2772 1842 2812; x_wconf 91' lang='lat' dir='ltr'><strong>ecce</strong></span> <span class='ocrx_word' id='word_1_205' title='bbox 1886 2771 2019 2826; x_wconf 91' lang='lat' dir='ltr'><strong>puer</strong></span> <span class='ocrx_word' id='word_1_206' title='bbox 2051 2770 2190 2825; x_wconf 90' lang='lat' dir='ltr'><strong>equo</strong></span> 
     </span>
    </p>
   </div>
   <div class='ocr_carea' id='block_1_31' title="bbox 600 2844 2187 2919">
    <p class='ocr_par' dir='ltr' id='par_1_31' title="bbox 600 2844 2187 2919">
     <span class='ocr_line' id='line_1_31' title="bbox 600 2844 2187 2919; baseline -0.009 -9"><span class='ocrx_word' id='word_1_207' title='bbox 600 2854 874 2916; x_wconf 78' lang='lat' dir='ltr'><strong>insidens,</strong></span> <span class='ocrx_word' id='word_1_208' title='bbox 934 2852 1266 2919; x_wconf 90' lang='lat' dir='ltr'><strong>rhedamque</strong></span> <span class='ocrx_word' id='word_1_209' title='bbox 1320 2848 1567 2913; x_wconf 89' lang='lat' dir='ltr'><strong>trahens,</strong></span> <span class='ocrx_word' id='word_1_210' title='bbox 1621 2844 1887 2915; x_wconf 86' lang='lat' dir='ltr'><strong>angiporti</strong></span> <span class='ocrx_word' id='word_1_211' title='bbox 1927 2844 2187 2911; x_wconf 89' lang='lat' dir='ltr'><strong>medium,</strong></span> 
     </span>
    </p>
   </div>
   <div class='ocr_carea' id='block_1_32' title="bbox 609 2936 2188 3015">
    <p class='ocr_par' dir='ltr' id='par_1_32' title="bbox 609 2936 2188 3015">
     <span class='ocr_line' id='line_1_32' title="bbox 609 2936 2188 3015; baseline -0.006 -16"><span class='ocrx_word' id='word_1_212' title='bbox 609 2961 704 3015; x_wconf 85' lang='lat' dir='ltr'><strong>per</strong></span> <span class='ocrx_word' id='word_1_213' title='bbox 744 2944 885 3014; x_wconf 89' lang='lat' dir='ltr'><strong>quod</strong></span> <span class='ocrx_word' id='word_1_214' title='bbox 917 2943 1250 2997; x_wconf 88' lang='lat' dir='ltr'><strong>transiturus</strong></span> <span class='ocrx_word' id='word_1_215' title='bbox 1287 2939 1487 3002; x_wconf 88' lang='lat' dir='ltr'><strong>fuerat,</strong></span> <span class='ocrx_word' id='word_1_216' title='bbox 1543 2937 1862 3006; x_wconf 88' lang='lat' dir='ltr'><strong>occupabat.</strong></span> <span class='ocrx_word' id='word_1_217' title='bbox 1910 2936 1989 2989; x_wconf 87' lang='lat' dir='ltr'><strong>Ad</strong></span> <span class='ocrx_word' id='word_1_218' title='bbox 2028 2950 2188 3005; x_wconf 90' lang='lat' dir='ltr'><strong>quem</strong></span> 
     </span>
    </p>
   </div>
   <div class='ocr_carea' id='block_1_33' title="bbox 2301 492 3760 573">
    <p class='ocr_par' dir='ltr' id='par_1_33' title="bbox 2301 492 3760 573">
     <span class='ocr_line' id='line_1_33' title="bbox 2301 492 3760 573; baseline 0.015 -30"><span class='ocrx_word' id='word_1_219' title='bbox 2301 492 2477 546; x_wconf 83' lang='lat' dir='ltr'><strong>valeat</strong></span> <span class='ocrx_word' id='word_1_220' title='bbox 2512 493 2693 549; x_wconf 87' lang='lat' dir='ltr'><strong>nescio</strong></span> <span class='ocrx_word' id='word_1_221' title='bbox 2724 495 2920 561; x_wconf 88' lang='lat' dir='ltr'><strong>quibus</strong></span> <span class='ocrx_word' id='word_1_222' title='bbox 2970 493 3150 547; x_wconf 78' lang='lat' dir='ltr'><strong>verbis</strong></span> <span class='ocrx_word' id='word_1_223' title='bbox 3190 493 3535 567; x_wconf 79' lang='lat' dir='ltr'><strong>interrogando</strong></span> <span class='ocrx_word' id='word_1_224' title='bbox 3565 492 3760 573; x_wconf 74' lang='lat' dir='ltr'><strong>tentatur,</strong></span> 
     </span>
    </p>
   </div>
   <div class='ocr_carea' id='block_1_34' title="bbox 2300 583 3764 663">
    <p class='ocr_par' dir='ltr' id='par_1_34' title="bbox 2300 583 3764 663">
     <span class='ocr_line' id='line_1_34' title="bbox 2300 583 3764 663; baseline 0.013 -25"><span class='ocrx_word' id='word_1_225' title='bbox 2300 583 2421 638; x_wconf 78' lang='lat' dir='ltr'><strong>Mox</strong></span> <span class='ocrx_word' id='word_1_226' title='bbox 2477 584 2566 638; x_wconf 91' lang='lat' dir='ltr'><strong>ille</strong></span> <span class='ocrx_word' id='word_1_227' title='bbox 2598 586 2784 638; x_wconf 87' lang='lat' dir='ltr'><strong>eadem</strong></span> <span class='ocrx_word' id='word_1_228' title='bbox 2831 600 2950 654; x_wconf 76' lang='lat' dir='ltr'><strong>quae</strong></span> <span class='ocrx_word' id='word_1_229' title='bbox 2984 586 3229 639; x_wconf 83' lang='lat' dir='ltr'><strong>audierat</strong></span> <span class='ocrx_word' id='word_1_230' title='bbox 3262 601 3290 640; x_wconf 88' lang='lat' dir='ltr'><strong>a</strong></span> <span class='ocrx_word' id='word_1_231' title='bbox 3328 603 3673 656; x_wconf 86' lang='lat' dir='ltr'><strong>percunctatore</strong></span> <span class='ocrx_word' id='word_1_232' title='bbox 3706 622 3764 663; x_wconf 75' lang='lat' dir='ltr'><strong>re.</strong></span> 
     </span>
    </p>
   </div>
   <div class='ocr_carea' id='block_1_35' title="bbox 2300 674 3765 752">
    <p class='ocr_par' dir='ltr' id='par_1_35' title="bbox 2300 674 3765 752">
     <span class='ocr_line' id='line_1_35' title="bbox 2300 674 3765 752; baseline 0.01 -23"><span class='ocrx_word' id='word_1_233' title='bbox 2300 675 2538 744; x_wconf 86' lang='lat' dir='ltr'><strong>spondit.</strong></span> <span class='ocrx_word' id='word_1_234' title='bbox 2588 674 2836 729; x_wconf 84' lang='lat' dir='ltr'><strong>lnlinitas</strong></span> <span class='ocrx_word' id='word_1_235' title='bbox 2884 676 3064 729; x_wconf 90' lang='lat' dir='ltr'><strong>cuncti</strong></span> <span class='ocrx_word' id='word_1_236' title='bbox 3113 676 3310 745; x_wconf 79' lang='lat' dir='ltr'><strong>glorias</strong></span> <span class='ocrx_word' id='word_1_237' title='bbox 3352 680 3400 733; x_wconf 92' lang='lat' dir='ltr'><strong>in</strong></span> <span class='ocrx_word' id='word_1_238' title='bbox 3454 685 3645 743; x_wconf 83' lang='lat' dir='ltr'><strong>sublime</strong></span> <span class='ocrx_word' id='word_1_239' title='bbox 3687 692 3765 752; x_wconf 80' lang='lat' dir='ltr'><strong>Deo</strong></span> 
     </span>
    </p>
   </div>
   <div class='ocr_carea' id='block_1_36' title="bbox 2301 766 3764 848">
    <p class='ocr_par' dir='ltr' id='par_1_36' title="bbox 2301 766 3764 848">
     <span class='ocr_line' id='line_1_36' title="bbox 2301 766 3764 848; baseline 0.012 -27"><span class='ocrx_word' id='word_1_240' title='bbox 2301 767 2555 829; x_wconf 87' lang='lat' dir='ltr'><strong>tulerunt,</strong></span> <span class='ocrx_word' id='word_1_241' title='bbox 2588 768 2711 834; x_wconf 87' lang='lat' dir='ltr'><strong>quis</strong></span> <span class='ocrx_word' id='word_1_242' title='bbox 2749 768 2892 821; x_wconf 88' lang='lat' dir='ltr'><strong>dicat</strong></span> <span class='ocrx_word' id='word_1_243' title='bbox 2915 766 3162 835; x_wconf 79' lang='lat' dir='ltr'><strong>jubilos?</strong></span> <span class='ocrx_word' id='word_1_244' title='bbox 3216 769 3440 839; x_wconf 82' lang='lat' dir='ltr'><strong>Denique</strong></span> <span class='ocrx_word' id='word_1_245' title='bbox 3467 776 3526 829; x_wconf 70' lang='lat' dir='ltr'><strong>ad</strong></span> <span class='ocrx_word' id='word_1_246' title='bbox 3571 777 3764 848; x_wconf 71' lang='lat' dir='ltr'><strong>Nigellum</strong></span> 
     </span>
    </p>
   </div>
   <div class='ocr_carea' id='block_1_37' title="bbox 2298 858 3767 937">
    <p class='ocr_par' dir='ltr' id='par_1_37' title="bbox 2298 858 3767 937">
     <span class='ocr_line' id='line_1_37' title="bbox 2298 858 3767 937; baseline 0.013 -26"><span class='ocrx_word' id='word_1_247' title='bbox 2298 858 2554 926; x_wconf 89' lang='lat' dir='ltr'><strong>oppidum</strong></span> <span class='ocrx_word' id='word_1_248' title='bbox 2576 858 2903 913; x_wconf 89' lang='lat' dir='ltr'><strong>omnimodis</strong></span> <span class='ocrx_word' id='word_1_249' title='bbox 2940 860 3194 927; x_wconf 85' lang='lat' dir='ltr'><strong>precibus</strong></span> <span class='ocrx_word' id='word_1_250' title='bbox 3242 862 3408 916; x_wconf 89' lang='lat' dir='ltr'><strong>redire</strong></span> <span class='ocrx_word' id='word_1_251' title='bbox 3459 880 3693 937; x_wconf 84' lang='lat' dir='ltr'><strong>coguntur,</strong></span> <span class='ocrx_word' id='word_1_252' title='bbox 3726 888 3767 930; x_wconf 89' lang='lat' dir='ltr'><strong>ut</strong></span> 
     </span>
    </p>
   </div>
   <div class='ocr_carea' id='block_1_38' title="bbox 2298 947 3767 1028">
    <p class='ocr_par' dir='ltr' id='par_1_38' title="bbox 2298 947 3767 1028">
     <span class='ocr_line' id='line_1_38' title="bbox 2298 947 3767 1028; baseline 0.005 -29"><span class='ocrx_word' id='word_1_253' title='bbox 2298 948 2442 1017; x_wconf 89' lang='lat' dir='ltr'><strong>quod</strong></span> <span class='ocrx_word' id='word_1_254' title='bbox 2470 947 2645 1002; x_wconf 90' lang='lat' dir='ltr'><strong>sacris</strong></span> <span class='ocrx_word' id='word_1_255' title='bbox 2683 949 2861 1001; x_wconf 85' lang='lat' dir='ltr'><strong>minus</strong></span> <span class='ocrx_word' id='word_1_256' title='bbox 2916 948 3095 1016; x_wconf 91' lang='lat' dir='ltr'><strong>primo</strong></span> <span class='ocrx_word' id='word_1_257' title='bbox 3147 948 3455 1019; x_wconf 86' lang='lat' dir='ltr'><strong>detulerant,</strong></span> <span class='ocrx_word' id='word_1_258' title='bbox 3500 956 3767 1028; x_wconf 70' lang='lat' dir='ltr'><strong>integerrime</strong></span> 
     </span>
    </p>
   </div>
   <div class='ocr_carea' id='block_1_39' title="bbox 2299 1036 3768 1108">
    <p class='ocr_par' dir='ltr' id='par_1_39' title="bbox 2299 1036 3768 1108">
     <span class='ocr_line' id='line_1_39' title="bbox 2299 1036 3768 1108; baseline 0.007 -16"><span class='ocrx_word' id='word_1_259' title='bbox 2299 1036 2658 1106; x_wconf 86' lang='lat' dir='ltr'><strong>suppleretur.</strong></span> <span class='ocrx_word' id='word_1_260' title='bbox 2702 1036 2855 1103; x_wconf 84' lang='lat' dir='ltr'><strong>Quod</strong></span> <span class='ocrx_word' id='word_1_261' title='bbox 2892 1045 2947 1091; x_wconf 92' lang='lat' dir='ltr'><strong>et</strong></span> <span class='ocrx_word' id='word_1_262' title='bbox 2992 1037 3192 1091; x_wconf 79' lang='lat' dir='ltr'><strong>eximie</strong></span> <span class='ocrx_word' id='word_1_263' title='bbox 3214 1037 3403 1094; x_wconf 87' lang='lat' dir='ltr'><strong>factum</strong></span> <span class='ocrx_word' id='word_1_264' title='bbox 3438 1052 3531 1097; x_wconf 86' lang='lat' dir='ltr'><strong>est.</strong></span> <span class='ocrx_word' id='word_1_265' title='bbox 3558 1045 3614 1100; x_wconf 86' lang='lat' dir='ltr'><strong>Et</strong></span> <span class='ocrx_word' id='word_1_266' title='bbox 3636 1048 3702 1105; x_wconf 85' lang='lat' dir='ltr'><strong>hic</strong></span> <span class='ocrx_word' id='word_1_267' title='bbox 3726 1066 3768 1108; x_wconf 73' lang='lat' dir='ltr'><strong>se</strong></span> 
     </span>
    </p>
   </div>
   <div class='ocr_carea' id='block_1_40' title="bbox 2297 1127 3769 1205">
    <p class='ocr_par' dir='ltr' id='par_1_40' title="bbox 2297 1127 3769 1205">
     <span class='ocr_line' id='line_1_40' title="bbox 2297 1127 3769 1205; baseline 0.008 -23"><span class='ocrx_word' id='word_1_268' title='bbox 2297 1127 2615 1183; x_wconf 82' lang='lat' dir='ltr'><strong>clariﬁcavit</strong></span> <span class='ocrx_word' id='word_1_269' title='bbox 2639 1127 2883 1193; x_wconf 90' lang='lat' dir='ltr'><strong>Domina,</strong></span> <span class='ocrx_word' id='word_1_270' title='bbox 2916 1127 3069 1196; x_wconf 82' lang='lat' dir='ltr'><strong>cujus</strong></span> <span class='ocrx_word' id='word_1_271' title='bbox 3096 1129 3265 1184; x_wconf 83' lang='lat' dir='ltr'><strong>Filius</strong></span> <span class='ocrx_word' id='word_1_272' title='bbox 3312 1131 3461 1198; x_wconf 90' lang='lat' dir='ltr'><strong>Deus,</strong></span> <span class='ocrx_word' id='word_1_273' title='bbox 3499 1150 3600 1205; x_wconf 66' lang='lat' dir='ltr'><strong>quae</strong></span> <span class='ocrx_word' id='word_1_274' title='bbox 3622 1139 3769 1198; x_wconf 74' lang='lat' dir='ltr'><strong>buun-</strong></span> 
     </span>
    </p>
   </div>
   <div class='ocr_carea' id='block_1_41' title="bbox 2298 1218 3471 1289">
    <p class='ocr_par' dir='ltr' id='par_1_41' title="bbox 2298 1218 3471 1289">
     <span class='ocr_line' id='line_1_41' title="bbox 2298 1218 3471 1289; baseline 0.002 -15"><span class='ocrx_word' id='word_1_275' title='bbox 2298 1233 2404 1289; x_wconf 87' lang='lat' dir='ltr'><strong>que</strong></span> <span class='ocrx_word' id='word_1_276' title='bbox 2425 1218 2705 1276; x_wconf 88' lang='lat' dir='ltr'><strong>distulerat</strong></span> <span class='ocrx_word' id='word_1_277' title='bbox 2728 1230 2933 1273; x_wconf 70' lang='lat' dir='ltr'><strong>natura:</strong></span> <span class='ocrx_word' id='word_1_278' title='bbox 2961 1220 3098 1274; x_wconf 86' lang='lat' dir='ltr'><strong>dona</strong></span> <span class='ocrx_word' id='word_1_279' title='bbox 3124 1232 3471 1276; x_wconf 88' lang='lat' dir='ltr'><strong>consummat.</strong></span> 
     </span>
    </p>
   </div>
   <div class='ocr_carea' id='block_1_42' title="bbox 2880 1311 3286 1368">
    <p class='ocr_par' dir='ltr' id='par_1_42' title="bbox 2880 1311 3286 1368">
     <span class='ocr_line' id='line_1_42' title="bbox 2880 1311 3286 1368; baseline -0.007 0"><span class='ocrx_word' id='word_1_280' title='bbox 2880 1311 3108 1368; x_wconf 82' lang='lat' dir='ltr'><strong>CAPUT</strong></span> <span class='ocrx_word' id='word_1_281' title='bbox 3147 1312 3286 1367; x_wconf 82' lang='lat' dir='ltr'><strong>Xlll.</strong></span> 
     </span>
    </p>
   </div>
   <div class='ocr_carea' id='block_1_43' title="bbox 2365 1401 3773 1472">
    <p class='ocr_par' dir='ltr' id='par_1_43' title="bbox 2365 1401 3773 1472">
     <span class='ocr_line' id='line_1_43' title="bbox 2365 1401 3773 1472; baseline 0.006 -18"><span class='ocrx_word' id='word_1_282' title='bbox 2365 1401 2448 1456; x_wconf 84' lang='lat' dir='ltr'><strong>Ad</strong></span> <span class='ocrx_word' id='word_1_283' title='bbox 2477 1401 2671 1472; x_wconf 78' lang='lat' dir='ltr'><strong>Anglos</strong></span> <span class='ocrx_word' id='word_1_284' title='bbox 2694 1401 3086 1471; x_wconf 76' lang='lat' dir='ltr'><strong>transferuntur</strong></span> <span class='ocrx_word' id='word_1_285' title='bbox 3112 1401 3627 1471; x_wconf 50' lang='lat' dir='ltr'><strong>adquia—Exinde</strong></span> <span class='ocrx_word' id='word_1_286' title='bbox 3649 1415 3773 1462; x_wconf 82' lang='lat' dir='ltr'><strong>trans-</strong></span> 
     </span>
    </p>
   </div>
   <div class='ocr_carea' id='block_1_44' title="bbox 2298 1492 3775 1561">
    <p class='ocr_par' dir='ltr' id='par_1_44' title="bbox 2298 1492 3775 1561">
     <span class='ocr_line' id='line_1_44' title="bbox 2298 1492 3775 1561; baseline 0.003 -15"><span class='ocrx_word' id='word_1_287' title='bbox 2298 1493 2534 1548; x_wconf 88' lang='lat' dir='ltr'><strong>marinas</strong></span> <span class='ocrx_word' id='word_1_288' title='bbox 2558 1492 2777 1561; x_wconf 87' lang='lat' dir='ltr'><strong>petituri</strong></span> <span class='ocrx_word' id='word_1_289' title='bbox 2826 1500 3029 1561; x_wconf 91' lang='lat' dir='ltr'><strong>partes,</strong></span> <span class='ocrx_word' id='word_1_290' title='bbox 3066 1506 3188 1546; x_wconf 90' lang='lat' dir='ltr'><strong>cum</strong></span> <span class='ocrx_word' id='word_1_291' title='bbox 3219 1507 3277 1545; x_wconf 91' lang='lat' dir='ltr'><strong>se</strong></span> <span class='ocrx_word' id='word_1_292' title='bbox 3305 1492 3424 1546; x_wconf 85' lang='lat' dir='ltr'><strong>huic</strong></span> <span class='ocrx_word' id='word_1_293' title='bbox 3462 1495 3775 1551; x_wconf 81' lang='lat' dir='ltr'><strong>mediterraneo</strong></span> 
     </span>
    </p>
   </div>
   <div class='ocr_carea' id='block_1_45' title="bbox 2298 1582 3774 1653">
    <p class='ocr_par' dir='ltr' id='par_1_45' title="bbox 2298 1582 3774 1653">
     <span class='ocr_line' id='line_1_45' title="bbox 2298 1582 3774 1653; baseline 0.002 -14"><span class='ocrx_word' id='word_1_294' title='bbox 2298 1582 2514 1639; x_wconf 90' lang='lat' dir='ltr'><strong>Oceano</strong></span> <span class='ocrx_word' id='word_1_295' title='bbox 2540 1584 2916 1653; x_wconf 89' lang='lat' dir='ltr'><strong>contulissent,</strong></span> <span class='ocrx_word' id='word_1_296' title='bbox 2945 1582 3228 1653; x_wconf 88' lang='lat' dir='ltr'><strong>0pulentos</strong></span> <span class='ocrx_word' id='word_1_297' title='bbox 3256 1584 3502 1651; x_wconf 88' lang='lat' dir='ltr'><strong>quosdam</strong></span> <span class='ocrx_word' id='word_1_298' title='bbox 3525 1597 3774 1643; x_wconf 78' lang='lat' dir='ltr'><strong>mercatores</strong></span> 
     </span>
    </p>
   </div>
   <div class='ocr_carea' id='block_1_46' title="bbox 2297 1674 3772 1741">
    <p class='ocr_par' dir='ltr' id='par_1_46' title="bbox 2297 1674 3772 1741">
     <span class='ocr_line' id='line_1_46' title="bbox 2297 1674 3772 1741; baseline 0.001 -10"><span class='ocrx_word' id='word_1_299' title='bbox 2297 1676 2397 1731; x_wconf 89' lang='lat' dir='ltr'><strong>sub</strong></span> <span class='ocrx_word' id='word_1_300' title='bbox 2446 1677 2633 1730; x_wconf 89' lang='lat' dir='ltr'><strong>eadem</strong></span> <span class='ocrx_word' id='word_1_301' title='bbox 2688 1675 2879 1730; x_wconf 87' lang='lat' dir='ltr'><strong>classis</strong></span> <span class='ocrx_word' id='word_1_302' title='bbox 2941 1676 3219 1730; x_wconf 84' lang='lat' dir='ltr'><strong>evectione</strong></span> <span class='ocrx_word' id='word_1_303' title='bbox 3277 1674 3545 1741; x_wconf 86' lang='lat' dir='ltr'><strong>habentes,</strong></span> <span class='ocrx_word' id='word_1_304' title='bbox 3597 1680 3772 1732; x_wconf 71' lang='lat' dir='ltr'><strong>secundo</strong></span> 
     </span>
    </p>
   </div>
   <div class='ocr_carea' id='block_1_47' title="bbox 2292 1763 3772 1835">
    <p class='ocr_par' dir='ltr' id='par_1_47' title="bbox 2292 1763 3772 1835">
     <span class='ocr_line' id='line_1_47' title="bbox 2292 1763 3772 1835; baseline 0.003 -17"><span class='ocrx_word' id='word_1_305' title='bbox 2292 1775 2553 1835; x_wconf 90' lang='lat' dir='ltr'><strong>quantum</strong></span> <span class='ocrx_word' id='word_1_306' title='bbox 2610 1767 2678 1821; x_wconf 90' lang='lat' dir='ltr'><strong>ad</strong></span> <span class='ocrx_word' id='word_1_307' title='bbox 2720 1766 2936 1820; x_wconf 83' lang='lat' dir='ltr'><strong>ﬂamina</strong></span> <span class='ocrx_word' id='word_1_308' title='bbox 2984 1779 3203 1835; x_wconf 64' lang='lat' dir='ltr'><strong>(equore</strong></span> <span class='ocrx_word' id='word_1_309' title='bbox 3251 1763 3566 1819; x_wconf 85' lang='lat' dir='ltr'><strong>ferebantur.</strong></span> <span class='ocrx_word' id='word_1_310' title='bbox 3595 1766 3649 1821; x_wconf 82' lang='lat' dir='ltr'><strong>Et</strong></span> <span class='ocrx_word' id='word_1_311' title='bbox 3684 1784 3772 1828; x_wconf 82' lang='lat' dir='ltr'><strong>ecce</strong></span> 
     </span>
    </p>
   </div>
   <div class='ocr_carea' id='block_1_48' title="bbox 2294 1857 3774 1928">
    <p class='ocr_par' dir='ltr' id='par_1_48' title="bbox 2294 1857 3774 1928">
     <span class='ocr_line' id='line_1_48' title="bbox 2294 1857 3774 1928; baseline 0.005 -17"><span class='ocrx_word' id='word_1_312' title='bbox 2294 1857 2632 1923; x_wconf 87' lang='lat' dir='ltr'><strong>immanium,</strong></span> <span class='ocrx_word' id='word_1_313' title='bbox 2684 1872 2824 1927; x_wconf 89' lang='lat' dir='ltr'><strong>quos</strong></span> <span class='ocrx_word' id='word_1_314' title='bbox 2878 1857 3108 1912; x_wconf 89' lang='lat' dir='ltr'><strong>multum</strong></span> <span class='ocrx_word' id='word_1_315' title='bbox 3159 1858 3501 1924; x_wconf 79' lang='lat' dir='ltr'><strong>verebantur,</strong></span> <span class='ocrx_word' id='word_1_316' title='bbox 3549 1860 3774 1928; x_wconf 82' lang='lat' dir='ltr'><strong>piratarum</strong></span> 
     </span>
    </p>
   </div>
   <div class='ocr_carea' id='block_1_49' title="bbox 2293 1948 3775 2020">
    <p class='ocr_par' dir='ltr' id='par_1_49' title="bbox 2293 1948 3775 2020">
     <span class='ocr_line' id='line_1_49' title="bbox 2293 1948 3775 2020; baseline 0.003 -17"><span class='ocrx_word' id='word_1_317' title='bbox 2293 1948 2640 2017; x_wconf 88' lang='lat' dir='ltr'><strong>conspiciunt</strong></span> <span class='ocrx_word' id='word_1_318' title='bbox 2703 1949 2807 2004; x_wconf 92' lang='lat' dir='ltr'><strong>sibi</strong></span> <span class='ocrx_word' id='word_1_319' title='bbox 2861 1949 3114 2020; x_wconf 76' lang='lat' dir='ltr'><strong>ingruere</strong></span> <span class='ocrx_word' id='word_1_320' title='bbox 3160 1963 3229 2003; x_wconf 80' lang='lat' dir='ltr'><strong>ex</strong></span> <span class='ocrx_word' id='word_1_321' title='bbox 3289 1948 3506 2003; x_wconf 88' lang='lat' dir='ltr'><strong>adverso</strong></span> <span class='ocrx_word' id='word_1_322' title='bbox 3552 1950 3775 2008; x_wconf 81' lang='lat' dir='ltr'><strong>salandras.</strong></span> 
     </span>
    </p>
   </div>
   <div class='ocr_carea' id='block_1_50' title="bbox 2293 2039 3779 2111">
    <p class='ocr_par' dir='ltr' id='par_1_50' title="bbox 2293 2039 3779 2111">
     <span class='ocr_line' id='line_1_50' title="bbox 2293 2039 3779 2111; baseline 0.003 -16"><span class='ocrx_word' id='word_1_323' title='bbox 2293 2039 2539 2110; x_wconf 88' lang='lat' dir='ltr'><strong>Cumque</strong></span> <span class='ocrx_word' id='word_1_324' title='bbox 2573 2041 2736 2096; x_wconf 90' lang='lat' dir='ltr'><strong>remis</strong></span> <span class='ocrx_word' id='word_1_325' title='bbox 2776 2041 2949 2096; x_wconf 90' lang='lat' dir='ltr'><strong>undas</strong></span> <span class='ocrx_word' id='word_1_326' title='bbox 2994 2041 3337 2096; x_wconf 87' lang='lat' dir='ltr'><strong>verrentibus</strong></span> <span class='ocrx_word' id='word_1_327' title='bbox 3378 2041 3449 2095; x_wconf 90' lang='lat' dir='ltr'><strong>illi</strong></span> <span class='ocrx_word' id='word_1_328' title='bbox 3478 2040 3779 2111; x_wconf 80' lang='lat' dir='ltr'><strong>adnavigantes</strong></span> 
     </span>
    </p>
   </div>
   <div class='ocr_carea' id='block_1_51' title="bbox 2293 2129 3777 2200">
    <p class='ocr_par' dir='ltr' id='par_1_51' title="bbox 2293 2129 3777 2200">
     <span class='ocr_line' id='line_1_51' title="bbox 2293 2129 3777 2200; baseline 0.004 -18"><span class='ocrx_word' id='word_1_329' title='bbox 2293 2130 2552 2184; x_wconf 78' lang='lat' dir='ltr'><strong>fluctuum</strong></span> <span class='ocrx_word' id='word_1_330' title='bbox 2599 2129 2844 2184; x_wconf 92' lang='lat' dir='ltr'><strong>cumulos</strong></span> <span class='ocrx_word' id='word_1_331' title='bbox 2882 2144 3044 2200; x_wconf 88' lang='lat' dir='ltr'><strong>prora</strong></span> <span class='ocrx_word' id='word_1_332' title='bbox 3079 2130 3407 2196; x_wconf 81' lang='lat' dir='ltr'><strong>dividerent,</strong></span> <span class='ocrx_word' id='word_1_333' title='bbox 3448 2132 3623 2200; x_wconf 80' lang='lat' dir='ltr'><strong>vixque</strong></span> <span class='ocrx_word' id='word_1_334' title='bbox 3669 2134 3777 2188; x_wconf 77' lang='lat' dir='ltr'><strong>stadii</strong></span> 
     </span>
    </p>
   </div>
   <div class='ocr_carea' id='block_1_52' title="bbox 2295 2219 3781 2292">
    <p class='ocr_par' dir='ltr' id='par_1_52' title="bbox 2295 2219 3781 2292">
     <span class='ocr_line' id='line_1_52' title="bbox 2295 2219 3781 2292; baseline 0.003 -19"><span class='ocrx_word' id='word_1_335' title='bbox 2295 2219 2596 2277; x_wconf 89' lang='lat' dir='ltr'><strong>interstitio</strong></span> <span class='ocrx_word' id='word_1_336' title='bbox 2622 2237 2652 2276; x_wconf 88' lang='lat' dir='ltr'><strong>a</strong></span> <span class='ocrx_word' id='word_1_337' title='bbox 2684 2222 2890 2277; x_wconf 91' lang='lat' dir='ltr'><strong>nostris</strong></span> <span class='ocrx_word' id='word_1_338' title='bbox 2934 2222 3289 2286; x_wconf 84' lang='lat' dir='ltr'><strong>absisterent,</strong></span> <span class='ocrx_word' id='word_1_339' title='bbox 3318 2230 3373 2276; x_wconf 92' lang='lat' dir='ltr'><strong>et</strong></span> <span class='ocrx_word' id='word_1_340' title='bbox 3399 2236 3645 2278; x_wconf 86' lang='lat' dir='ltr'><strong>sacrorum</strong></span> <span class='ocrx_word' id='word_1_341' title='bbox 3664 2225 3781 2292; x_wconf 87' lang='lat' dir='ltr'><strong>porti-</strong></span> 
     </span>
    </p>
   </div>
   <div class='ocr_carea' id='block_1_53' title="bbox 2295 2312 3780 2383">
    <p class='ocr_par' dir='ltr' id='par_1_53' title="bbox 2295 2312 3780 2383">
     <span class='ocr_line' id='line_1_53' title="bbox 2295 2312 3780 2383; baseline 0.001 -17"><span class='ocrx_word' id='word_1_342' title='bbox 2295 2320 2441 2367; x_wconf 87' lang='lat' dir='ltr'><strong>tores</strong></span> <span class='ocrx_word' id='word_1_343' title='bbox 2478 2327 2601 2367; x_wconf 87' lang='lat' dir='ltr'><strong>cum</strong></span> <span class='ocrx_word' id='word_1_344' title='bbox 2634 2326 2665 2369; x_wconf 89' lang='lat' dir='ltr'><strong>e</strong></span> <span class='ocrx_word' id='word_1_345' title='bbox 2694 2312 2881 2383; x_wconf 88' lang='lat' dir='ltr'><strong>piratis</strong></span> <span class='ocrx_word' id='word_1_346' title='bbox 2912 2312 3067 2367; x_wconf 82' lang='lat' dir='ltr'><strong>valde</strong></span> <span class='ocrx_word' id='word_1_347' title='bbox 3110 2320 3455 2377; x_wconf 84' lang='lat' dir='ltr'><strong>metuerent,</strong></span> <span class='ocrx_word' id='word_1_348' title='bbox 3494 2314 3723 2381; x_wconf 75' lang='lat' dir='ltr'><strong>consurgit</strong></span> <span class='ocrx_word' id='word_1_349' title='bbox 3744 2314 3780 2367; x_wconf 83' lang='lat' dir='ltr'><strong>in</strong></span> 
     </span>
    </p>
   </div>
   <div class='ocr_carea' id='block_1_54' title="bbox 2292 2400 3783 2472">
    <p class='ocr_par' dir='ltr' id='par_1_54' title="bbox 2292 2400 3783 2472">
     <span class='ocr_line' id='line_1_54' title="bbox 2292 2400 3783 2472; baseline -0.002 -15"><span class='ocrx_word' id='word_1_350' title='bbox 2292 2403 2470 2457; x_wconf 89' lang='lat' dir='ltr'><strong>medio</strong></span> <span class='ocrx_word' id='word_1_351' title='bbox 2502 2402 2720 2472; x_wconf 88' lang='lat' dir='ltr'><strong>quidam</strong></span> <span class='ocrx_word' id='word_1_352' title='bbox 2756 2410 2973 2457; x_wconf 90' lang='lat' dir='ltr'><strong>nostras</strong></span> <span class='ocrx_word' id='word_1_353' title='bbox 3006 2402 3317 2472; x_wconf 88' lang='lat' dir='ltr'><strong>presbyter,</strong></span> <span class='ocrx_word' id='word_1_354' title='bbox 3358 2409 3412 2455; x_wconf 86' lang='lat' dir='ltr'><strong>et</strong></span> <span class='ocrx_word' id='word_1_355' title='bbox 3444 2400 3629 2455; x_wconf 88' lang='lat' dir='ltr'><strong>elevato</strong></span> <span class='ocrx_word' id='word_1_356' title='bbox 3651 2400 3783 2471; x_wconf 73' lang='lat' dir='ltr'><strong>phyla-</strong></span> 
     </span>
    </p>
   </div>
   <div class='ocr_carea' id='block_1_55' title="bbox 2291 2489 3784 2563">
    <p class='ocr_par' dir='ltr' id='par_1_55' title="bbox 2291 2489 3784 2563">
     <span class='ocr_line' id='line_1_55' title="bbox 2291 2489 3784 2563; baseline -0.005 -15"><span class='ocrx_word' id='word_1_357' title='bbox 2291 2492 2484 2557; x_wconf 91' lang='lat' dir='ltr'><strong>cterio,</strong></span> <span class='ocrx_word' id='word_1_358' title='bbox 2536 2492 2591 2546; x_wconf 91' lang='lat' dir='ltr'><strong>in</strong></span> <span class='ocrx_word' id='word_1_359' title='bbox 2642 2507 2748 2562; x_wconf 92' lang='lat' dir='ltr'><strong>quo</strong></span> <span class='ocrx_word' id='word_1_360' title='bbox 2805 2492 2946 2562; x_wconf 87' lang='lat' dir='ltr'><strong>regis</strong></span> <span class='ocrx_word' id='word_1_361' title='bbox 3003 2489 3275 2563; x_wconf 74' lang='lat' dir='ltr'><strong>[reginae]</strong></span> <span class='ocrx_word' id='word_1_362' title='bbox 3332 2489 3577 2545; x_wconf 86' lang='lat' dir='ltr'><strong>coelorum</strong></span> <span class='ocrx_word' id='word_1_363' title='bbox 3621 2491 3784 2559; x_wconf 77' lang='lat' dir='ltr'><strong>pignora</strong></span> 
     </span>
    </p>
   </div>
   <div class='ocr_carea' id='block_1_56' title="bbox 2293 2577 3787 2645">
    <p class='ocr_par' dir='ltr' id='par_1_56' title="bbox 2293 2577 3787 2645">
     <span class='ocr_line' id='line_1_56' title="bbox 2293 2577 3787 2645; baseline -0.003 -11"><span class='ocrx_word' id='word_1_364' title='bbox 2293 2580 2642 2645; x_wconf 89' lang='lat' dir='ltr'><strong>tenebantur,</strong></span> <span class='ocrx_word' id='word_1_365' title='bbox 2680 2593 2745 2633; x_wconf 87' lang='lat' dir='ltr'><strong>ex</strong></span> <span class='ocrx_word' id='word_1_366' title='bbox 2771 2578 2891 2634; x_wconf 88' lang='lat' dir='ltr'><strong>Filii</strong></span> <span class='ocrx_word' id='word_1_367' title='bbox 2928 2589 2983 2634; x_wconf 92' lang='lat' dir='ltr'><strong>et</strong></span> <span class='ocrx_word' id='word_1_368' title='bbox 3010 2579 3200 2633; x_wconf 81' lang='lat' dir='ltr'><strong>Matris</strong></span> <span class='ocrx_word' id='word_1_369' title='bbox 3229 2578 3448 2632; x_wconf 87' lang='lat' dir='ltr'><strong>nomine</strong></span> <span class='ocrx_word' id='word_1_370' title='bbox 3481 2578 3553 2630; x_wconf 90' lang='lat' dir='ltr'><strong>eis</strong></span> <span class='ocrx_word' id='word_1_371' title='bbox 3578 2577 3787 2630; x_wconf 79' lang='lat' dir='ltr'><strong>interdixit</strong></span> 
     </span>
    </p>
   </div>
   <div class='ocr_carea' id='block_1_57' title="bbox 2291 2665 3788 2739">
    <p class='ocr_par' dir='ltr' id='par_1_57' title="bbox 2291 2665 3788 2739">
     <span class='ocr_line' id='line_1_57' title="bbox 2291 2665 3788 2739; baseline -0.004 -14"><span class='ocrx_word' id='word_1_372' title='bbox 2291 2670 2601 2725; x_wconf 87' lang='lat' dir='ltr'><strong>adventum.</strong></span> <span class='ocrx_word' id='word_1_373' title='bbox 2632 2669 2742 2724; x_wconf 83' lang='lat' dir='ltr'><strong>Nec</strong></span> <span class='ocrx_word' id='word_1_374' title='bbox 2764 2684 2912 2723; x_wconf 89' lang='lat' dir='ltr'><strong>mora</strong></span> <span class='ocrx_word' id='word_1_375' title='bbox 2938 2684 3035 2739; x_wconf 91' lang='lat' dir='ltr'><strong>pro</strong></span> <span class='ocrx_word' id='word_1_376' title='bbox 3065 2669 3298 2738; x_wconf 85' lang='lat' dir='ltr'><strong>imperio</strong></span> <span class='ocrx_word' id='word_1_377' title='bbox 3323 2667 3390 2733; x_wconf 84' lang='lat' dir='ltr'><strong>ad</strong></span> <span class='ocrx_word' id='word_1_378' title='bbox 3416 2665 3615 2736; x_wconf 86' lang='lat' dir='ltr'><strong>puppim</strong></span> <span class='ocrx_word' id='word_1_379' title='bbox 3638 2667 3788 2720; x_wconf 75' lang='lat' dir='ltr'><strong>rediere</strong></span> 
     </span>
    </p>
   </div>
   <div class='ocr_carea' id='block_1_58' title="bbox 2291 2755 3788 2829">
    <p class='ocr_par' dir='ltr' id='par_1_58' title="bbox 2291 2755 3788 2829">
     <span class='ocr_line' id='line_1_58' title="bbox 2291 2755 3788 2829; baseline -0.007 -13"><span class='ocrx_word' id='word_1_380' title='bbox 2291 2773 2471 2829; x_wconf 88' lang='lat' dir='ltr'><strong>rates,</strong></span> <span class='ocrx_word' id='word_1_381' title='bbox 2527 2776 2628 2818; x_wconf 88' lang='lat' dir='ltr'><strong>nec</strong></span> <span class='ocrx_word' id='word_1_382' title='bbox 2668 2761 2864 2816; x_wconf 89' lang='lat' dir='ltr'><strong>minori</strong></span> <span class='ocrx_word' id='word_1_383' title='bbox 2908 2768 3033 2816; x_wconf 89' lang='lat' dir='ltr'><strong>sunt</strong></span> <span class='ocrx_word' id='word_1_384' title='bbox 3084 2757 3366 2814; x_wconf 90' lang='lat' dir='ltr'><strong>celeritate</strong></span> <span class='ocrx_word' id='word_1_385' title='bbox 3410 2756 3559 2828; x_wconf 77' lang='lat' dir='ltr'><strong>[deest</strong></span> <span class='ocrx_word' id='word_1_386' title='bbox 3592 2756 3659 2808; x_wconf 83' lang='lat' dir='ltr'><strong>hic</strong></span> <span class='ocrx_word' id='word_1_387' title='bbox 3696 2755 3788 2822; x_wconf 78' lang='lat' dir='ltr'><strong>{om</strong></span> 
     </span>
    </p>
   </div>
   <div class='ocr_carea' id='block_1_59' title="bbox 2293 2846 3791 2929">
    <p class='ocr_par' dir='ltr' id='par_1_59' title="bbox 2293 2846 3791 2929">
     <span class='ocr_line' id='line_1_59' title="bbox 2293 2846 3791 2929; baseline -0.005 -21"><span class='ocrx_word' id='word_1_388' title='bbox 2293 2853 2525 2925; x_wconf 83' lang='lat' dir='ltr'><strong>expulsi]</strong></span> <span class='ocrx_word' id='word_1_389' title='bbox 2561 2869 2719 2923; x_wconf 90' lang='lat' dir='ltr'><strong>quam</strong></span> <span class='ocrx_word' id='word_1_390' title='bbox 2751 2852 3054 2908; x_wconf 88' lang='lat' dir='ltr'><strong>accelerare</strong></span> <span class='ocrx_word' id='word_1_391' title='bbox 3079 2853 3402 2924; x_wconf 86' lang='lat' dir='ltr'><strong>gestierant.</strong></span> <span class='ocrx_word' id='word_1_392' title='bbox 3427 2851 3556 2905; x_wconf 86' lang='lat' dir='ltr'><strong>Hinc</strong></span> <span class='ocrx_word' id='word_1_393' title='bbox 3578 2849 3675 2929; x_wconf 84' lang='lat' dir='ltr'><strong>laus</strong></span> <span class='ocrx_word' id='word_1_394' title='bbox 3693 2846 3791 2917; x_wconf 84' lang='lat' dir='ltr'><strong>apud</strong></span> 
     </span>
    </p>
   </div>
   <div class='ocr_carea' id='block_1_60' title="bbox 2291 2937 3790 3015">
    <p class='ocr_par' dir='ltr' id='par_1_60' title="bbox 2291 2937 3790 3015">
     <span class='ocr_line' id='line_1_60' title="bbox 2291 2937 3790 3015; baseline -0.007 -16"><span class='ocrx_word' id='word_1_395' title='bbox 2291 2944 2569 3011; x_wconf 88' lang='lat' dir='ltr'><strong>liberatos,</strong></span> <span class='ocrx_word' id='word_1_396' title='bbox 2603 2946 2732 3000; x_wconf 87' lang='lat' dir='ltr'><strong>hinc</strong></span> <span class='ocrx_word' id='word_1_397' title='bbox 2767 2944 2959 3015; x_wconf 81' lang='lat' dir='ltr'><strong>gloria,</strong></span> <span class='ocrx_word' id='word_1_398' title='bbox 3003 2953 3340 2999; x_wconf 86' lang='lat' dir='ltr'><strong>mercatores</strong></span> <span class='ocrx_word' id='word_1_399' title='bbox 3382 2942 3532 2998; x_wconf 81' lang='lat' dir='ltr'><strong>bona:</strong></span> <span class='ocrx_word' id='word_1_400' title='bbox 3566 2939 3631 2993; x_wconf 88' lang='lat' dir='ltr'><strong>illi</strong></span> <span class='ocrx_word' id='word_1_401' title='bbox 3659 2937 3790 2991; x_wconf 76' lang='lat' dir='ltr'><strong>Maria:</strong></span> 
     </span>
    </p>
   </div>
   <div class='ocr_carea' id='block_1_61' title="bbox 601 3024 2186 3107">
    <p class='ocr_par' dir='ltr' id='par_1_61' title="bbox 601 3027 2186 3101">
     <span class='ocr_line' id='line_1_61' title="bbox 601 3027 2186 3101; baseline -0.007 -10"><span class='ocrx_word' id='word_1_402' title='bbox 601 3037 839 3091; x_wconf 84' lang='lat' dir='ltr'><strong>clericus</strong></span> <span class='ocrx_word' id='word_1_403' title='bbox 858 3054 872 3089; x_wconf 93' lang='lat'><strong>:</strong></span> <span class='ocrx_word' id='word_1_404' title='bbox 891 3034 1010 3099; x_wconf 90' lang='lat' dir='ltr'><strong>Sta,</strong></span> <span class='ocrx_word' id='word_1_405' title='bbox 1042 3032 1237 3101; x_wconf 89' lang='lat' dir='ltr'><strong>inquit,</strong></span> <span class='ocrx_word' id='word_1_406' title='bbox 1263 3032 1434 3085; x_wconf 90' lang='lat' dir='ltr'><strong>donec</strong></span> <span class='ocrx_word' id='word_1_407' title='bbox 1451 3037 1635 3084; x_wconf 85' lang='lat' dir='ltr'><strong>sancta</strong></span> <span class='ocrx_word' id='word_1_408' title='bbox 1663 3036 2005 3096; x_wconf 69' lang='lat' dir='ltr'><strong>praetereant.</strong></span> <span class='ocrx_word' id='word_1_409' title='bbox 2026 3027 2186 3081; x_wconf 90' lang='lat' dir='ltr'><strong>Cum-</strong></span> 
     </span>
    </p>
   </div>
   <div class='ocr_carea' id='block_1_62' title="bbox 2281 3024 3512 3107">
    <p class='ocr_par' dir='ltr' id='par_1_62' title="bbox 2293 3033 3512 3107">
     <span class='ocr_line' id='line_1_62' title="bbox 2293 3033 3512 3107; baseline -0.005 -17"><span class='ocrx_word' id='word_1_410' title='bbox 2293 3036 2675 3107; x_wconf 84' lang='lat' dir='ltr'><strong>gratulabundi</strong></span> <span class='ocrx_word' id='word_1_411' title='bbox 2707 3036 2871 3090; x_wconf 91' lang='lat' dir='ltr'><strong>multa</strong></span> <span class='ocrx_word' id='word_1_412' title='bbox 2903 3036 3006 3090; x_wconf 90' lang='lat' dir='ltr'><strong>sibi</strong></span> <span class='ocrx_word' id='word_1_413' title='bbox 3034 3035 3283 3089; x_wconf 86' lang='lat' dir='ltr'><strong>obtulere</strong></span> <span class='ocrx_word' id='word_1_414' title='bbox 3319 3033 3512 3105; x_wconf 88' lang='lat' dir='ltr'><strong>pretia.</strong></span> 
     </span>
    </p>
   </div>
   <div class='ocr_carea' id='block_1_63' title="bbox 608 3087 2186 3198">
    <p class='ocr_par' dir='ltr' id='par_1_63' title="bbox 608 3117 2186 3198">
     <span class='ocr_line' id='line_1_63' title="bbox 608 3117 2186 3198; baseline -0.007 -18"><span class='ocrx_word' id='word_1_415' title='bbox 608 3144 716 3198; x_wconf 88' lang='lat' dir='ltr'><strong>que</strong></span> <span class='ocrx_word' id='word_1_416' title='bbox 745 3125 1078 3196; x_wconf 65' lang='lat' dir='ltr'><strong>prmterissct</strong></span> <span class='ocrx_word' id='word_1_417' title='bbox 1104 3123 1242 3176; x_wconf 87' lang='lat' dir='ltr'><strong>lator</strong></span> <span class='ocrx_word' id='word_1_418' title='bbox 1268 3136 1476 3184; x_wconf 89' lang='lat' dir='ltr'><strong>eorum,</strong></span> <span class='ocrx_word' id='word_1_419' title='bbox 1502 3130 1555 3174; x_wconf 90' lang='lat' dir='ltr'><strong>et</strong></span> <span class='ocrx_word' id='word_1_420' title='bbox 1581 3117 1667 3171; x_wconf 90' lang='lat' dir='ltr'><strong>ille</strong></span> <span class='ocrx_word' id='word_1_421' title='bbox 1696 3117 1962 3172; x_wconf 87' lang='lat' dir='ltr'><strong>caballum</strong></span> <span class='ocrx_word' id='word_1_422' title='bbox 1996 3130 2186 3182; x_wconf 79' lang='lat' dir='ltr'><strong>urgere</strong></span> 
     </span>
    </p>
   </div>
   <div class='ocr_carea' id='block_1_64' title="bbox 2281 3087 3793 3198">
    <p class='ocr_par' dir='ltr' id='par_1_64' title="bbox 2364 3116 3793 3198">
     <span class='ocr_line' id='line_1_64' title="bbox 2364 3116 3793 3198; baseline -0.01 -17"><span class='ocrx_word' id='word_1_423' title='bbox 2364 3128 2468 3193; x_wconf 83' lang='lat' dir='ltr'><strong>Qui</strong></span> <span class='ocrx_word' id='word_1_424' title='bbox 2494 3128 2689 3182; x_wconf 76' lang='lat' dir='ltr'><strong>cultum</strong></span> <span class='ocrx_word' id='word_1_425' title='bbox 2736 3129 2903 3181; x_wconf 72' lang='lat' dir='ltr'><strong>sacris</strong></span> <span class='ocrx_word' id='word_1_426' title='bbox 2958 3127 3265 3198; x_wconf 79' lang='lat' dir='ltr'><strong>pignoribus</strong></span> <span class='ocrx_word' id='word_1_427' title='bbox 3319 3125 3621 3194; x_wconf 75' lang='lat' dir='ltr'><strong>denegarant</strong></span> <span class='ocrx_word' id='word_1_428' title='bbox 3662 3116 3793 3171; x_wconf 74' lang='lat' dir='ltr'><strong>rustici</strong></span> 
     </span>
    </p>
   </div>
   <div class='ocr_carea' id='block_1_65' title="bbox 603 3207 2189 3289">
    <p class='ocr_par' dir='ltr' id='par_1_65' title="bbox 603 3207 2189 3289">
     <span class='ocr_line' id='line_1_65' title="bbox 603 3207 2189 3289; baseline -0.009 -14"><span class='ocrx_word' id='word_1_429' title='bbox 603 3218 883 3289; x_wconf 72' lang='lat' dir='ltr'><strong>cmpisset,</strong></span> <span class='ocrx_word' id='word_1_430' title='bbox 931 3214 997 3268; x_wconf 88' lang='lat' dir='ltr'><strong>ad</strong></span> <span class='ocrx_word' id='word_1_431' title='bbox 1044 3213 1418 3284; x_wconf 89' lang='lat' dir='ltr'><strong>repetitionem</strong></span> <span class='ocrx_word' id='word_1_432' title='bbox 1465 3210 1679 3264; x_wconf 88' lang='lat' dir='ltr'><strong>itineris</strong></span> <span class='ocrx_word' id='word_1_433' title='bbox 1729 3223 1995 3277; x_wconf 90' lang='lat' dir='ltr'><strong>nusquam</strong></span> <span class='ocrx_word' id='word_1_434' title='bbox 2054 3207 2189 3261; x_wconf 91' lang='lat' dir='ltr'><strong>eniti</strong></span> 
     </span>
    </p>
   </div>
   <div class='ocr_carea' id='block_1_66' title="bbox 607 3298 2178 3381">
    <p class='ocr_par' dir='ltr' id='par_1_66' title="bbox 607 3298 2178 3381">
     <span class='ocr_line' id='line_1_66' title="bbox 607 3298 2178 3381; baseline -0.008 -17"><span class='ocrx_word' id='word_1_435' title='bbox 607 3310 804 3381; x_wconf 84' lang='lat' dir='ltr'><strong>potuit.</strong></span> <span class='ocrx_word' id='word_1_436' title='bbox 851 3308 968 3375; x_wconf 89' lang='lat' dir='ltr'><strong>Quo</strong></span> <span class='ocrx_word' id='word_1_437' title='bbox 1026 3304 1320 3374; x_wconf 88' lang='lat' dir='ltr'><strong>respiciens</strong></span> <span class='ocrx_word' id='word_1_438' title='bbox 1365 3302 1453 3355; x_wconf 87' lang='lat' dir='ltr'><strong>ille</strong></span> <span class='ocrx_word' id='word_1_439' title='bbox 1506 3301 1595 3370; x_wconf 85' lang='lat' dir='ltr'><strong>qui</strong></span> <span class='ocrx_word' id='word_1_440' title='bbox 1630 3299 1838 3354; x_wconf 78' lang='lat' dir='ltr'><strong>ferebat</strong></span> <span class='ocrx_word' id='word_1_441' title='bbox 1876 3298 2178 3367; x_wconf 87' lang='lat' dir='ltr'><strong>reliquias:</strong></span> 
     </span>
    </p>
   </div>
   <div class='ocr_carea' id='block_1_67' title="bbox 608 3390 2190 3467">
    <p class='ocr_par' dir='ltr' id='par_1_67' title="bbox 608 3390 2190 3467">
     <span class='ocr_line' id='line_1_67' title="bbox 608 3390 2190 3467; baseline -0.008 -13"><span class='ocrx_word' id='word_1_442' title='bbox 608 3403 778 3464; x_wconf 83' lang='lat' dir='ltr'><strong>Vade,</strong></span> <span class='ocrx_word' id='word_1_443' title='bbox 816 3400 1012 3467; x_wconf 90' lang='lat' dir='ltr'><strong>inquit,</strong></span> <span class='ocrx_word' id='word_1_444' title='bbox 1045 3396 1096 3450; x_wconf 93' lang='lat' dir='ltr'><strong>in</strong></span> <span class='ocrx_word' id='word_1_445' title='bbox 1126 3394 1343 3449; x_wconf 89' lang='lat' dir='ltr'><strong>nomine</strong></span> <span class='ocrx_word' id='word_1_446' title='bbox 1371 3392 1601 3448; x_wconf 89' lang='lat' dir='ltr'><strong>Domini.</strong></span> <span class='ocrx_word' id='word_1_447' title='bbox 1631 3391 1696 3444; x_wconf 86' lang='lat' dir='ltr'><strong>Et</strong></span> <span class='ocrx_word' id='word_1_448' title='bbox 1722 3390 1822 3444; x_wconf 90' lang='lat' dir='ltr'><strong>hoc</strong></span> <span class='ocrx_word' id='word_1_449' title='bbox 1850 3390 1994 3444; x_wconf 83' lang='lat' dir='ltr'><strong>dicto</strong></span> <span class='ocrx_word' id='word_1_450' title='bbox 2018 3403 2190 3457; x_wconf 89' lang='lat' dir='ltr'><strong>equus</strong></span> 
     </span>
    </p>
   </div>
   <div class='ocr_carea' id='block_1_68' title="bbox 606 3480 2186 3561">
    <p class='ocr_par' dir='ltr' id='par_1_68' title="bbox 606 3480 2186 3561">
     <span class='ocr_line' id='line_1_68' title="bbox 606 3480 2186 3561; baseline -0.007 -16"><span class='ocrx_word' id='word_1_451' title='bbox 606 3493 812 3561; x_wconf 87' lang='lat' dir='ltr'><strong>pariter</strong></span> <span class='ocrx_word' id='word_1_452' title='bbox 853 3497 908 3543; x_wconf 91' lang='lat' dir='ltr'><strong>et</strong></span> <span class='ocrx_word' id='word_1_453' title='bbox 943 3488 1106 3541; x_wconf 86' lang='lat' dir='ltr'><strong>rheda</strong></span> <span class='ocrx_word' id='word_1_454' title='bbox 1161 3485 1522 3555; x_wconf 81' lang='lat' dir='ltr'><strong>progreditur.</strong></span> <span class='ocrx_word' id='word_1_455' title='bbox 1576 3481 1716 3535; x_wconf 88' lang='lat' dir='ltr'><strong>Ecce</strong></span> <span class='ocrx_word' id='word_1_456' title='bbox 1758 3495 1876 3549; x_wconf 73' lang='lat' dir='ltr'><strong>qua:</strong></span> <span class='ocrx_word' id='word_1_457' title='bbox 1919 3481 1971 3534; x_wconf 90' lang='lat' dir='ltr'><strong>in</strong></span> <span class='ocrx_word' id='word_1_458' title='bbox 2019 3480 2186 3534; x_wconf 82' lang='lat' dir='ltr'><strong>Maria</strong></span> 
     </span>
    </p>
   </div>
   <div class='ocr_carea' id='block_1_69' title="bbox 607 3569 1909 3649">
    <p class='ocr_par' dir='ltr' id='par_1_69' title="bbox 607 3569 1909 3649">
     <span class='ocr_line' id='line_1_69' title="bbox 607 3569 1909 3649; baseline -0.01 -15"><span class='ocrx_word' id='word_1_459' title='bbox 607 3592 856 3649; x_wconf 64' lang='lat' dir='ltr'><strong>praestas,</strong></span> <span class='ocrx_word' id='word_1_460' title='bbox 888 3589 1160 3646; x_wconf 85' lang='lat' dir='ltr'><strong>quantque</strong></span> <span class='ocrx_word' id='word_1_461' title='bbox 1202 3570 1562 3629; x_wconf 81' lang='lat' dir='ltr'><strong>reverentiam</strong></span> <span class='ocrx_word' id='word_1_462' title='bbox 1585 3570 1685 3624; x_wconf 89' lang='lat' dir='ltr'><strong>sibi</strong></span> <span class='ocrx_word' id='word_1_463' title='bbox 1723 3569 1909 3640; x_wconf 79' lang='lat' dir='ltr'><strong>exigit.</strong></span> 
     </span>
    </p>
   </div>
   <div class='ocr_carea' id='block_1_70' title="bbox 681 3657 2187 3728">
    <p class='ocr_par' dir='ltr' id='par_1_70' title="bbox 681 3657 2187 3728">
     <span class='ocr_line' id='line_1_70' title="bbox 681 3657 2187 3728; baseline -0.005 -9"><span class='ocrx_word' id='word_1_464' title='bbox 681 3666 1001 3720; x_wconf 79' lang='lat' dir='ltr'><strong>Miraculum</strong></span> <span class='ocrx_word' id='word_1_465' title='bbox 1057 3662 1110 3717; x_wconf 71' lang='grc'><strong>4.</strong></span> <span class='ocrx_word' id='word_1_466' title='bbox 1163 3662 1417 3714; x_wconf 79' lang='lat' dir='ltr'><strong>Auditum</strong></span> <span class='ocrx_word' id='word_1_467' title='bbox 1477 3670 1630 3728; x_wconf 83' lang='lat' dir='ltr'><strong>atque</strong></span> <span class='ocrx_word' id='word_1_468' title='bbox 1690 3657 1952 3727; x_wconf 83' lang='lat' dir='ltr'><strong>loquelam</strong></span> <span class='ocrx_word' id='word_1_469' title='bbox 2006 3658 2187 3727; x_wconf 83' lang='lat' dir='ltr'><strong>recipit</strong></span> 
     </span>
    </p>
   </div>
   <div class='ocr_carea' id='block_1_71' title="bbox 606 3748 2187 3827">
    <p class='ocr_par' dir='ltr' id='par_1_71' title="bbox 606 3748 2187 3827">
     <span class='ocr_line' id='line_1_71' title="bbox 606 3748 2187 3827; baseline -0.007 -16"><span class='ocrx_word' id='word_1_470' title='bbox 606 3759 831 3827; x_wconf 76' lang='lat' dir='ltr'><strong>juvenis.</strong></span> <span class='ocrx_word' id='word_1_471' title='bbox 857 3786 926 3795; x_wconf 94' lang='lat'><strong>—</strong></span> <span class='ocrx_word' id='word_1_472' title='bbox 956 3757 1013 3808; x_wconf 89' lang='lat' dir='ltr'><strong>ln</strong></span> <span class='ocrx_word' id='word_1_473' title='bbox 1049 3755 1204 3808; x_wconf 90' lang='lat' dir='ltr'><strong>tertia</strong></span> <span class='ocrx_word' id='word_1_474' title='bbox 1236 3751 1566 3821; x_wconf 82' lang='lat' dir='ltr'><strong>profectione</strong></span> <span class='ocrx_word' id='word_1_475' title='bbox 1596 3750 1734 3818; x_wconf 85' lang='lat' dir='ltr'><strong>apud</strong></span> <span class='ocrx_word' id='word_1_476' title='bbox 1770 3748 2025 3819; x_wconf 86' lang='lat' dir='ltr'><strong>Nigellam</strong></span> <span class='ocrx_word' id='word_1_477' title='bbox 2050 3749 2187 3819; x_wconf 83' lang='lat' dir='ltr'><strong>(vnl-</strong></span> 
     </span>
    </p>
   </div>
   <div class='ocr_carea' id='block_1_72' title="bbox 609 3843 2188 3919">
    <p class='ocr_par' dir='ltr' id='par_1_72' title="bbox 609 3843 2188 3919">
     <span class='ocr_line' id='line_1_72' title="bbox 609 3843 2188 3919; baseline -0.004 -16"><span class='ocrx_word' id='word_1_478' title='bbox 609 3866 676 3919; x_wconf 87' lang='lat' dir='ltr'><strong>go</strong></span> <span class='ocrx_word' id='word_1_479' title='bbox 710 3849 881 3915; x_wconf 83' lang='lat' dir='ltr'><strong>Nelle)</strong></span> <span class='ocrx_word' id='word_1_480' title='bbox 929 3862 1023 3902; x_wconf 91' lang='lat' dir='ltr'><strong>eos</strong></span> <span class='ocrx_word' id='word_1_481' title='bbox 1054 3845 1281 3913; x_wconf 86' lang='lat' dir='ltr'><strong>contigit</strong></span> <span class='ocrx_word' id='word_1_482' title='bbox 1309 3845 1563 3899; x_wconf 88' lang='lat' dir='ltr'><strong>devenire</strong></span> <span class='ocrx_word' id='word_1_483' title='bbox 1592 3844 1898 3898; x_wconf 86' lang='lat' dir='ltr'><strong>castellum.</strong></span> <span class='ocrx_word' id='word_1_484' title='bbox 1941 3843 2188 3898; x_wconf 86' lang='lat' dir='ltr'><strong>Habebat</strong></span> 
     </span>
    </p>
   </div>
   <div class='ocr_carea' id='block_1_73' title="bbox 607 3932 2185 4008">
    <p class='ocr_par' dir='ltr' id='par_1_73' title="bbox 607 3932 2185 4008">
     <span class='ocr_line' id='line_1_73' title="bbox 607 3932 2185 4008; baseline -0.004 -13"><span class='ocrx_word' id='word_1_485' title='bbox 607 3950 789 3995; x_wconf 89' lang='lat' dir='ltr'><strong>autem</strong></span> <span class='ocrx_word' id='word_1_486' title='bbox 839 3938 1151 4008; x_wconf 72' lang='lat' dir='ltr'><strong>llatlulphus</strong></span> <span class='ocrx_word' id='word_1_487' title='bbox 1202 3937 1450 3992; x_wconf 89' lang='lat' dir='ltr'><strong>dominus</strong></span> <span class='ocrx_word' id='word_1_488' title='bbox 1510 3936 1674 3991; x_wconf 84' lang='lat' dir='ltr'><strong>castri</strong></span> <span class='ocrx_word' id='word_1_489' title='bbox 1725 3935 1893 4004; x_wconf 90' lang='lat' dir='ltr'><strong>ipsius</strong></span> <span class='ocrx_word' id='word_1_490' title='bbox 1928 3932 2185 4002; x_wconf 76' lang='lat' dir='ltr'><strong>juvenem</strong></span> 
     </span>
    </p>
   </div>
   <div class='ocr_carea' id='block_1_74' title="bbox 608 4025 2187 4093">
    <p class='ocr_par' dir='ltr' id='par_1_74' title="bbox 608 4025 2187 4093">
     <span class='ocr_line' id='line_1_74' title="bbox 608 4025 2187 4093; baseline -0.004 -8"><span class='ocrx_word' id='word_1_491' title='bbox 608 4040 816 4085; x_wconf 87' lang='lat' dir='ltr'><strong>mutum</strong></span> <span class='ocrx_word' id='word_1_492' title='bbox 850 4039 902 4085; x_wconf 90' lang='lat' dir='ltr'><strong>et</strong></span> <span class='ocrx_word' id='word_1_493' title='bbox 942 4028 1163 4083; x_wconf 90' lang='lat' dir='ltr'><strong>surdum</strong></span> <span class='ocrx_word' id='word_1_494' title='bbox 1214 4026 1267 4080; x_wconf 90' lang='lat' dir='ltr'><strong>in</strong></span> <span class='ocrx_word' id='word_1_495' title='bbox 1307 4028 1465 4081; x_wconf 92' lang='lat' dir='ltr'><strong>domo</strong></span> <span class='ocrx_word' id='word_1_496' title='bbox 1497 4041 1613 4093; x_wconf 89' lang='lat' dir='ltr'><strong>sua,</strong></span> <span class='ocrx_word' id='word_1_497' title='bbox 1643 4039 1801 4093; x_wconf 86' lang='lat' dir='ltr'><strong>quem</strong></span> <span class='ocrx_word' id='word_1_498' title='bbox 1845 4036 1899 4078; x_wconf 90' lang='lat' dir='ltr'><strong>et</strong></span> <span class='ocrx_word' id='word_1_499' title='bbox 1937 4025 2187 4093; x_wconf 64' lang='lat' dir='ltr'><strong>perhihco</strong></span> 
     </span>
    </p>
   </div>
   <div class='ocr_carea' id='block_1_75' title="bbox 607 4114 2185 4183">
    <p class='ocr_par' dir='ltr' id='par_1_75' title="bbox 607 4114 2185 4183">
     <span class='ocr_line' id='line_1_75' title="bbox 607 4114 2185 4183; baseline -0.004 -7"><span class='ocrx_word' id='word_1_500' title='bbox 607 4124 737 4176; x_wconf 89' lang='lat' dir='ltr'><strong>bant</strong></span> <span class='ocrx_word' id='word_1_501' title='bbox 768 4120 1047 4176; x_wconf 87' lang='lat' dir='ltr'><strong>divinandi</strong></span> <span class='ocrx_word' id='word_1_502' title='bbox 1091 4117 1379 4172; x_wconf 89' lang='lat' dir='ltr'><strong>scientiam</strong></span> <span class='ocrx_word' id='word_1_503' title='bbox 1440 4116 1582 4170; x_wconf 91' lang='lat' dir='ltr'><strong>haud</strong></span> <span class='ocrx_word' id='word_1_504' title='bbox 1613 4114 1834 4168; x_wconf 91' lang='lat' dir='ltr'><strong>dubium</strong></span> <span class='ocrx_word' id='word_1_505' title='bbox 1861 4114 1989 4183; x_wconf 90' lang='lat' dir='ltr'><strong>quin</strong></span> <span class='ocrx_word' id='word_1_506' title='bbox 2023 4130 2050 4168; x_wconf 90' lang='lat' dir='ltr'><strong>a</strong></span> <span class='ocrx_word' id='word_1_507' title='bbox 2075 4115 2185 4169; x_wconf 69' lang='lat' dir='ltr'><strong>dte-</strong></span> 
     </span>
    </p>
   </div>
   <div class='ocr_carea' id='block_1_76' title="bbox 606 4206 2186 4279">
    <p class='ocr_par' dir='ltr' id='par_1_76' title="bbox 606 4206 2186 4279">
     <span class='ocr_line' id='line_1_76' title="bbox 606 4206 2186 4279; baseline -0.004 -12"><span class='ocrx_word' id='word_1_508' title='bbox 606 4213 853 4268; x_wconf 89' lang='lat' dir='ltr'><strong>monibns</strong></span> <span class='ocrx_word' id='word_1_509' title='bbox 888 4212 1129 4275; x_wconf 87' lang='lat' dir='ltr'><strong>habere;</strong></span> <span class='ocrx_word' id='word_1_510' title='bbox 1160 4224 1318 4279; x_wconf 90' lang='lat' dir='ltr'><strong>quem</strong></span> <span class='ocrx_word' id='word_1_511' title='bbox 1341 4216 1397 4262; x_wconf 89' lang='lat' dir='ltr'><strong>et</strong></span> <span class='ocrx_word' id='word_1_512' title='bbox 1432 4206 1552 4260; x_wconf 90' lang='lat' dir='ltr'><strong>ideo</strong></span> <span class='ocrx_word' id='word_1_513' title='bbox 1594 4206 1883 4275; x_wconf 89' lang='lat' dir='ltr'><strong>plurimum</strong></span> <span class='ocrx_word' id='word_1_514' title='bbox 1914 4206 2186 4260; x_wconf 84' lang='lat' dir='ltr'><strong>ferebatur</strong></span> 
     </span>
    </p>
   </div>
   <div class='ocr_carea' id='block_1_77' title="bbox 582 4296 2183 4368">
    <p class='ocr_par' dir='ltr' id='par_1_77' title="bbox 582 4296 2183 4368">
     <span class='ocr_line' id='line_1_77' title="bbox 582 4296 2183 4368; baseline -0.004 -11"><span class='ocrx_word' id='word_1_515' title='bbox 582 4319 809 4359; x_wconf 10' lang='lat' dir='ltr'><strong>camare.</strong></span> <span class='ocrx_word' id='word_1_516' title='bbox 858 4304 1038 4358; x_wconf 63' lang='lat' dir='ltr'><strong>Sacrae</strong></span> <span class='ocrx_word' id='word_1_517' title='bbox 1080 4315 1210 4368; x_wconf 83' lang='lat' dir='ltr'><strong>ergo</strong></span> <span class='ocrx_word' id='word_1_518' title='bbox 1253 4296 1493 4368; x_wconf 80' lang='lat' dir='ltr'><strong>rcliquia:</strong></span> <span class='ocrx_word' id='word_1_519' title='bbox 1536 4304 1714 4350; x_wconf 87' lang='lat' dir='ltr'><strong>castro</strong></span> <span class='ocrx_word' id='word_1_520' title='bbox 1755 4296 1999 4359; x_wconf 82' lang='lat' dir='ltr'><strong>invectae,</strong></span> <span class='ocrx_word' id='word_1_521' title='bbox 2052 4297 2183 4350; x_wconf 89' lang='lat' dir='ltr'><strong>satis</strong></span> 
     </span>
    </p>
   </div>
   <div class='ocr_carea' id='block_1_78' title="bbox 2288 3210 3795 3290">
    <p class='ocr_par' dir='ltr' id='par_1_78' title="bbox 2288 3210 3795 3290">
     <span class='ocr_line' id='line_1_78' title="bbox 2288 3210 3795 3290; baseline -0.008 -16"><span class='ocrx_word' id='word_1_522' title='bbox 2288 3221 2599 3290; x_wconf 81' lang='lat' dir='ltr'><strong>puniuntur.</strong></span> <span class='ocrx_word' id='word_1_523' title='bbox 2647 3250 2718 3260; x_wconf 86' lang='lat'><strong>-—</strong></span> <span class='ocrx_word' id='word_1_524' title='bbox 2754 3220 2924 3289; x_wconf 81' lang='lat' dir='ltr'><strong>igitur</strong></span> <span class='ocrx_word' id='word_1_525' title='bbox 2973 3232 3234 3290; x_wconf 90' lang='lat' dir='ltr'><strong>prospere</strong></span> <span class='ocrx_word' id='word_1_526' title='bbox 3282 3216 3494 3272; x_wconf 90' lang='lat' dir='ltr'><strong>devecti</strong></span> <span class='ocrx_word' id='word_1_527' title='bbox 3538 3214 3598 3268; x_wconf 91' lang='lat' dir='ltr'><strong>ad</strong></span> <span class='ocrx_word' id='word_1_528' title='bbox 3629 3210 3795 3279; x_wconf 78' lang='lat' dir='ltr'><strong>Anglos,</strong></span> 
     </span>
    </p>
   </div>
   <div class='ocr_carea' id='block_1_79' title="bbox 2292 3300 3795 3371">
    <p class='ocr_par' dir='ltr' id='par_1_79' title="bbox 2292 3300 3795 3371">
     <span class='ocr_line' id='line_1_79' title="bbox 2292 3300 3795 3371; baseline -0.01 -6"><span class='ocrx_word' id='word_1_529' title='bbox 2292 3326 2413 3365; x_wconf 92' lang='lat' dir='ltr'><strong>cum</strong></span> <span class='ocrx_word' id='word_1_530' title='bbox 2452 3310 2518 3363; x_wconf 89' lang='lat' dir='ltr'><strong>ad</strong></span> <span class='ocrx_word' id='word_1_531' title='bbox 2563 3309 2991 3364; x_wconf 85' lang='lat' dir='ltr'><strong>Wintoniensem</strong></span> <span class='ocrx_word' id='word_1_532' title='bbox 3053 3311 3336 3363; x_wconf 87' lang='lat' dir='ltr'><strong>venissent</strong></span> <span class='ocrx_word' id='word_1_533' title='bbox 3394 3305 3574 3360; x_wconf 84' lang='lat' dir='ltr'><strong>urbem</strong></span> <span class='ocrx_word' id='word_1_534' title='bbox 3623 3300 3795 3371; x_wconf 83' lang='lat' dir='ltr'><strong>plurima</strong></span> 
     </span>
    </p>
   </div>
   <div class='ocr_carea' id='block_1_80' title="bbox 2292 3396 3798 3469">
    <p class='ocr_par' dir='ltr' id='par_1_80' title="bbox 2292 3396 3798 3469">
     <span class='ocr_line' id='line_1_80' title="bbox 2292 3396 3798 3469; baseline -0.008 -14"><span class='ocrx_word' id='word_1_535' title='bbox 2292 3402 2423 3457; x_wconf 86' lang='lat' dir='ltr'><strong>in.bi</strong></span> <span class='ocrx_word' id='word_1_536' title='bbox 2454 3402 2715 3456; x_wconf 89' lang='lat' dir='ltr'><strong>miracula</strong></span> <span class='ocrx_word' id='word_1_537' title='bbox 2757 3401 3087 3455; x_wconf 85' lang='lat' dir='ltr'><strong>claruerunt.</strong></span> <span class='ocrx_word' id='word_1_538' title='bbox 3119 3400 3276 3469; x_wconf 80' lang='lat' dir='ltr'><strong>Apud</strong></span> <span class='ocrx_word' id='word_1_539' title='bbox 3315 3396 3679 3455; x_wconf 86' lang='lat' dir='ltr'><strong>Esseccstriam</strong></span> <span class='ocrx_word' id='word_1_540' title='bbox 3700 3404 3798 3461; x_wconf 85' lang='lat' dir='ltr'><strong>quo-</strong></span> 
     </span>
    </p>
   </div>
   <div class='ocr_carea' id='block_1_81' title="bbox 2292 3484 3796 3561">
    <p class='ocr_par' dir='ltr' id='par_1_81' title="bbox 2292 3484 3796 3561">
     <span class='ocr_line' id='line_1_81' title="bbox 2292 3484 3796 3561; baseline -0.006 -19"><span class='ocrx_word' id='word_1_541' title='bbox 2292 3507 2395 3561; x_wconf 88' lang='lat' dir='ltr'><strong>que</strong></span> <span class='ocrx_word' id='word_1_542' title='bbox 2433 3506 2540 3545; x_wconf 93' lang='lat' dir='ltr'><strong>non</strong></span> <span class='ocrx_word' id='word_1_543' title='bbox 2572 3492 2805 3560; x_wconf 87' lang='lat' dir='ltr'><strong>disparia</strong></span> <span class='ocrx_word' id='word_1_544' title='bbox 2856 3492 3223 3561; x_wconf 86' lang='lat' dir='ltr'><strong>contigerunt,</strong></span> <span class='ocrx_word' id='word_1_545' title='bbox 3254 3503 3558 3557; x_wconf 85' lang='lat' dir='ltr'><strong>causasque</strong></span> <span class='ocrx_word' id='word_1_546' title='bbox 3594 3484 3796 3552; x_wconf 85' lang='lat' dir='ltr'><strong>plurimo-</strong></span> 
     </span>
    </p>
   </div>
   <div class='ocr_carea' id='block_1_82' title="bbox 2291 3572 3804 3636">
    <p class='ocr_par' dir='ltr' id='par_1_82' title="bbox 2291 3572 3804 3636">
     <span class='ocr_line' id='line_1_82' title="bbox 2291 3572 3804 3636; baseline -0.009 0"><span class='ocrx_word' id='word_1_547' title='bbox 2291 3598 2409 3636; x_wconf 89' lang='lat' dir='ltr'><strong>rum</strong></span> <span class='ocrx_word' id='word_1_548' title='bbox 2441 3596 2725 3636; x_wconf 90' lang='lat' dir='ltr'><strong>munerum</strong></span> <span class='ocrx_word' id='word_1_549' title='bbox 2772 3580 3086 3636; x_wconf 80' lang='lat' dir='ltr'><strong>eﬂ‘ecernnt.</strong></span> <span class='ocrx_word' id='word_1_550' title='bbox 3121 3580 3429 3635; x_wconf 86' lang='lat' dir='ltr'><strong>Taceamns</strong></span> <span class='ocrx_word' id='word_1_551' title='bbox 3458 3572 3804 3633; x_wconf 77' lang='lat' dir='ltr'><strong>consuetudina-</strong></span> 
     </span>
    </p>
   </div>
   <div class='ocr_carea' id='block_1_83' title="bbox 2289 3667 3797 3743">
    <p class='ocr_par' dir='ltr' id='par_1_83' title="bbox 2289 3667 3797 3743">
     <span class='ocr_line' id='line_1_83' title="bbox 2289 3667 3797 3743; baseline -0.011 -16"><span class='ocrx_word' id='word_1_552' title='bbox 2289 3673 2402 3728; x_wconf 85' lang='lat' dir='ltr'><strong>rias</strong></span> <span class='ocrx_word' id='word_1_553' title='bbox 2453 3673 2831 3743; x_wconf 73' lang='lat' dir='ltr'><strong>aegritudinum</strong></span> <span class='ocrx_word' id='word_1_554' title='bbox 2871 3672 3186 3733; x_wconf 87' lang='lat' dir='ltr'><strong>medicinas,</strong></span> <span class='ocrx_word' id='word_1_555' title='bbox 3230 3670 3456 3724; x_wconf 88' lang='lat' dir='ltr'><strong>insolita</strong></span> <span class='ocrx_word' id='word_1_556' title='bbox 3512 3667 3797 3732; x_wconf 84' lang='lat' dir='ltr'><strong>attingamus.</strong></span> 
     </span>
    </p>
   </div>
   <div class='ocr_carea' id='block_1_84' title="bbox 2288 3754 3804 3832">
    <p class='ocr_par' dir='ltr' id='par_1_84' title="bbox 2288 3754 3804 3832">
     <span class='ocr_line' id='line_1_84' title="bbox 2288 3754 3804 3832; baseline -0.009 -15"><span class='ocrx_word' id='word_1_557' title='bbox 2288 3763 2405 3818; x_wconf 82' lang='lat' dir='ltr'><strong>Non</strong></span> <span class='ocrx_word' id='word_1_558' title='bbox 2444 3764 2588 3818; x_wconf 92' lang='lat' dir='ltr'><strong>enim</strong></span> <span class='ocrx_word' id='word_1_559' title='bbox 2630 3763 2733 3817; x_wconf 92' lang='lat' dir='ltr'><strong>ode</strong></span> <span class='ocrx_word' id='word_1_560' title='bbox 2761 3762 3006 3832; x_wconf 85' lang='lat' dir='ltr'><strong>puricum</strong></span> <span class='ocrx_word' id='word_1_561' title='bbox 3054 3776 3242 3815; x_wconf 89' lang='lat' dir='ltr'><strong>eorum</strong></span> <span class='ocrx_word' id='word_1_562' title='bbox 3263 3760 3576 3822; x_wconf 87' lang='lat' dir='ltr'><strong>scribimus,</strong></span> <span class='ocrx_word' id='word_1_563' title='bbox 3599 3754 3686 3824; x_wconf 87' lang='lat' dir='ltr'><strong>ipsi</strong></span> <span class='ocrx_word' id='word_1_564' title='bbox 3711 3766 3804 3806; x_wconf 88' lang='lat' dir='ltr'><strong>con-</strong></span> 
     </span>
    </p>
   </div>
   <div class='ocr_carea' id='block_1_85' title="bbox 2288 3840 3804 3920">
    <p class='ocr_par' dir='ltr' id='par_1_85' title="bbox 2288 3840 3804 3920">
     <span class='ocr_line' id='line_1_85' title="bbox 2288 3840 3804 3920; baseline -0.013 -10"><span class='ocrx_word' id='word_1_565' title='bbox 2288 3855 2548 3918; x_wconf 90' lang='lat' dir='ltr'><strong>scribant,</strong></span> <span class='ocrx_word' id='word_1_566' title='bbox 2584 3855 2838 3909; x_wconf 88' lang='lat' dir='ltr'><strong>neclacta</strong></span> <span class='ocrx_word' id='word_1_567' title='bbox 2862 3852 3064 3907; x_wconf 86' lang='lat' dir='ltr'><strong>viritim</strong></span> <span class='ocrx_word' id='word_1_568' title='bbox 3101 3856 3195 3906; x_wconf 93' lang='lat' dir='ltr'><strong>sed</strong></span> <span class='ocrx_word' id='word_1_569' title='bbox 3233 3866 3471 3920; x_wconf 68' lang='lat' dir='ltr'><strong>quaeque</strong></span> <span class='ocrx_word' id='word_1_570' title='bbox 3496 3840 3804 3919; x_wconf 72' lang='lat' dir='ltr'><strong>prredicatoria</strong></span> 
     </span>
    </p>
   </div>
   <div class='ocr_carea' id='block_1_86' title="bbox 2288 3941 3807 4016">
    <p class='ocr_par' dir='ltr' id='par_1_86' title="bbox 2288 3941 3807 4016">
     <span class='ocr_line' id='line_1_86' title="bbox 2288 3941 3807 4016; baseline -0.008 -15"><span class='ocrx_word' id='word_1_571' title='bbox 2288 3947 2643 4016; x_wconf 90' lang='lat' dir='ltr'><strong>decerpimus.</strong></span> <span class='ocrx_word' id='word_1_572' title='bbox 2685 3946 2740 3999; x_wconf 90' lang='lat' dir='ltr'><strong>ln</strong></span> <span class='ocrx_word' id='word_1_573' title='bbox 2770 3946 3021 4000; x_wconf 91' lang='lat' dir='ltr'><strong>omnibus</strong></span> <span class='ocrx_word' id='word_1_574' title='bbox 3066 3960 3202 4013; x_wconf 86' lang='lat' dir='ltr'><strong>pene</strong></span> <span class='ocrx_word' id='word_1_575' title='bbox 3248 3946 3387 4000; x_wconf 89' lang='lat' dir='ltr'><strong>locis</strong></span> <span class='ocrx_word' id='word_1_576' title='bbox 3443 3946 3740 4002; x_wconf 83' lang='lat' dir='ltr'><strong>reverenter,</strong></span> <span class='ocrx_word' id='word_1_577' title='bbox 3766 3941 3807 3985; x_wconf 78' lang='lat' dir='ltr'><strong>ut</strong></span> 
     </span>
    </p>
   </div>
   <div class='ocr_carea' id='block_1_87' title="bbox 2287 4034 3807 4109">
    <p class='ocr_par' dir='ltr' id='par_1_87' title="bbox 2287 4034 3807 4109">
     <span class='ocr_line' id='line_1_87' title="bbox 2287 4034 3807 4109; baseline -0.007 -16"><span class='ocrx_word' id='word_1_578' title='bbox 2287 4038 2646 4109; x_wconf 86' lang='lat' dir='ltr'><strong>competebat,</strong></span> <span class='ocrx_word' id='word_1_579' title='bbox 2694 4039 2925 4107; x_wconf 81' lang='lat' dir='ltr'><strong>excepti,</strong></span> <span class='ocrx_word' id='word_1_580' title='bbox 2961 4054 3083 4092; x_wconf 88' lang='lat' dir='ltr'><strong>cum</strong></span> <span class='ocrx_word' id='word_1_581' title='bbox 3133 4039 3198 4090; x_wconf 89' lang='lat' dir='ltr'><strong>ad</strong></span> <span class='ocrx_word' id='word_1_582' title='bbox 3228 4036 3415 4091; x_wconf 89' lang='lat' dir='ltr'><strong>vicum</strong></span> <span class='ocrx_word' id='word_1_583' title='bbox 3447 4034 3709 4103; x_wconf 86' lang='lat' dir='ltr'><strong>quemdam</strong></span> <span class='ocrx_word' id='word_1_584' title='bbox 3739 4041 3807 4079; x_wconf 71' lang='lat' dir='ltr'><strong>ve-</strong></span> 
     </span>
    </p>
   </div>
   <div class='ocr_carea' id='block_1_88' title="bbox 2286 4126 3808 4197">
    <p class='ocr_par' dir='ltr' id='par_1_88' title="bbox 2286 4126 3808 4197">
     <span class='ocr_line' id='line_1_88' title="bbox 2286 4126 3808 4197; baseline -0.005 -17"><span class='ocrx_word' id='word_1_585' title='bbox 2286 4126 2513 4191; x_wconf 89' lang='lat' dir='ltr'><strong>nissent,</strong></span> <span class='ocrx_word' id='word_1_586' title='bbox 2548 4142 2653 4181; x_wconf 90' lang='lat' dir='ltr'><strong>non</strong></span> <span class='ocrx_word' id='word_1_587' title='bbox 2692 4143 2723 4180; x_wconf 88' lang='lat' dir='ltr'><strong>a</strong></span> <span class='ocrx_word' id='word_1_588' title='bbox 2767 4127 3085 4197; x_wconf 78' lang='lat' dir='ltr'><strong>presbytero</strong></span> <span class='ocrx_word' id='word_1_589' title='bbox 3135 4127 3273 4179; x_wconf 89' lang='lat' dir='ltr'><strong>intra</strong></span> <span class='ocrx_word' id='word_1_590' title='bbox 3332 4126 3635 4185; x_wconf 87' lang='lat' dir='ltr'><strong>ecclesiam,</strong></span> <span class='ocrx_word' id='word_1_591' title='bbox 3679 4132 3808 4174; x_wconf 69' lang='lat' dir='ltr'><strong>non:</strong></span> 
     </span>
    </p>
   </div>
   <div class='ocr_carea' id='block_1_89' title="bbox 2286 4212 3810 4277">
    <p class='ocr_par' dir='ltr' id='par_1_89' title="bbox 2286 4212 3810 4277">
     <span class='ocr_line' id='line_1_89' title="bbox 2286 4212 3810 4277; baseline -0.004 -7"><span class='ocrx_word' id='word_1_592' title='bbox 2286 4218 2501 4272; x_wconf 90' lang='lat' dir='ltr'><strong>rusticis</strong></span> <span class='ocrx_word' id='word_1_593' title='bbox 2530 4218 2668 4272; x_wconf 91' lang='lat' dir='ltr'><strong>intra</strong></span> <span class='ocrx_word' id='word_1_594' title='bbox 2695 4218 2883 4272; x_wconf 88' lang='lat' dir='ltr'><strong>domos</strong></span> <span class='ocrx_word' id='word_1_595' title='bbox 2917 4217 3237 4272; x_wconf 88' lang='lat' dir='ltr'><strong>habitabiles</strong></span> <span class='ocrx_word' id='word_1_596' title='bbox 3269 4216 3503 4273; x_wconf 87' lang='lat' dir='ltr'><strong>admissi</strong></span> <span class='ocrx_word' id='word_1_597' title='bbox 3534 4224 3671 4277; x_wconf 87' lang='lat' dir='ltr'><strong>sunt;</strong></span> <span class='ocrx_word' id='word_1_598' title='bbox 3714 4212 3810 4264; x_wconf 77' lang='lat' dir='ltr'><strong>duas</strong></span> 
     </span>
    </p>
   </div>
   <div class='ocr_carea' id='block_1_90' title="bbox 2286 4305 3811 4375">
    <p class='ocr_par' dir='ltr' id='par_1_90' title="bbox 2286 4305 3811 4375">
     <span class='ocr_line' id='line_1_90' title="bbox 2286 4305 3811 4375; baseline -0.001 -16"><span class='ocrx_word' id='word_1_599' title='bbox 2286 4305 2416 4359; x_wconf 89' lang='lat' dir='ltr'><strong>inihi</strong></span> <span class='ocrx_word' id='word_1_600' title='bbox 2450 4306 2565 4360; x_wconf 91' lang='lat' dir='ltr'><strong>sine</strong></span> <span class='ocrx_word' id='word_1_601' title='bbox 2593 4306 2933 4361; x_wconf 86' lang='lat' dir='ltr'><strong>mansoribns</strong></span> <span class='ocrx_word' id='word_1_602' title='bbox 2962 4307 3104 4360; x_wconf 76' lang='lat' dir='ltr'><strong>mdes</strong></span> <span class='ocrx_word' id='word_1_603' title='bbox 3137 4316 3489 4375; x_wconf 87' lang='lat' dir='ltr'><strong>repererunt,</strong></span> <span class='ocrx_word' id='word_1_604' title='bbox 3535 4306 3586 4359; x_wconf 91' lang='lat' dir='ltr'><strong>in</strong></span> <span class='ocrx_word' id='word_1_605' title='bbox 3614 4315 3748 4357; x_wconf 81' lang='lat' dir='ltr'><strong>unam</strong></span> <span class='ocrx_word' id='word_1_606' title='bbox 3771 4312 3811 4350; x_wconf 64' lang='lat' dir='ltr'><strong>se</strong></span> 
     </span>
    </p>
   </div>
   <div class='ocr_carea' id='block_1_91' title="bbox 598 4387 3810 4485">
    <p class='ocr_par' dir='ltr' id='par_1_91' title="bbox 598 4387 3810 4485">
     <span class='ocr_line' id='line_1_91' title="bbox 598 4387 3810 4485; baseline -0.006 -24"><span class='ocrx_word' id='word_1_607' title='bbox 598 4396 857 4450; x_wconf 63' lang='grc' dir='ltr'><strong>ίεηηῖῦυε</strong></span> <span class='ocrx_word' id='word_1_608' title='bbox 893 4392 1132 4447; x_wconf 67' lang='lat' dir='ltr'><strong>donariis</strong></span> <span class='ocrx_word' id='word_1_609' title='bbox 1161 4398 1287 4445; x_wconf 72' lang='lat' dir='ltr'><strong>sum</strong></span> <span class='ocrx_word' id='word_1_610' title='bbox 1320 4404 1349 4442; x_wconf 74' lang='grc'><strong>³</strong></span> <span class='ocrx_word' id='word_1_611' title='bbox 1378 4387 1576 4457; x_wconf 72' lang='grc' dir='ltr'><strong>ροριιιο</strong></span> <span class='ocrx_word' id='word_1_612' title='bbox 1626 4388 1924 4442; x_wconf 62' lang='grc' dir='ltr'><strong>Ῑιοηυνθῑω·</strong></span> <span class='ocrx_word' id='word_1_613' title='bbox 1963 4387 2055 4442; x_wconf 73' lang='lat' dir='ltr'><strong>me</strong></span> <span class='ocrx_word' id='word_1_614' title='bbox 2084 4404 2179 4441; x_wconf 71' lang='lat' dir='ltr'><strong>all-</strong></span> <span class='ocrx_word' id='word_1_615' title='bbox 2205 4425 2258 4485; x_wconf 70' lang='grc' dir='ltr'><strong>ι)</strong></span> <span class='ocrx_word' id='word_1_616' title='bbox 2284 4406 2339 4453; x_wconf 91' lang='lat' dir='ltr'><strong>et</strong></span> <span class='ocrx_word' id='word_1_617' title='bbox 2378 4413 2479 4453; x_wconf 88' lang='lat' dir='ltr'><strong>sua</strong></span> <span class='ocrx_word' id='word_1_618' title='bbox 2527 4399 2907 4469; x_wconf 88' lang='lat' dir='ltr'><strong>impedimenta</strong></span> <span class='ocrx_word' id='word_1_619' title='bbox 2972 4399 3157 4454; x_wconf 88' lang='lat' dir='ltr'><strong>omnia</strong></span> <span class='ocrx_word' id='word_1_620' title='bbox 3202 4400 3577 4463; x_wconf 82' lang='lat' dir='ltr'><strong>conferentes,</strong></span> <span class='ocrx_word' id='word_1_621' title='bbox 3636 4395 3810 4450; x_wconf 83' lang='lat' dir='ltr'><strong>alteram</strong></span> 
     </span>
    </p>
   </div>
   <div class='ocr_carea' id='block_1_92' title="bbox 598 4480 2179 4551">
    <p class='ocr_par' dir='ltr' id='par_1_92' title="bbox 598 4480 2179 4551">
     <span class='ocr_line' id='line_1_92' title="bbox 598 4480 2179 4551; baseline -0.003 -11"><span class='ocrx_word' id='word_1_622' title='bbox 598 4497 714 4541; x_wconf 77' lang='lat' dir='ltr'><strong>tem</strong></span> <span class='ocrx_word' id='word_1_623' title='bbox 747 4494 924 4540; x_wconf 90' lang='lat' dir='ltr'><strong>mutus</strong></span> <span class='ocrx_word' id='word_1_624' title='bbox 943 4494 999 4541; x_wconf 91' lang='lat' dir='ltr'><strong>et</strong></span> <span class='ocrx_word' id='word_1_625' title='bbox 1024 4484 1239 4548; x_wconf 89' lang='lat' dir='ltr'><strong>surdus,</strong></span> <span class='ocrx_word' id='word_1_626' title='bbox 1266 4482 1351 4537; x_wconf 91' lang='lat' dir='ltr'><strong>cui</strong></span> <span class='ocrx_word' id='word_1_627' title='bbox 1376 4480 1583 4551; x_wconf 78' lang='lat' dir='ltr'><strong>praelati</strong></span> <span class='ocrx_word' id='word_1_628' title='bbox 1630 4480 1763 4535; x_wconf 92' lang='lat' dir='ltr'><strong>muti</strong></span> <span class='ocrx_word' id='word_1_629' title='bbox 1791 4490 1846 4534; x_wconf 90' lang='lat' dir='ltr'><strong>et</strong></span> <span class='ocrx_word' id='word_1_630' title='bbox 1876 4481 2023 4535; x_wconf 86' lang='lat' dir='ltr'><strong>surdi</strong></span> <span class='ocrx_word' id='word_1_631' title='bbox 2083 4496 2179 4549; x_wconf 91' lang='lat' dir='ltr'><strong>per</strong></span> 
     </span>
    </p>
   </div>
   <div class='ocr_carea' id='block_1_93' title="bbox 586 4568 2176 4648">
    <p class='ocr_par' dir='ltr' id='par_1_93' title="bbox 586 4568 2176 4648">
     <span class='ocr_line' id='line_1_93' title="bbox 586 4568 2176 4648; baseline -0.002 -21"><span class='ocrx_word' id='word_1_632' title='bbox 586 4568 1026 4648; x_wconf 65' lang='lat' dir='ltr'><strong>significationes</strong></span> <span class='ocrx_word' id='word_1_633' title='bbox 1078 4580 1389 4633; x_wconf 88' lang='lat' dir='ltr'><strong>innotuerat</strong></span> <span class='ocrx_word' id='word_1_634' title='bbox 1418 4573 1647 4638; x_wconf 85' lang='lat' dir='ltr'><strong>sanitas,</strong></span> <span class='ocrx_word' id='word_1_635' title='bbox 1678 4573 1786 4626; x_wconf 91' lang='lat' dir='ltr'><strong>imo</strong></span> <span class='ocrx_word' id='word_1_636' title='bbox 1819 4581 1874 4627; x_wconf 89' lang='lat' dir='ltr'><strong>et</strong></span> <span class='ocrx_word' id='word_1_637' title='bbox 1894 4572 2176 4641; x_wconf 72' lang='lat' dir='ltr'><strong>praesentia</strong></span> 
     </span>
    </p>
   </div>
   <div class='ocr_carea' id='block_1_94' title="bbox 603 4649 2176 4732">
    <p class='ocr_par' dir='ltr' id='par_1_94' title="bbox 603 4649 2176 4732">
     <span class='ocr_line' id='line_1_94' title="bbox 603 4649 2176 4732; baseline -0.003 -13"><span class='ocrx_word' id='word_1_638' title='bbox 603 4668 907 4732; x_wconf 86' lang='lat' dir='ltr'><strong>videbatur,</strong></span> <span class='ocrx_word' id='word_1_639' title='bbox 956 4668 1155 4722; x_wconf 87' lang='lat' dir='ltr'><strong>calceis</strong></span> <span class='ocrx_word' id='word_1_640' title='bbox 1193 4667 1306 4722; x_wconf 87' lang='lat' dir='ltr'><strong>suis</strong></span> <span class='ocrx_word' id='word_1_641' title='bbox 1344 4649 1557 4719; x_wconf 87' lang='lat' dir='ltr'><strong>cuidam</strong></span> <span class='ocrx_word' id='word_1_642' title='bbox 1607 4664 1827 4732; x_wconf 88' lang='lat' dir='ltr'><strong>pauperi</strong></span> <span class='ocrx_word' id='word_1_643' title='bbox 1881 4663 2176 4725; x_wconf 90' lang='lat' dir='ltr'><strong>attributis,</strong></span> 
     </span>
    </p>
   </div>
   <div class='ocr_carea' id='block_1_95' title="bbox 605 4754 2179 4828">
    <p class='ocr_par' dir='ltr' id='par_1_95' title="bbox 605 4754 2179 4828">
     <span class='ocr_line' id='line_1_95' title="bbox 605 4754 2179 4828; baseline -0.003 -16"><span class='ocrx_word' id='word_1_644' title='bbox 605 4760 851 4828; x_wconf 80' lang='lat' dir='ltr'><strong>nudipes,</strong></span> <span class='ocrx_word' id='word_1_645' title='bbox 904 4769 958 4813; x_wconf 90' lang='lat' dir='ltr'><strong>et</strong></span> <span class='ocrx_word' id='word_1_646' title='bbox 1004 4768 1184 4813; x_wconf 89' lang='lat' dir='ltr'><strong>mente</strong></span> <span class='ocrx_word' id='word_1_647' title='bbox 1235 4767 1551 4827; x_wconf 89' lang='lat' dir='ltr'><strong>compuncta</strong></span> <span class='ocrx_word' id='word_1_648' title='bbox 1598 4756 1933 4809; x_wconf 83' lang='lat' dir='ltr'><strong>Lehumnunt</strong></span> <span class='ocrx_word' id='word_1_649' title='bbox 1986 4754 2179 4825; x_wconf 74' lang='lat' dir='ltr'><strong>(vulgo</strong></span> 
     </span>
    </p>
   </div>
   <div class='ocr_carea' id='block_1_96' title="bbox 598 4847 2177 4919">
    <p class='ocr_par' dir='ltr' id='par_1_96' title="bbox 598 4847 2177 4919">
     <span class='ocr_line' id='line_1_96' title="bbox 598 4847 2177 4919; baseline -0.002 -17"><span class='ocrx_word' id='word_1_650' title='bbox 598 4849 798 4904; x_wconf 76' lang='lat' dir='ltr'><strong>Liltons</strong></span> <span class='ocrx_word' id='word_1_651' title='bbox 839 4866 903 4903; x_wconf 85' lang='lat' dir='ltr'><strong>en</strong></span> <span class='ocrx_word' id='word_1_652' title='bbox 955 4849 1223 4919; x_wconf 81' lang='lat' dir='ltr'><strong>Suntcrre)</strong></span> <span class='ocrx_word' id='word_1_653' title='bbox 1276 4848 1665 4903; x_wconf 86' lang='lat' dir='ltr'><strong>monasterium</strong></span> <span class='ocrx_word' id='word_1_654' title='bbox 1728 4860 1896 4916; x_wconf 88' lang='lat' dir='ltr'><strong>usque</strong></span> <span class='ocrx_word' id='word_1_655' title='bbox 1950 4847 2177 4914; x_wconf 86' lang='lat' dir='ltr'><strong>pignora</strong></span> 
     </span>
    </p>
   </div>
   <div class='ocr_carea' id='block_1_97' title="bbox 603 4935 2177 5009">
    <p class='ocr_par' dir='ltr' id='par_1_97' title="bbox 603 4935 2177 5009">
     <span class='ocr_line' id='line_1_97' title="bbox 603 4935 2177 5009; baseline -0.002 -16"><span class='ocrx_word' id='word_1_656' title='bbox 603 4955 756 4994; x_wconf 86' lang='lat' dir='ltr'><strong>sacra</strong></span> <span class='ocrx_word' id='word_1_657' title='bbox 787 4939 1154 5009; x_wconf 89' lang='lat' dir='ltr'><strong>prosequitur.</strong></span> <span class='ocrx_word' id='word_1_658' title='bbox 1186 4939 1428 5007; x_wconf 89' lang='lat' dir='ltr'><strong>Cumque</strong></span> <span class='ocrx_word' id='word_1_659' title='bbox 1452 4938 1551 4992; x_wconf 92' lang='lat' dir='ltr'><strong>sub</strong></span> <span class='ocrx_word' id='word_1_660' title='bbox 1577 4937 1775 4989; x_wconf 86' lang='lat' dir='ltr'><strong>feretro</strong></span> <span class='ocrx_word' id='word_1_661' title='bbox 1821 4935 2051 4989; x_wconf 86' lang='lat' dir='ltr'><strong>interdiu</strong></span> <span class='ocrx_word' id='word_1_662' title='bbox 2081 4951 2177 4990; x_wconf 77' lang='lat' dir='ltr'><strong>ex-</strong></span> 
     </span>
    </p>
   </div>
   <div class='ocr_carea' id='block_1_98' title="bbox 591 5026 2176 5101">
    <p class='ocr_par' dir='ltr' id='par_1_98' title="bbox 591 5026 2176 5101">
     <span class='ocr_line' id='line_1_98' title="bbox 591 5026 2176 5101; baseline -0.002 -17"><span class='ocrx_word' id='word_1_663' title='bbox 591 5033 848 5096; x_wconf 78' lang='lat' dir='ltr'><strong>cubaret,</strong></span> <span class='ocrx_word' id='word_1_664' title='bbox 872 5032 1001 5085; x_wconf 88' lang='lat' dir='ltr'><strong>hora</strong></span> <span class='ocrx_word' id='word_1_665' title='bbox 1032 5031 1326 5101; x_wconf 85' lang='lat' dir='ltr'><strong>prandendi</strong></span> <span class='ocrx_word' id='word_1_666' title='bbox 1347 5029 1673 5098; x_wconf 87' lang='lat' dir='ltr'><strong>contigerat.</strong></span> <span class='ocrx_word' id='word_1_667' title='bbox 1708 5026 1959 5082; x_wconf 84' lang='lat' dir='ltr'><strong>Plurimis</strong></span> <span class='ocrx_word' id='word_1_668' title='bbox 1996 5026 2176 5096; x_wconf 86' lang='lat' dir='ltr'><strong>itaque</strong></span> 
     </span>
    </p>
   </div>
   <div class='ocr_carea' id='block_1_99' title="bbox 602 5116 2172 5184">
    <p class='ocr_par' dir='ltr' id='par_1_99' title="bbox 602 5116 2172 5184">
     <span class='ocr_line' id='line_1_99' title="bbox 602 5116 2172 5184; baseline -0.004 -9"><span class='ocrx_word' id='word_1_669' title='bbox 602 5121 924 5176; x_wconf 90' lang='lat' dir='ltr'><strong>clericorum</strong></span> <span class='ocrx_word' id='word_1_670' title='bbox 978 5119 1227 5174; x_wconf 87' lang='lat' dir='ltr'><strong>euntibus</strong></span> <span class='ocrx_word' id='word_1_671' title='bbox 1276 5133 1451 5181; x_wconf 91' lang='lat' dir='ltr'><strong>esum,</strong></span> <span class='ocrx_word' id='word_1_672' title='bbox 1482 5126 1534 5169; x_wconf 79' lang='lat' dir='ltr'><strong>et</strong></span> <span class='ocrx_word' id='word_1_673' title='bbox 1581 5130 1747 5184; x_wconf 86' lang='lat' dir='ltr'><strong>parvo</strong></span> <span class='ocrx_word' id='word_1_674' title='bbox 1821 5129 2046 5168; x_wconf 86' lang='lat' dir='ltr'><strong>numero</strong></span> <span class='ocrx_word' id='word_1_675' title='bbox 2105 5116 2172 5168; x_wconf 91' lang='lat' dir='ltr'><strong>ad</strong></span> 
     </span>
    </p>
   </div>
   <div class='ocr_carea' id='block_1_100' title="bbox 593 5209 2173 5281">
    <p class='ocr_par' dir='ltr' id='par_1_100' title="bbox 593 5209 2173 5281">
     <span class='ocr_line' id='line_1_100' title="bbox 593 5209 2173 5281; baseline 0.001 -16"><span class='ocrx_word' id='word_1_676' title='bbox 593 5211 901 5267; x_wconf 85' lang='lat' dir='ltr'><strong>custodiam</strong></span> <span class='ocrx_word' id='word_1_677' title='bbox 946 5218 1260 5265; x_wconf 88' lang='lat' dir='ltr'><strong>remanente</strong></span> <span class='ocrx_word' id='word_1_678' title='bbox 1289 5223 1594 5271; x_wconf 83' lang='lat' dir='ltr'><strong>sacrorum,</strong></span> <span class='ocrx_word' id='word_1_679' title='bbox 1629 5223 1751 5262; x_wconf 89' lang='lat' dir='ltr'><strong>cum</strong></span> <span class='ocrx_word' id='word_1_680' title='bbox 1776 5218 1829 5263; x_wconf 91' lang='lat' dir='ltr'><strong>ct</strong></span> <span class='ocrx_word' id='word_1_681' title='bbox 1856 5209 1955 5278; x_wconf 90' lang='lat' dir='ltr'><strong>ipsi</strong></span> <span class='ocrx_word' id='word_1_682' title='bbox 1982 5214 2173 5281; x_wconf 89' lang='lat' dir='ltr'><strong>paulu-</strong></span> 
     </span>
    </p>
   </div>
   <div class='ocr_carea' id='block_1_101' title="bbox 605 5299 2173 5367">
    <p class='ocr_par' dir='ltr' id='par_1_101' title="bbox 605 5299 2173 5367">
     <span class='ocr_line' id='line_1_101' title="bbox 605 5299 2173 5367; baseline 0.004 -14"><span class='ocrx_word' id='word_1_683' title='bbox 605 5303 711 5355; x_wconf 91' lang='lat' dir='ltr'><strong>lum</strong></span> <span class='ocrx_word' id='word_1_684' title='bbox 762 5311 917 5356; x_wconf 81' lang='lat' dir='ltr'><strong>extra</strong></span> <span class='ocrx_word' id='word_1_685' title='bbox 963 5301 1246 5356; x_wconf 86' lang='lat' dir='ltr'><strong>ecclesiam</strong></span> <span class='ocrx_word' id='word_1_686' title='bbox 1299 5299 1702 5363; x_wconf 88' lang='lat' dir='ltr'><strong>deambulatum</strong></span> <span class='ocrx_word' id='word_1_687' title='bbox 1753 5300 1941 5367; x_wconf 90' lang='lat' dir='ltr'><strong>issent,</strong></span> <span class='ocrx_word' id='word_1_688' title='bbox 1993 5318 2173 5359; x_wconf 82' lang='lat' dir='ltr'><strong>rever-</strong></span> 
     </span>
    </p>
   </div>
   <div class='ocr_carea' id='block_1_102' title="bbox 602 5390 2173 5462">
    <p class='ocr_par' dir='ltr' id='par_1_102' title="bbox 602 5390 2173 5462">
     <span class='ocr_line' id='line_1_102' title="bbox 602 5390 2173 5462; baseline 0.004 -19"><span class='ocrx_word' id='word_1_689' title='bbox 602 5399 791 5445; x_wconf 79' lang='lat' dir='ltr'><strong>tentes—</strong></span> <span class='ocrx_word' id='word_1_690' title='bbox 823 5391 1105 5449; x_wconf 72' lang='lat' dir='ltr'><strong>inveniunt</strong></span> <span class='ocrx_word' id='word_1_691' title='bbox 1157 5390 1429 5446; x_wconf 91' lang='lat' dir='ltr'><strong>hominem</strong></span> <span class='ocrx_word' id='word_1_692' title='bbox 1481 5390 1595 5445; x_wconf 92' lang='lat' dir='ltr'><strong>solo</strong></span> <span class='ocrx_word' id='word_1_693' title='bbox 1634 5399 1863 5445; x_wconf 90' lang='lat' dir='ltr'><strong>stratum</strong></span> <span class='ocrx_word' id='word_1_694' title='bbox 1898 5401 2173 5462; x_wconf 88' lang='lat' dir='ltr'><strong>tantopere</strong></span> 
     </span>
    </p>
   </div>
   <div class='ocr_carea' id='block_1_103' title="bbox 604 5479 2172 5555">
    <p class='ocr_par' dir='ltr' id='par_1_103' title="bbox 604 5479 2172 5555">
     <span class='ocr_line' id='line_1_103' title="bbox 604 5479 2172 5555; baseline 0.004 -24"><span class='ocrx_word' id='word_1_695' title='bbox 604 5479 810 5545; x_wconf 85' lang='lat' dir='ltr'><strong>vexari,</strong></span> <span class='ocrx_word' id='word_1_696' title='bbox 833 5489 889 5534; x_wconf 91' lang='lat' dir='ltr'><strong>ut</strong></span> <span class='ocrx_word' id='word_1_697' title='bbox 918 5483 985 5534; x_wconf 88' lang='lat' dir='ltr'><strong>ab</strong></span> <span class='ocrx_word' id='word_1_698' title='bbox 1006 5496 1101 5536; x_wconf 90' lang='lat' dir='ltr'><strong>ore</strong></span> <span class='ocrx_word' id='word_1_699' title='bbox 1119 5481 1288 5552; x_wconf 90' lang='lat' dir='ltr'><strong>ipsius</strong></span> <span class='ocrx_word' id='word_1_700' title='bbox 1317 5489 1370 5536; x_wconf 90' lang='lat' dir='ltr'><strong>et</strong></span> <span class='ocrx_word' id='word_1_701' title='bbox 1399 5481 1621 5552; x_wconf 85' lang='lat' dir='ltr'><strong>auribus</strong></span> <span class='ocrx_word' id='word_1_702' title='bbox 1641 5496 1804 5536; x_wconf 87' lang='lat' dir='ltr'><strong>cruor</strong></span> <span class='ocrx_word' id='word_1_703' title='bbox 1824 5498 1947 5537; x_wconf 92' lang='lat' dir='ltr'><strong>cum</strong></span> <span class='ocrx_word' id='word_1_704' title='bbox 1979 5499 2172 5555; x_wconf 85' lang='lat' dir='ltr'><strong>magno</strong></span> 
     </span>
    </p>
   </div>
   <div class='ocr_carea' id='block_1_104' title="bbox 602 5564 2170 5641">
    <p class='ocr_par' dir='ltr' id='par_1_104' title="bbox 602 5564 2170 5641">
     <span class='ocr_line' id='line_1_104' title="bbox 602 5564 2170 5641; baseline 0.005 -22"><span class='ocrx_word' id='word_1_705' title='bbox 602 5564 777 5623; x_wconf 87' lang='lat' dir='ltr'><strong>fetore</strong></span> <span class='ocrx_word' id='word_1_706' title='bbox 820 5570 1123 5639; x_wconf 88' lang='lat' dir='ltr'><strong>proliueret.</strong></span> <span class='ocrx_word' id='word_1_707' title='bbox 1176 5569 1293 5637; x_wconf 85' lang='lat' dir='ltr'><strong>Quo</strong></span> <span class='ocrx_word' id='word_1_708' title='bbox 1330 5570 1510 5625; x_wconf 88' lang='lat' dir='ltr'><strong>clerici</strong></span> <span class='ocrx_word' id='word_1_709' title='bbox 1560 5570 1695 5633; x_wconf 90' lang='lat' dir='ltr'><strong>viso,</strong></span> <span class='ocrx_word' id='word_1_710' title='bbox 1725 5579 1781 5625; x_wconf 91' lang='lat' dir='ltr'><strong>et</strong></span> <span class='ocrx_word' id='word_1_711' title='bbox 1828 5571 2023 5639; x_wconf 81' lang='lat' dir='ltr'><strong>socios,</strong></span> <span class='ocrx_word' id='word_1_712' title='bbox 2077 5573 2170 5641; x_wconf 90' lang='lat' dir='ltr'><strong>qui</strong></span> 
     </span>
    </p>
   </div>
   <div class='ocr_carea' id='block_1_105' title="bbox 600 5663 2167 5731">
    <p class='ocr_par' dir='ltr' id='par_1_105' title="bbox 600 5663 2167 5731">
     <span class='ocr_line' id='line_1_105' title="bbox 600 5663 2167 5731; baseline 0.004 -16"><span class='ocrx_word' id='word_1_713' title='bbox 600 5674 858 5731; x_wconf 88' lang='lat' dir='ltr'><strong>pransum</strong></span> <span class='ocrx_word' id='word_1_714' title='bbox 887 5663 1084 5731; x_wconf 83' lang='lat' dir='ltr'><strong>ierant,</strong></span> <span class='ocrx_word' id='word_1_715' title='bbox 1106 5665 1176 5721; x_wconf 89' lang='lat' dir='ltr'><strong>ad</strong></span> <span class='ocrx_word' id='word_1_716' title='bbox 1202 5664 1474 5721; x_wconf 79' lang='lat' dir='ltr'><strong>theatrum</strong></span> <span class='ocrx_word' id='word_1_717' title='bbox 1509 5665 1640 5723; x_wconf 89' lang='lat' dir='ltr'><strong>tanti</strong></span> <span class='ocrx_word' id='word_1_718' title='bbox 1672 5664 1917 5720; x_wconf 83' lang='lat' dir='ltr'><strong>miraculi</strong></span> <span class='ocrx_word' id='word_1_719' title='bbox 1954 5666 2167 5722; x_wconf 79' lang='lat' dir='ltr'><strong>accele-</strong></span> 
     </span>
    </p>
   </div>
   <div class='ocr_carea' id='block_1_106' title="bbox 2282 4480 3813 4559">
    <p class='ocr_par' dir='ltr' id='par_1_106' title="bbox 2282 4480 3813 4559">
     <span class='ocr_line' id='line_1_106' title="bbox 2282 4480 3813 4559; baseline -0.003 -17"><span class='ocrx_word' id='word_1_720' title='bbox 2282 4488 2453 4543; x_wconf 89' lang='lat' dir='ltr'><strong>sacris</strong></span> <span class='ocrx_word' id='word_1_721' title='bbox 2474 4487 2717 4555; x_wconf 83' lang='lat' dir='ltr'><strong>reliquiis</strong></span> <span class='ocrx_word' id='word_1_722' title='bbox 2747 4497 3089 4557; x_wconf 86' lang='lat' dir='ltr'><strong>aptaverunt.</strong></span> <span class='ocrx_word' id='word_1_723' title='bbox 3124 4488 3481 4559; x_wconf 86' lang='lat' dir='ltr'><strong>Nequissimo</strong></span> <span class='ocrx_word' id='word_1_724' title='bbox 3502 4488 3673 4556; x_wconf 87' lang='lat' dir='ltr'><strong>itaque</strong></span> <span class='ocrx_word' id='word_1_725' title='bbox 3694 4480 3813 4549; x_wconf 67' lang='lat' dir='ltr'><strong>vulgo</strong></span> 
     </span>
    </p>
   </div>
   <div class='ocr_carea' id='block_1_107' title="bbox 2281 4572 3811 4649">
    <p class='ocr_par' dir='ltr' id='par_1_107' title="bbox 2281 4572 3811 4649">
     <span class='ocr_line' id='line_1_107' title="bbox 2281 4572 3811 4649; baseline -0.002 -19"><span class='ocrx_word' id='word_1_726' title='bbox 2281 4577 2333 4630; x_wconf 91' lang='lat' dir='ltr'><strong>in</strong></span> <span class='ocrx_word' id='word_1_727' title='bbox 2366 4593 2462 4632; x_wconf 89' lang='lat' dir='ltr'><strong>sua</strong></span> <span class='ocrx_word' id='word_1_728' title='bbox 2490 4588 2676 4632; x_wconf 88' lang='lat' dir='ltr'><strong>contra</strong></span> <span class='ocrx_word' id='word_1_729' title='bbox 2710 4578 2921 4634; x_wconf 86' lang='lat' dir='ltr'><strong>divinas</strong></span> <span class='ocrx_word' id='word_1_730' title='bbox 2965 4595 3051 4635; x_wconf 84' lang='lat' dir='ltr'><strong>res</strong></span> <span class='ocrx_word' id='word_1_731' title='bbox 3080 4580 3380 4649; x_wconf 87' lang='lat' dir='ltr'><strong>pertinacia</strong></span> <span class='ocrx_word' id='word_1_732' title='bbox 3417 4580 3745 4649; x_wconf 87' lang='lat' dir='ltr'><strong>perdurante,</strong></span> <span class='ocrx_word' id='word_1_733' title='bbox 3776 4572 3811 4623; x_wconf 84' lang='lat' dir='ltr'><strong>in</strong></span> 
     </span>
    </p>
   </div>
   <div class='ocr_carea' id='block_1_108' title="bbox 2280 4670 3814 4742">
    <p class='ocr_par' dir='ltr' id='par_1_108' title="bbox 2280 4670 3814 4742">
     <span class='ocr_line' id='line_1_108' title="bbox 2280 4670 3814 4742; baseline -0.001 -19"><span class='ocrx_word' id='word_1_734' title='bbox 2280 4670 2519 4725; x_wconf 87' lang='lat' dir='ltr'><strong>crastino</strong></span> <span class='ocrx_word' id='word_1_735' title='bbox 2556 4670 2735 4725; x_wconf 89' lang='lat' dir='ltr'><strong>clerici</strong></span> <span class='ocrx_word' id='word_1_736' title='bbox 2762 4687 2884 4725; x_wconf 91' lang='lat' dir='ltr'><strong>cum</strong></span> <span class='ocrx_word' id='word_1_737' title='bbox 2914 4670 2981 4725; x_wconf 91' lang='lat' dir='ltr'><strong>ab</strong></span> <span class='ocrx_word' id='word_1_738' title='bbox 3022 4671 3114 4727; x_wconf 89' lang='lat' dir='ltr'><strong>illo</strong></span> <span class='ocrx_word' id='word_1_739' title='bbox 3146 4686 3271 4725; x_wconf 90' lang='lat' dir='ltr'><strong>rure</strong></span> <span class='ocrx_word' id='word_1_740' title='bbox 3324 4672 3670 4742; x_wconf 86' lang='lat' dir='ltr'><strong>migrassent,</strong></span> <span class='ocrx_word' id='word_1_741' title='bbox 3720 4676 3814 4718; x_wconf 77' lang='lat' dir='ltr'><strong>ecce</strong></span> 
     </span>
    </p>
   </div>
   <div class='ocr_carea' id='block_1_109' title="bbox 2283 4755 3816 4834">
    <p class='ocr_par' dir='ltr' id='par_1_109' title="bbox 2283 4755 3816 4834">
     <span class='ocr_line' id='line_1_109' title="bbox 2283 4755 3816 4834; baseline -0.004 -19"><span class='ocrx_word' id='word_1_742' title='bbox 2283 4761 2639 4816; x_wconf 88' lang='lat' dir='ltr'><strong>tonitruorum</strong></span> <span class='ocrx_word' id='word_1_743' title='bbox 2668 4761 2830 4834; x_wconf 66' lang='grc'><strong>514</strong></span> <span class='ocrx_word' id='word_1_744' title='bbox 2851 4763 3091 4831; x_wconf 89' lang='lat' dir='ltr'><strong>crepitus</strong></span> <span class='ocrx_word' id='word_1_745' title='bbox 3120 4764 3425 4818; x_wconf 81' lang='lat' dir='ltr'><strong>terrificum</strong></span> <span class='ocrx_word' id='word_1_746' title='bbox 3454 4778 3485 4817; x_wconf 90' lang='lat' dir='ltr'><strong>e</strong></span> <span class='ocrx_word' id='word_1_747' title='bbox 3508 4762 3721 4816; x_wconf 87' lang='lat' dir='ltr'><strong>nubibus</strong></span> <span class='ocrx_word' id='word_1_748' title='bbox 3743 4755 3816 4808; x_wconf 77' lang='lat' dir='ltr'><strong>iub</strong></span> 
     </span>
    </p>
   </div>
   <div class='ocr_carea' id='block_1_110' title="bbox 2279 4850 3817 4923">
    <p class='ocr_par' dir='ltr' id='par_1_110' title="bbox 2279 4850 3817 4923">
     <span class='ocr_line' id='line_1_110' title="bbox 2279 4850 3817 4923; baseline -0.002 -19"><span class='ocrx_word' id='word_1_749' title='bbox 2279 4867 2400 4905; x_wconf 90' lang='lat' dir='ltr'><strong>men</strong></span> <span class='ocrx_word' id='word_1_750' title='bbox 2429 4854 2714 4921; x_wconf 86' lang='lat' dir='ltr'><strong>expressit,</strong></span> <span class='ocrx_word' id='word_1_751' title='bbox 2742 4854 2883 4921; x_wconf 88' lang='lat' dir='ltr'><strong>quod</strong></span> <span class='ocrx_word' id='word_1_752' title='bbox 2942 4854 3194 4909; x_wconf 88' lang='lat' dir='ltr'><strong>decidens</strong></span> <span class='ocrx_word' id='word_1_753' title='bbox 3238 4854 3420 4923; x_wconf 85' lang='lat' dir='ltr'><strong>bnrgo</strong></span> <span class='ocrx_word' id='word_1_754' title='bbox 3476 4853 3552 4907; x_wconf 90' lang='lat' dir='ltr'><strong>illi</strong></span> <span class='ocrx_word' id='word_1_755' title='bbox 3605 4850 3758 4910; x_wconf 88' lang='lat' dir='ltr'><strong>irruit,</strong></span> <span class='ocrx_word' id='word_1_756' title='bbox 3778 4854 3817 4897; x_wconf 81' lang='lat' dir='ltr'><strong>et</strong></span> 
     </span>
    </p>
   </div>
   <div class='ocr_carea' id='block_1_111' title="bbox 2277 4938 3816 5013">
    <p class='ocr_par' dir='ltr' id='par_1_111' title="bbox 2277 4938 3816 5013">
     <span class='ocr_line' id='line_1_111' title="bbox 2277 4938 3816 5013; baseline -0.002 -19"><span class='ocrx_word' id='word_1_757' title='bbox 2277 4941 2457 4996; x_wconf 88' lang='lat' dir='ltr'><strong>omnia</strong></span> <span class='ocrx_word' id='word_1_758' title='bbox 2500 4957 2620 5011; x_wconf 76' lang='lat' dir='ltr'><strong>quae</strong></span> <span class='ocrx_word' id='word_1_759' title='bbox 2649 4944 2701 4996; x_wconf 92' lang='lat' dir='ltr'><strong>in</strong></span> <span class='ocrx_word' id='word_1_760' title='bbox 2752 4942 2842 4997; x_wconf 92' lang='lat' dir='ltr'><strong>illo</strong></span> <span class='ocrx_word' id='word_1_761' title='bbox 2888 4942 3101 4997; x_wconf 86' lang='lat' dir='ltr'><strong>fuerant</strong></span> <span class='ocrx_word' id='word_1_762' title='bbox 3150 4944 3474 5013; x_wconf 84' lang='lat' dir='ltr'><strong>habitacula</strong></span> <span class='ocrx_word' id='word_1_763' title='bbox 3525 4945 3578 4997; x_wconf 89' lang='lat' dir='ltr'><strong>in</strong></span> <span class='ocrx_word' id='word_1_764' title='bbox 3628 4938 3816 4995; x_wconf 83' lang='lat' dir='ltr'><strong>favillam</strong></span> 
     </span>
    </p>
   </div>
   <div class='ocr_carea' id='block_1_112' title="bbox 2276 5027 3814 5098">
    <p class='ocr_par' dir='ltr' id='par_1_112' title="bbox 2276 5027 3814 5098">
     <span class='ocr_line' id='line_1_112' title="bbox 2276 5027 3814 5098; baseline -0.001 -15"><span class='ocrx_word' id='word_1_765' title='bbox 2276 5032 2459 5085; x_wconf 88' lang='lat' dir='ltr'><strong>vertit.</strong></span> <span class='ocrx_word' id='word_1_766' title='bbox 2491 5033 2576 5098; x_wconf 88' lang='lat' dir='ltr'><strong>Et,</strong></span> <span class='ocrx_word' id='word_1_767' title='bbox 2607 5048 2640 5085; x_wconf 88' lang='grc' dir='ltr'>ο</span> <span class='ocrx_word' id='word_1_768' title='bbox 2666 5032 2760 5087; x_wconf 89' lang='lat' dir='ltr'><strong>Dei</strong></span> <span class='ocrx_word' id='word_1_769' title='bbox 2791 5034 2929 5088; x_wconf 89' lang='lat' dir='ltr'><strong>mira</strong></span> <span class='ocrx_word' id='word_1_770' title='bbox 2982 5033 3266 5089; x_wconf 89' lang='lat' dir='ltr'><strong>discretio!</strong></span> <span class='ocrx_word' id='word_1_771' title='bbox 3310 5050 3445 5090; x_wconf 91' lang='lat' dir='ltr'><strong>cum</strong></span> <span class='ocrx_word' id='word_1_772' title='bbox 3483 5034 3587 5088; x_wconf 61' lang='lat' dir='ltr'><strong>illa?</strong></span> <span class='ocrx_word' id='word_1_773' title='bbox 3617 5031 3721 5085; x_wconf 70' lang='lat' dir='ltr'><strong>dua:</strong></span> <span class='ocrx_word' id='word_1_774' title='bbox 3745 5027 3814 5081; x_wconf 86' lang='lat' dir='ltr'><strong>do-</strong></span> 
     </span>
    </p>
   </div>
   <div class='ocr_carea' id='block_1_113' title="bbox 2275 5118 3816 5191">
    <p class='ocr_par' dir='ltr' id='par_1_113' title="bbox 2275 5118 3816 5191">
     <span class='ocr_line' id='line_1_113' title="bbox 2275 5118 3816 5191; baseline -0.004 -17"><span class='ocrx_word' id='word_1_775' title='bbox 2275 5136 2397 5175; x_wconf 90' lang='lat' dir='ltr'><strong>mus</strong></span> <span class='ocrx_word' id='word_1_776' title='bbox 2435 5121 2694 5177; x_wconf 70' lang='lat' dir='ltr'><strong>intersitas</strong></span> <span class='ocrx_word' id='word_1_777' title='bbox 2735 5121 2855 5176; x_wconf 88' lang='lat' dir='ltr'><strong>aliis</strong></span> <span class='ocrx_word' id='word_1_778' title='bbox 2894 5136 3013 5191; x_wconf 81' lang='lat' dir='ltr'><strong>quae</strong></span> <span class='ocrx_word' id='word_1_779' title='bbox 3043 5118 3554 5188; x_wconf 77' lang='lat' dir='ltr'><strong>ardebantlessent</strong></span> <span class='ocrx_word' id='word_1_780' title='bbox 3588 5119 3816 5177; x_wconf 86' lang='lat' dir='ltr'><strong>domibus,</strong></span> 
     </span>
    </p>
   </div>
   <div class='ocr_carea' id='block_1_114' title="bbox 2276 5213 3919 5289">
    <p class='ocr_par' dir='ltr' id='par_1_114' title="bbox 2276 5213 3919 5289">
     <span class='ocr_line' id='line_1_114' title="bbox 2276 5213 3919 5289; baseline -0.002 -24"><span class='ocrx_word' id='word_1_781' title='bbox 2276 5213 2377 5267; x_wconf 67' lang='lat' dir='ltr'><strong>illa:</strong></span> <span class='ocrx_word' id='word_1_782' title='bbox 2403 5224 2735 5277; x_wconf 89' lang='lat' dir='ltr'><strong>manserant,</strong></span> <span class='ocrx_word' id='word_1_783' title='bbox 2765 5224 2821 5267; x_wconf 91' lang='lat' dir='ltr'><strong>ut</strong></span> <span class='ocrx_word' id='word_1_784' title='bbox 2848 5215 2986 5268; x_wconf 87' lang='lat' dir='ltr'><strong>Deus</strong></span> <span class='ocrx_word' id='word_1_785' title='bbox 3011 5216 3232 5271; x_wconf 86' lang='lat' dir='ltr'><strong>evidens</strong></span> <span class='ocrx_word' id='word_1_786' title='bbox 3252 5216 3414 5269; x_wconf 87' lang='lat' dir='ltr'><strong>daret</strong></span> <span class='ocrx_word' id='word_1_787' title='bbox 3442 5214 3696 5269; x_wconf 88' lang='lat' dir='ltr'><strong>indicium</strong></span> <span class='ocrx_word' id='word_1_788' title='bbox 3720 5223 3818 5279; x_wconf 81' lang='lat' dir='ltr'><strong>pro-</strong></span> <span class='ocrx_word' id='word_1_789' title='bbox 3918 5213 3919 5289; x_wconf 52' lang='lat'>1</span> 
     </span>
    </p>
   </div>
   <div class='ocr_carea' id='block_1_115' title="bbox 2273 5292 3919 5381">
    <p class='ocr_par' dir='ltr' id='par_1_115' title="bbox 2273 5292 3919 5381">
     <span class='ocr_line' id='line_1_115' title="bbox 2273 5292 3919 5381; baseline -0.003 -24"><span class='ocrx_word' id='word_1_790' title='bbox 2273 5312 2396 5381; x_wconf 82' lang='lat' dir='ltr'><strong>pter</strong></span> <span class='ocrx_word' id='word_1_791' title='bbox 2424 5305 2854 5367; x_wconf 85' lang='lat' dir='ltr'><strong>irreverentiam,</strong></span> <span class='ocrx_word' id='word_1_792' title='bbox 2885 5321 3044 5375; x_wconf 88' lang='lat' dir='ltr'><strong>quam</strong></span> <span class='ocrx_word' id='word_1_793' title='bbox 3088 5321 3220 5376; x_wconf 78' lang='lat' dir='ltr'><strong>erga</strong></span> <span class='ocrx_word' id='word_1_794' title='bbox 3260 5305 3356 5359; x_wconf 88' lang='lat' dir='ltr'><strong>Dei</strong></span> <span class='ocrx_word' id='word_1_795' title='bbox 3388 5303 3719 5360; x_wconf 81' lang='lat' dir='ltr'><strong>Genitriccrn</strong></span> <span class='ocrx_word' id='word_1_796' title='bbox 3748 5299 3821 5352; x_wconf 50' lang='lat' dir='ltr'><strong>luto</strong></span> 
     </span>
    </p>
   </div>
   <div class='ocr_carea' id='block_1_116' title="bbox 2273 5390 3817 5465">
    <p class='ocr_par' dir='ltr' id='par_1_116' title="bbox 2273 5390 3817 5465">
     <span class='ocr_line' id='line_1_116' title="bbox 2273 5390 3817 5465; baseline -0.012 -7"><span class='ocrx_word' id='word_1_797' title='bbox 2273 5392 2523 5457; x_wconf 65' lang='lat' dir='ltr'><strong>buerunt.</strong></span> <span class='ocrx_word' id='word_1_798' title='bbox 2564 5394 2706 5448; x_wconf 91' lang='lat' dir='ltr'><strong>idem</strong></span> <span class='ocrx_word' id='word_1_799' title='bbox 2754 5395 2984 5451; x_wconf 86' lang='lat' dir='ltr'><strong>miseros</strong></span> <span class='ocrx_word' id='word_1_800' title='bbox 3010 5396 3258 5451; x_wconf 87' lang='lat' dir='ltr'><strong>homines</strong></span> <span class='ocrx_word' id='word_1_801' title='bbox 3286 5410 3488 5465; x_wconf 88' lang='lat' dir='ltr'><strong>passos</strong></span> <span class='ocrx_word' id='word_1_802' title='bbox 3535 5390 3817 5449; x_wconf 87' lang='lat' dir='ltr'><strong>incendium.</strong></span> 
     </span>
    </p>
   </div>
   <div class='ocr_carea' id='block_1_117' title="bbox 2270 5484 3821 5559">
    <p class='ocr_par' dir='ltr' id='par_1_117' title="bbox 2270 5484 3821 5559">
     <span class='ocr_line' id='line_1_117' title="bbox 2270 5484 3821 5559; baseline 0 -22"><span class='ocrx_word' id='word_1_803' title='bbox 2270 5484 2341 5538; x_wconf 84' lang='lat' dir='ltr'><strong>At</strong></span> <span class='ocrx_word' id='word_1_804' title='bbox 2362 5486 2645 5556; x_wconf 86' lang='lat' dir='ltr'><strong>presbyter</strong></span> <span class='ocrx_word' id='word_1_805' title='bbox 2674 5486 2974 5556; x_wconf 84' lang='lat' dir='ltr'><strong>improbus,</strong></span> <span class='ocrx_word' id='word_1_806' title='bbox 2998 5488 3087 5559; x_wconf 90' lang='lat' dir='ltr'><strong>qui</strong></span> <span class='ocrx_word' id='word_1_807' title='bbox 3121 5488 3173 5542; x_wconf 90' lang='lat' dir='ltr'><strong>in</strong></span> <span class='ocrx_word' id='word_1_808' title='bbox 3202 5487 3641 5558; x_wconf 10' lang='lat' dir='ltr'><strong>barbarisrquos</strong></span> <span class='ocrx_word' id='word_1_809' title='bbox 3667 5486 3821 5539; x_wconf 75' lang='lat' dir='ltr'><strong>docere</strong></span> 
     </span>
    </p>
   </div>
   <div class='ocr_carea' id='block_1_118' title="bbox 2273 5568 3819 5643">
    <p class='ocr_par' dir='ltr' id='par_1_118' title="bbox 2273 5568 3819 5643">
     <span class='ocr_line' id='line_1_118' title="bbox 2273 5568 3819 5643; baseline 0.001 -17"><span class='ocrx_word' id='word_1_810' title='bbox 2273 5573 2551 5640; x_wconf 89' lang='lat' dir='ltr'><strong>debuerat,</strong></span> <span class='ocrx_word' id='word_1_811' title='bbox 2604 5574 2979 5630; x_wconf 85' lang='lat' dir='ltr'><strong>crudelitatem</strong></span> <span class='ocrx_word' id='word_1_812' title='bbox 3030 5585 3275 5642; x_wconf 86' lang='lat' dir='ltr'><strong>auxerat,</strong></span> <span class='ocrx_word' id='word_1_813' title='bbox 3315 5576 3560 5632; x_wconf 77' lang='lat' dir='ltr'><strong>collecta</strong></span> <span class='ocrx_word' id='word_1_814' title='bbox 3595 5568 3819 5643; x_wconf 76' lang='lat' dir='ltr'><strong>suppelle-</strong></span> 
     </span>
    </p>
   </div>
   <div class='ocr_carea' id='block_1_119' title="bbox 2271 5665 3820 5760">
    <p class='ocr_par' dir='ltr' id='par_1_119' title="bbox 2271 5665 3820 5760">
     <span class='ocr_line' id='line_1_119' title="bbox 2271 5665 3820 5760; baseline 0.003 -41"><span class='ocrx_word' id='word_1_815' title='bbox 2271 5665 2383 5719; x_wconf 90' lang='lat' dir='ltr'><strong>ctili</strong></span> <span class='ocrx_word' id='word_1_816' title='bbox 2420 5679 2579 5735; x_wconf 88' lang='lat' dir='ltr'><strong>quam</strong></span> <span class='ocrx_word' id='word_1_817' title='bbox 2609 5665 2822 5738; x_wconf 84' lang='lat' dir='ltr'><strong>ignibus</strong></span> <span class='ocrx_word' id='word_1_818' title='bbox 2868 5666 3176 5751; x_wconf 71' lang='lat' dir='ltr'><strong>emicatibus</strong></span> <span class='ocrx_word' id='word_1_819' title='bbox 3206 5684 3265 5727; x_wconf 83' lang='lat' dir='ltr'><strong>se</strong></span> <span class='ocrx_word' id='word_1_820' title='bbox 3300 5668 3671 5760; x_wconf 46' lang='lat' dir='ltr'><strong>pmripuigre</strong></span> <span class='ocrx_word' id='word_1_821' title='bbox 3715 5674 3820 5733; x_wconf 65' lang='grc' dir='ltr'><strong>εαυ-</strong></span> 
     </span>
    </p>
   </div>
  </div>
