  <div class='ocr_page' id='page_1' title='image "/cluster/home/n/w/nwhite01/storage/ocr_20150623/156/hvd.32044010683712/476.png"; bbox 0 0 4018 6324; ppageno 0'>
   <div class='ocr_carea' id='block_1_1' title="bbox 242 354 2462 428">
    <p class='ocr_par' dir='ltr' id='par_1_1' title="bbox 242 354 2462 428">
     <span class='ocr_line' id='line_1_1' title="bbox 242 354 2462 428; baseline -0.006 -2"><span class='ocrx_word' id='word_1_1' title='bbox 242 370 325 428; x_wconf 73' lang='grc' dir='ltr'><strong>9η</strong></span> <span class='ocrx_word' id='word_1_2' title='bbox 1187 361 1275 417; x_wconf 84' lang='lat' dir='ltr'><strong>DE</strong></span> <span class='ocrx_word' id='word_1_3' title='bbox 1301 358 1458 417; x_wconf 79' lang='lat' dir='ltr'><strong>VITA</strong></span> <span class='ocrx_word' id='word_1_4' title='bbox 1496 356 1626 415; x_wconf 80' lang='lat' dir='ltr'><strong>SUA</strong></span> <span class='ocrx_word' id='word_1_5' title='bbox 1661 354 1837 410; x_wconf 75' lang='lat' dir='ltr'><strong>LIBRI</strong></span> <span class='ocrx_word' id='word_1_6' title='bbox 1878 354 2075 412; x_wconf 77' lang='lat' dir='ltr'><strong>TRES.</strong></span> <span class='ocrx_word' id='word_1_7' title='bbox 2118 387 2185 398; x_wconf 94' lang='lat'><strong>—</strong></span> <span class='ocrx_word' id='word_1_8' title='bbox 2213 356 2340 413; x_wconf 84' lang='lat' dir='ltr'><strong>LIB.</strong></span> <span class='ocrx_word' id='word_1_9' title='bbox 2376 356 2462 413; x_wconf 88' lang='lat' dir='ltr'><strong>III.</strong></span> 
     </span>
    </p>
   </div>
   <div class='ocr_carea' id='block_1_2' title="bbox 3351 365 3463 423">
    <p class='ocr_par' dir='ltr' id='par_1_2' title="bbox 3351 365 3463 423">
     <span class='ocr_line' id='line_1_2' title="bbox 3351 365 3463 423; baseline 0.027 -4"><span class='ocrx_word' id='word_1_10' title='bbox 3351 365 3463 423; x_wconf 68' lang='grc' dir='ltr'><strong>9η</strong></span> 
     </span>
    </p>
   </div>
   <div class='ocr_carea' id='block_1_3' title="bbox 232 470 3477 542">
    <p class='ocr_par' dir='ltr' id='par_1_3' title="bbox 232 470 3477 542">
     <span class='ocr_line' id='line_1_3' title="bbox 232 470 3477 542; baseline -0.003 -2"><span class='ocrx_word' id='word_1_11' title='bbox 232 484 386 542; x_wconf 86' lang='lat' dir='ltr'><strong>debat,</strong></span> <span class='ocrx_word' id='word_1_12' title='bbox 420 485 595 530; x_wconf 87' lang='lat' dir='ltr'><strong>utrum</strong></span> <span class='ocrx_word' id='word_1_13' title='bbox 630 471 696 527; x_wconf 89' lang='lat' dir='ltr'><strong>ad</strong></span> <span class='ocrx_word' id='word_1_14' title='bbox 732 471 932 528; x_wconf 79' lang='lat' dir='ltr'><strong>fulmen</strong></span> <span class='ocrx_word' id='word_1_15' title='bbox 967 474 1169 539; x_wconf 88' lang='lat' dir='ltr'><strong>nescio,</strong></span> <span class='ocrx_word' id='word_1_16' title='bbox 1208 488 1276 528; x_wconf 89' lang='lat' dir='ltr'><strong>an</strong></span> <span class='ocrx_word' id='word_1_17' title='bbox 1314 473 1381 528; x_wconf 89' lang='lat' dir='ltr'><strong>ad</strong></span> <span class='ocrx_word' id='word_1_18' title='bbox 1431 486 1581 528; x_wconf 90' lang='lat' dir='ltr'><strong>mare</strong></span> <span class='ocrx_word' id='word_1_19' title='bbox 1612 480 1788 525; x_wconf 87' lang='lat' dir='ltr'><strong>trans—</strong></span> <span class='ocrx_word' id='word_1_20' title='bbox 1821 472 1867 530; x_wconf 83' lang='grc' dir='ltr'><strong>Α</strong></span> <span class='ocrx_word' id='word_1_21' title='bbox 1898 470 2075 539; x_wconf 88' lang='lat' dir='ltr'><strong>aquila</strong></span> <span class='ocrx_word' id='word_1_22' title='bbox 2101 486 2164 527; x_wconf 79' lang='lat' dir='ltr'><strong>es</strong></span> <span class='ocrx_word' id='word_1_23' title='bbox 2193 486 2256 526; x_wconf 90' lang='lat' dir='ltr'><strong>ea</strong></span> <span class='ocrx_word' id='word_1_24' title='bbox 2286 471 2567 536; x_wconf 89' lang='lat' dir='ltr'><strong>deaurata,</strong></span> <span class='ocrx_word' id='word_1_25' title='bbox 2610 484 2732 541; x_wconf 62' lang='lat' dir='ltr'><strong>qua</strong></span> <span class='ocrx_word' id='word_1_26' title='bbox 2756 483 2897 528; x_wconf 63' lang='lat' dir='ltr'><strong>arce</strong></span> <span class='ocrx_word' id='word_1_27' title='bbox 2919 481 3232 532; x_wconf 80' lang='lat' dir='ltr'><strong>sanctorum</strong></span> <span class='ocrx_word' id='word_1_28' title='bbox 3258 474 3477 535; x_wconf 10' lang='lat' dir='ltr'><strong>feretur</strong></span> 
     </span>
    </p>
   </div>
   <div class='ocr_carea' id='block_1_4' title="bbox 229 563 1792 633">
    <p class='ocr_par' dir='ltr' id='par_1_4' title="bbox 229 563 1792 633">
     <span class='ocr_line' id='line_1_4' title="bbox 229 563 1792 633; baseline -0.011 -4"><span class='ocrx_word' id='word_1_29' title='bbox 229 576 382 629; x_wconf 86' lang='lat' dir='ltr'><strong>iturus</strong></span> <span class='ocrx_word' id='word_1_30' title='bbox 413 569 503 621; x_wconf 88' lang='lat' dir='ltr'><strong>adv</strong></span> <span class='ocrx_word' id='word_1_31' title='bbox 520 570 727 618; x_wconf 82' lang='lat' dir='ltr'><strong>exerat.</strong></span> <span class='ocrx_word' id='word_1_32' title='bbox 754 563 873 630; x_wconf 89' lang='lat' dir='ltr'><strong>Quo</strong></span> <span class='ocrx_word' id='word_1_33' title='bbox 910 563 965 617; x_wconf 90' lang='lat' dir='ltr'><strong>in</strong></span> <span class='ocrx_word' id='word_1_34' title='bbox 992 563 1111 620; x_wconf 92' lang='lat' dir='ltr'><strong>loco</strong></span> <span class='ocrx_word' id='word_1_35' title='bbox 1138 573 1330 619; x_wconf 90' lang='lat' dir='ltr'><strong>cuncta</strong></span> <span class='ocrx_word' id='word_1_36' title='bbox 1360 577 1481 633; x_wconf 67' lang='lat' dir='ltr'><strong>qua:</strong></span> <span class='ocrx_word' id='word_1_37' title='bbox 1503 573 1792 630; x_wconf 73' lang='lat' dir='ltr'><strong>congesse-</strong></span> 
     </span>
    </p>
   </div>
   <div class='ocr_carea' id='block_1_5' title="bbox 238 649 1788 727">
    <p class='ocr_par' dir='ltr' id='par_1_5' title="bbox 238 649 1788 727">
     <span class='ocr_line' id='line_1_5' title="bbox 238 649 1788 727; baseline -0.01 -9"><span class='ocrx_word' id='word_1_38' title='bbox 238 673 331 725; x_wconf 83' lang='lat' dir='ltr'><strong>rat,</strong></span> <span class='ocrx_word' id='word_1_39' title='bbox 360 668 409 715; x_wconf 91' lang='lat' dir='ltr'><strong>et</strong></span> <span class='ocrx_word' id='word_1_40' title='bbox 452 671 572 727; x_wconf 81' lang='lat' dir='ltr'><strong>quae</strong></span> <span class='ocrx_word' id='word_1_41' title='bbox 615 664 968 724; x_wconf 82' lang='lat' dir='ltr'><strong>transponere</strong></span> <span class='ocrx_word' id='word_1_42' title='bbox 1012 656 1306 720; x_wconf 89' lang='lat' dir='ltr'><strong>nitebatur,</strong></span> <span class='ocrx_word' id='word_1_43' title='bbox 1347 653 1637 709; x_wconf 80' lang='lat' dir='ltr'><strong>identidem</strong></span> <span class='ocrx_word' id='word_1_44' title='bbox 1682 649 1788 703; x_wconf 88' lang='lat' dir='ltr'><strong>ful-</strong></span> 
     </span>
    </p>
   </div>
   <div class='ocr_carea' id='block_1_6' title="bbox 240 743 1789 818">
    <p class='ocr_par' dir='ltr' id='par_1_6' title="bbox 240 743 1789 818">
     <span class='ocr_line' id='line_1_6' title="bbox 240 743 1789 818; baseline -0.01 -9"><span class='ocrx_word' id='word_1_45' title='bbox 240 756 371 809; x_wconf 86' lang='lat' dir='ltr'><strong>mine</strong></span> <span class='ocrx_word' id='word_1_46' title='bbox 397 758 512 805; x_wconf 91' lang='lat' dir='ltr'><strong>sunt</strong></span> <span class='ocrx_word' id='word_1_47' title='bbox 542 756 880 816; x_wconf 88' lang='lat' dir='ltr'><strong>consumpta.</strong></span> <span class='ocrx_word' id='word_1_48' title='bbox 921 748 999 802; x_wconf 86' lang='lat' dir='ltr'><strong>Ita</strong></span> <span class='ocrx_word' id='word_1_49' title='bbox 1028 764 1161 818; x_wconf 88' lang='lat' dir='ltr'><strong>gens</strong></span> <span class='ocrx_word' id='word_1_50' title='bbox 1192 746 1444 817; x_wconf 81' lang='lat' dir='ltr'><strong>agrestis,</strong></span> <span class='ocrx_word' id='word_1_51' title='bbox 1473 752 1529 798; x_wconf 92' lang='lat' dir='ltr'><strong>et</strong></span> <span class='ocrx_word' id='word_1_52' title='bbox 1581 743 1789 797; x_wconf 89' lang='lat' dir='ltr'><strong>incom-</strong></span> 
     </span>
    </p>
   </div>
   <div class='ocr_carea' id='block_1_7' title="bbox 224 835 1788 919">
    <p class='ocr_par' dir='ltr' id='par_1_7' title="bbox 224 835 1788 919">
     <span class='ocr_line' id='line_1_7' title="bbox 224 835 1788 919; baseline -0.008 -20"><span class='ocrx_word' id='word_1_53' title='bbox 224 840 397 919; x_wconf 74' lang='lat' dir='ltr'><strong>‘posita</strong></span> <span class='ocrx_word' id='word_1_54' title='bbox 447 844 512 898; x_wconf 88' lang='lat' dir='ltr'><strong>ad</strong></span> <span class='ocrx_word' id='word_1_55' title='bbox 583 840 679 895; x_wconf 88' lang='lat' dir='ltr'><strong>Dei</strong></span> <span class='ocrx_word' id='word_1_56' title='bbox 734 839 1119 910; x_wconf 83' lang='lat' dir='ltr'><strong>mysteriorum</strong></span> <span class='ocrx_word' id='word_1_57' title='bbox 1184 835 1618 907; x_wconf 85' lang='lat' dir='ltr'><strong>intelligentiam,</strong></span> <span class='ocrx_word' id='word_1_58' title='bbox 1674 835 1788 888; x_wconf 86' lang='lat' dir='ltr'><strong>suis</strong></span> 
     </span>
    </p>
   </div>
   <div class='ocr_carea' id='block_1_8' title="bbox 237 934 846 1003">
    <p class='ocr_par' dir='ltr' id='par_1_8' title="bbox 237 934 846 1003">
     <span class='ocr_line' id='line_1_8' title="bbox 237 934 846 1003; baseline -0.007 -13"><span class='ocrx_word' id='word_1_59' title='bbox 237 934 495 1003; x_wconf 89' lang='lat' dir='ltr'><strong>suppliciis</strong></span> <span class='ocrx_word' id='word_1_60' title='bbox 522 940 603 987; x_wconf 91' lang='lat' dir='ltr'><strong>est</strong></span> <span class='ocrx_word' id='word_1_61' title='bbox 628 935 846 988; x_wconf 89' lang='lat' dir='ltr'><strong>edocta.</strong></span> 
     </span>
    </p>
   </div>
   <div class='ocr_carea' id='block_1_9' title="bbox 215 1004 1790 1093">
    <p class='ocr_par' dir='ltr' id='par_1_9' title="bbox 215 1004 1790 1093">
     <span class='ocr_line' id='line_1_9' title="bbox 215 1004 1790 1093; baseline -0.005 -16"><span class='ocrx_word' id='word_1_62' title='bbox 215 1004 229 1049; x_wconf 44' lang='grc' dir='ltr'><em>θ</em></span> <span class='ocrx_word' id='word_1_63' title='bbox 300 1023 605 1093; x_wconf 79' lang='lat' dir='ltr'><strong>Sacrilegus,</strong></span> <span class='ocrx_word' id='word_1_64' title='bbox 656 1024 746 1093; x_wconf 86' lang='lat' dir='ltr'><strong>qui</strong></span> <span class='ocrx_word' id='word_1_65' title='bbox 805 1022 1054 1091; x_wconf 87' lang='lat' dir='ltr'><strong>pecunias</strong></span> <span class='ocrx_word' id='word_1_66' title='bbox 1107 1018 1273 1073; x_wconf 85' lang='lat' dir='ltr'><strong>sacris</strong></span> <span class='ocrx_word' id='word_1_67' title='bbox 1320 1018 1553 1088; x_wconf 88' lang='lat' dir='ltr'><strong>reliquiis</strong></span> <span class='ocrx_word' id='word_1_68' title='bbox 1584 1016 1790 1071; x_wconf 78' lang='lat' dir='ltr'><strong>oblatas</strong></span> 
     </span>
    </p>
   </div>
   <div class='ocr_carea' id='block_1_10' title="bbox 234 1107 1789 1184">
    <p class='ocr_par' dir='ltr' id='par_1_10' title="bbox 234 1107 1789 1184">
     <span class='ocr_line' id='line_1_10' title="bbox 234 1107 1789 1184; baseline -0.007 -14"><span class='ocrx_word' id='word_1_69' title='bbox 234 1114 519 1179; x_wconf 78' lang='lat' dir='ltr'><strong>abstulerat,</strong></span> <span class='ocrx_word' id='word_1_70' title='bbox 548 1112 732 1184; x_wconf 85' lang='lat' dir='ltr'><strong>laqueo</strong></span> <span class='ocrx_word' id='word_1_71' title='bbox 759 1130 813 1167; x_wconf 87' lang='lat' dir='ltr'><strong>se</strong></span> <span class='ocrx_word' id='word_1_72' title='bbox 841 1112 1129 1180; x_wconf 74' lang='lat' dir='ltr'><strong>suspendit.</strong></span> <span class='ocrx_word' id='word_1_73' title='bbox 1160 1141 1227 1151; x_wconf 92' lang='lat'><strong>—</strong></span> <span class='ocrx_word' id='word_1_74' title='bbox 1247 1111 1324 1166; x_wconf 84' lang='lat' dir='ltr'><strong>Ad</strong></span> <span class='ocrx_word' id='word_1_75' title='bbox 1349 1109 1494 1164; x_wconf 82' lang='lat' dir='ltr'><strong>aliud</strong></span> <span class='ocrx_word' id='word_1_76' title='bbox 1519 1107 1789 1177; x_wconf 85' lang='lat' dir='ltr'><strong>quoddam</strong></span> 
     </span>
    </p>
   </div>
   <div class='ocr_carea' id='block_1_11' title="bbox 234 1198 1791 1274">
    <p class='ocr_par' dir='ltr' id='par_1_11' title="bbox 234 1198 1791 1274">
     <span class='ocr_line' id='line_1_11' title="bbox 234 1198 1791 1274; baseline -0.007 -13"><span class='ocrx_word' id='word_1_77' title='bbox 234 1206 573 1274; x_wconf 87' lang='lat' dir='ltr'><strong>municipium</strong></span> <span class='ocrx_word' id='word_1_78' title='bbox 604 1213 890 1269; x_wconf 90' lang='lat' dir='ltr'><strong>venerant,</strong></span> <span class='ocrx_word' id='word_1_79' title='bbox 924 1204 977 1257; x_wconf 92' lang='lat' dir='ltr'><strong>in</strong></span> <span class='ocrx_word' id='word_1_80' title='bbox 1014 1218 1121 1271; x_wconf 90' lang='lat' dir='ltr'><strong>quo</strong></span> <span class='ocrx_word' id='word_1_81' title='bbox 1170 1216 1292 1255; x_wconf 85' lang='lat' dir='ltr'><strong>cum</strong></span> <span class='ocrx_word' id='word_1_82' title='bbox 1341 1217 1406 1257; x_wconf 79' lang='lat' dir='ltr'><strong>ex</strong></span> <span class='ocrx_word' id='word_1_83' title='bbox 1433 1198 1706 1269; x_wconf 87' lang='lat' dir='ltr'><strong>opinione,</strong></span> <span class='ocrx_word' id='word_1_84' title='bbox 1736 1208 1791 1250; x_wconf 93' lang='lat' dir='ltr'><strong>et</strong></span> 
     </span>
    </p>
   </div>
   <div class='ocr_carea' id='block_1_12' title="bbox 234 1291 1792 1362">
    <p class='ocr_par' dir='ltr' id='par_1_12' title="bbox 234 1291 1792 1362">
     <span class='ocr_line' id='line_1_12' title="bbox 234 1291 1792 1362; baseline -0.006 -9"><span class='ocrx_word' id='word_1_85' title='bbox 234 1296 488 1355; x_wconf 70' lang='lat' dir='ltr'><strong>evidentia</strong></span> <span class='ocrx_word' id='word_1_86' title='bbox 533 1294 939 1358; x_wconf 83' lang='lat' dir='ltr'><strong>miraculorum,</strong></span> <span class='ocrx_word' id='word_1_87' title='bbox 981 1302 1092 1347; x_wconf 91' lang='lat' dir='ltr'><strong>tum</strong></span> <span class='ocrx_word' id='word_1_88' title='bbox 1145 1291 1422 1362; x_wconf 74' lang='lat' dir='ltr'><strong>multiplex</strong></span> <span class='ocrx_word' id='word_1_89' title='bbox 1455 1291 1524 1345; x_wconf 87' lang='lat' dir='ltr'><strong>ad</strong></span> <span class='ocrx_word' id='word_1_90' title='bbox 1571 1298 1792 1343; x_wconf 87' lang='lat' dir='ltr'><strong>sanctas</strong></span> 
     </span>
    </p>
   </div>
   <div class='ocr_carea' id='block_1_13' title="bbox 232 1381 1794 1457">
    <p class='ocr_par' dir='ltr' id='par_1_13' title="bbox 232 1381 1794 1457">
     <span class='ocr_line' id='line_1_13' title="bbox 232 1381 1794 1457; baseline -0.004 -15"><span class='ocrx_word' id='word_1_91' title='bbox 232 1387 477 1457; x_wconf 81' lang='lat' dir='ltr'><strong>reliquias</strong></span> <span class='ocrx_word' id='word_1_92' title='bbox 526 1385 766 1441; x_wconf 81' lang='lat' dir='ltr'><strong>ferveret</strong></span> <span class='ocrx_word' id='word_1_93' title='bbox 811 1385 1034 1450; x_wconf 90' lang='lat' dir='ltr'><strong>oblatio,</strong></span> <span class='ocrx_word' id='word_1_94' title='bbox 1099 1382 1358 1453; x_wconf 84' lang='lat' dir='ltr'><strong>Anglicus</strong></span> <span class='ocrx_word' id='word_1_95' title='bbox 1408 1381 1626 1451; x_wconf 91' lang='lat' dir='ltr'><strong>quidam</strong></span> <span class='ocrx_word' id='word_1_96' title='bbox 1667 1388 1794 1435; x_wconf 85' lang='lat' dir='ltr'><strong>ante</strong></span> 
     </span>
    </p>
   </div>
   <div class='ocr_carea' id='block_1_14' title="bbox 233 1474 1790 1547">
    <p class='ocr_par' dir='ltr' id='par_1_14' title="bbox 233 1474 1790 1547">
     <span class='ocr_line' id='line_1_14' title="bbox 233 1474 1790 1547; baseline -0.004 -12"><span class='ocrx_word' id='word_1_97' title='bbox 233 1479 503 1535; x_wconf 82' lang='lat' dir='ltr'><strong>ecclesiam</strong></span> <span class='ocrx_word' id='word_1_98' title='bbox 533 1478 743 1547; x_wconf 90' lang='lat' dir='ltr'><strong>positus</strong></span> <span class='ocrx_word' id='word_1_99' title='bbox 772 1478 992 1533; x_wconf 80' lang='lat' dir='ltr'><strong>dixitad</strong></span> <span class='ocrx_word' id='word_1_100' title='bbox 1021 1476 1227 1532; x_wconf 90' lang='lat' dir='ltr'><strong>socium</strong></span> <span class='ocrx_word' id='word_1_101' title='bbox 1256 1493 1270 1528; x_wconf 89' lang='lat'><strong>:</strong></span> <span class='ocrx_word' id='word_1_102' title='bbox 1304 1474 1506 1529; x_wconf 72' lang='lat' dir='ltr'><strong>Eamus</strong></span> <span class='ocrx_word' id='word_1_103' title='bbox 1534 1474 1790 1530; x_wconf 90' lang='lat' dir='ltr'><strong>bibitum.</strong></span> 
     </span>
    </p>
   </div>
   <div class='ocr_carea' id='block_1_15' title="bbox 227 1564 1790 1636">
    <p class='ocr_par' dir='ltr' id='par_1_15' title="bbox 227 1564 1790 1636">
     <span class='ocr_line' id='line_1_15' title="bbox 227 1564 1790 1636; baseline -0.005 -11"><span class='ocrx_word' id='word_1_104' title='bbox 227 1570 291 1625; x_wconf 83' lang='lat' dir='ltr'><strong>At</strong></span> <span class='ocrx_word' id='word_1_105' title='bbox 345 1569 452 1635; x_wconf 90' lang='lat' dir='ltr'><strong>ille,</strong></span> <span class='ocrx_word' id='word_1_106' title='bbox 493 1584 600 1623; x_wconf 87' lang='lat' dir='ltr'><strong>non</strong></span> <span class='ocrx_word' id='word_1_107' title='bbox 668 1567 842 1622; x_wconf 86' lang='lat' dir='ltr'><strong>habeo</strong></span> <span class='ocrx_word' id='word_1_108' title='bbox 891 1567 1147 1636; x_wconf 90' lang='lat' dir='ltr'><strong>pretium.</strong></span> <span class='ocrx_word' id='word_1_109' title='bbox 1195 1564 1331 1636; x_wconf 86' lang='lat' dir='ltr'><strong>Ego,</strong></span> <span class='ocrx_word' id='word_1_110' title='bbox 1390 1564 1486 1629; x_wconf 87' lang='lat' dir='ltr'><strong>ait,</strong></span> <span class='ocrx_word' id='word_1_111' title='bbox 1541 1564 1790 1619; x_wconf 75' lang='lat' dir='ltr'><strong>inferam.</strong></span> 
     </span>
    </p>
   </div>
   <div class='ocr_carea' id='block_1_16' title="bbox 226 1653 1795 1729">
    <p class='ocr_par' dir='ltr' id='par_1_16' title="bbox 226 1653 1795 1729">
     <span class='ocr_line' id='line_1_16' title="bbox 226 1653 1795 1729; baseline -0.003 -15"><span class='ocrx_word' id='word_1_112' title='bbox 226 1661 481 1728; x_wconf 89' lang='lat' dir='ltr'><strong>Quonam,</strong></span> <span class='ocrx_word' id='word_1_113' title='bbox 521 1658 719 1729; x_wconf 86' lang='lat' dir='ltr'><strong>inquit,</strong></span> <span class='ocrx_word' id='word_1_114' title='bbox 766 1658 1050 1728; x_wconf 82' lang='lat' dir='ltr'><strong>reperies?</strong></span> <span class='ocrx_word' id='word_1_115' title='bbox 1092 1656 1411 1721; x_wconf 89' lang='lat' dir='ltr'><strong>Considero,</strong></span> <span class='ocrx_word' id='word_1_116' title='bbox 1439 1655 1534 1721; x_wconf 91' lang='lat' dir='ltr'><strong>ait,</strong></span> <span class='ocrx_word' id='word_1_117' title='bbox 1567 1656 1665 1711; x_wconf 89' lang='lat' dir='ltr'><strong>hos</strong></span> <span class='ocrx_word' id='word_1_118' title='bbox 1693 1653 1795 1709; x_wconf 87' lang='lat' dir='ltr'><strong>cle-</strong></span> 
     </span>
    </p>
   </div>
   <div class='ocr_carea' id='block_1_17' title="bbox 225 1746 1789 1820">
    <p class='ocr_par' dir='ltr' id='par_1_17' title="bbox 225 1746 1789 1820">
     <span class='ocr_line' id='line_1_17' title="bbox 225 1746 1789 1820; baseline -0.003 -13"><span class='ocrx_word' id='word_1_119' title='bbox 225 1754 360 1808; x_wconf 89' lang='lat' dir='ltr'><strong>ricos</strong></span> <span class='ocrx_word' id='word_1_120' title='bbox 402 1752 492 1820; x_wconf 92' lang='lat' dir='ltr'><strong>qui</strong></span> <span class='ocrx_word' id='word_1_121' title='bbox 543 1750 825 1806; x_wconf 84' lang='lat' dir='ltr'><strong>mendacio</strong></span> <span class='ocrx_word' id='word_1_122' title='bbox 880 1765 945 1805; x_wconf 88' lang='lat' dir='ltr'><strong>ac</strong></span> <span class='ocrx_word' id='word_1_123' title='bbox 994 1748 1285 1819; x_wconf 64' lang='lat' dir='ltr'><strong>praestigiis</strong></span> <span class='ocrx_word' id='word_1_124' title='bbox 1333 1757 1411 1803; x_wconf 92' lang='lat' dir='ltr'><strong>tot</strong></span> <span class='ocrx_word' id='word_1_125' title='bbox 1452 1746 1708 1818; x_wconf 87' lang='lat' dir='ltr'><strong>pecunias</strong></span> <span class='ocrx_word' id='word_1_126' title='bbox 1760 1763 1789 1802; x_wconf 89' lang='lat' dir='ltr'><strong>a</strong></span> 
     </span>
    </p>
   </div>
   <div class='ocr_carea' id='block_1_18' title="bbox 1892 561 3465 633">
    <p class='ocr_par' dir='ltr' id='par_1_18' title="bbox 1892 561 3465 633">
     <span class='ocr_line' id='line_1_18' title="bbox 1892 561 3465 633; baseline 0.004 -15"><span class='ocrx_word' id='word_1_127' title='bbox 1892 561 2190 618; x_wconf 88' lang='lat' dir='ltr'><strong>continenti</strong></span> <span class='ocrx_word' id='word_1_128' title='bbox 2220 571 2522 629; x_wconf 84' lang='lat' dir='ltr'><strong>supererat,</strong></span> <span class='ocrx_word' id='word_1_129' title='bbox 2546 562 2745 617; x_wconf 84' lang='lat' dir='ltr'><strong>saltum</strong></span> <span class='ocrx_word' id='word_1_130' title='bbox 2779 561 2983 619; x_wconf 85' lang='lat' dir='ltr'><strong>faciens</strong></span> <span class='ocrx_word' id='word_1_131' title='bbox 3009 566 3163 633; x_wconf 91' lang='lat' dir='ltr'><strong>quasi</strong></span> <span class='ocrx_word' id='word_1_132' title='bbox 3196 566 3465 625; x_wconf 82' lang='lat' dir='ltr'><strong>violenter</strong></span> 
     </span>
    </p>
   </div>
   <div class='ocr_carea' id='block_1_19' title="bbox 1893 648 3464 723">
    <p class='ocr_par' dir='ltr' id='par_1_19' title="bbox 1893 648 3464 723">
     <span class='ocr_line' id='line_1_19' title="bbox 1893 648 3464 723; baseline 0.007 -21"><span class='ocrx_word' id='word_1_133' title='bbox 1893 648 2122 719; x_wconf 89' lang='lat' dir='ltr'><strong>impulsa</strong></span> <span class='ocrx_word' id='word_1_134' title='bbox 2147 649 2276 704; x_wconf 89' lang='lat' dir='ltr'><strong>ruit.</strong></span> <span class='ocrx_word' id='word_1_135' title='bbox 2315 648 2391 703; x_wconf 82' lang='lat' dir='ltr'><strong>Ex</strong></span> <span class='ocrx_word' id='word_1_136' title='bbox 2414 665 2523 719; x_wconf 90' lang='lat' dir='ltr'><strong>quo</strong></span> <span class='ocrx_word' id='word_1_137' title='bbox 2547 661 2743 706; x_wconf 88' lang='lat' dir='ltr'><strong>eventu</strong></span> <span class='ocrx_word' id='word_1_138' title='bbox 2778 659 2907 707; x_wconf 89' lang='lat' dir='ltr'><strong>tunc</strong></span> <span class='ocrx_word' id='word_1_139' title='bbox 2927 653 3141 723; x_wconf 84' lang='lat' dir='ltr'><strong>quidem</strong></span> <span class='ocrx_word' id='word_1_140' title='bbox 3170 655 3305 711; x_wconf 85' lang='lat' dir='ltr'><strong>tales</strong></span> <span class='ocrx_word' id='word_1_141' title='bbox 3330 672 3464 713; x_wconf 80' lang='lat' dir='ltr'><strong>con-</strong></span> 
     </span>
    </p>
   </div>
   <div class='ocr_carea' id='block_1_20' title="bbox 1886 740 3461 819">
    <p class='ocr_par' dir='ltr' id='par_1_20' title="bbox 1886 740 3461 819">
     <span class='ocr_line' id='line_1_20' title="bbox 1886 740 3461 819; baseline 0.006 -24"><span class='ocrx_word' id='word_1_142' title='bbox 1886 740 2129 809; x_wconf 86' lang='lat' dir='ltr'><strong>jccturas</strong></span> <span class='ocrx_word' id='word_1_143' title='bbox 2182 741 2506 807; x_wconf 88' lang='lat' dir='ltr'><strong>habuerunt,</strong></span> <span class='ocrx_word' id='word_1_144' title='bbox 2569 743 2723 812; x_wconf 90' lang='lat' dir='ltr'><strong>quasi</strong></span> <span class='ocrx_word' id='word_1_145' title='bbox 2778 744 3095 815; x_wconf 87' lang='lat' dir='ltr'><strong>principalis</strong></span> <span class='ocrx_word' id='word_1_146' title='bbox 3150 762 3277 815; x_wconf 85' lang='lat' dir='ltr'><strong>pars</strong></span> <span class='ocrx_word' id='word_1_147' title='bbox 3331 748 3461 819; x_wconf 82' lang='lat' dir='ltr'><strong>loci,</strong></span> 
     </span>
    </p>
   </div>
   <div class='ocr_carea' id='block_1_21' title="bbox 1892 832 3465 902">
    <p class='ocr_par' dir='ltr' id='par_1_21' title="bbox 1892 832 3465 902">
     <span class='ocr_line' id='line_1_21' title="bbox 1892 832 3465 902; baseline 0.004 -14"><span class='ocrx_word' id='word_1_148' title='bbox 1892 833 2175 902; x_wconf 88' lang='lat' dir='ltr'><strong>episcopus</strong></span> <span class='ocrx_word' id='word_1_149' title='bbox 2206 832 2412 888; x_wconf 89' lang='lat' dir='ltr'><strong>scilicet</strong></span> <span class='ocrx_word' id='word_1_150' title='bbox 2458 835 2753 889; x_wconf 90' lang='lat' dir='ltr'><strong>moriturus</strong></span> <span class='ocrx_word' id='word_1_151' title='bbox 2794 846 2958 891; x_wconf 86' lang='lat' dir='ltr'><strong>esset.</strong></span> <span class='ocrx_word' id='word_1_152' title='bbox 3005 838 3079 891; x_wconf 84' lang='lat' dir='ltr'><strong>At</strong></span> <span class='ocrx_word' id='word_1_153' title='bbox 3114 852 3243 894; x_wconf 90' lang='lat' dir='ltr'><strong>vero</strong></span> <span class='ocrx_word' id='word_1_154' title='bbox 3270 854 3370 895; x_wconf 87' lang='lat' dir='ltr'><strong>nos</strong></span> <span class='ocrx_word' id='word_1_155' title='bbox 3406 852 3465 897; x_wconf 85' lang='lat' dir='ltr'><strong>et</strong></span> 
     </span>
    </p>
   </div>
   <div class='ocr_carea' id='block_1_22' title="bbox 1894 922 3470 1001">
    <p class='ocr_par' dir='ltr' id='par_1_22' title="bbox 1894 922 3470 1001">
     <span class='ocr_line' id='line_1_22' title="bbox 1894 922 3470 1001; baseline 0.005 -22"><span class='ocrx_word' id='word_1_156' title='bbox 1894 926 2009 979; x_wconf 62' lang='lat' dir='ltr'><strong>haec</strong></span> <span class='ocrx_word' id='word_1_157' title='bbox 2038 924 2229 979; x_wconf 90' lang='lat' dir='ltr'><strong>eadem</strong></span> <span class='ocrx_word' id='word_1_158' title='bbox 2279 922 2508 978; x_wconf 80' lang='lat' dir='ltr'><strong>forsitan</strong></span> <span class='ocrx_word' id='word_1_159' title='bbox 2544 924 2846 995; x_wconf 81' lang='lat' dir='ltr'><strong>significata</strong></span> <span class='ocrx_word' id='word_1_160' title='bbox 2876 927 3161 995; x_wconf 83' lang='lat' dir='ltr'><strong>sentimus,</strong></span> <span class='ocrx_word' id='word_1_161' title='bbox 3202 938 3257 985; x_wconf 94' lang='lat' dir='ltr'><strong>et</strong></span> <span class='ocrx_word' id='word_1_162' title='bbox 3291 932 3470 1001; x_wconf 83' lang='lat' dir='ltr'><strong>digni-</strong></span> 
     </span>
    </p>
   </div>
   <div class='ocr_carea' id='block_1_23' title="bbox 1895 1015 3467 1084">
    <p class='ocr_par' dir='ltr' id='par_1_23' title="bbox 1895 1015 3467 1084">
     <span class='ocr_line' id='line_1_23' title="bbox 1895 1015 3467 1084; baseline 0.007 -14"><span class='ocrx_word' id='word_1_163' title='bbox 1895 1023 2057 1071; x_wconf 87' lang='lat' dir='ltr'><strong>tatem</strong></span> <span class='ocrx_word' id='word_1_164' title='bbox 2095 1015 2265 1081; x_wconf 85' lang='lat' dir='ltr'><strong>urbis,</strong></span> <span class='ocrx_word' id='word_1_165' title='bbox 2297 1029 2418 1084; x_wconf 73' lang='lat' dir='ltr'><strong>qua:</strong></span> <span class='ocrx_word' id='word_1_166' title='bbox 2466 1015 2774 1084; x_wconf 86' lang='lat' dir='ltr'><strong>specialiter</strong></span> <span class='ocrx_word' id='word_1_167' title='bbox 2821 1018 2963 1075; x_wconf 92' lang='lat' dir='ltr'><strong>inter</strong></span> <span class='ocrx_word' id='word_1_168' title='bbox 3012 1022 3178 1076; x_wconf 91' lang='lat' dir='ltr'><strong>urbes</strong></span> <span class='ocrx_word' id='word_1_169' title='bbox 3218 1021 3467 1081; x_wconf 77' lang='lat' dir='ltr'><strong>Francia:</strong></span> 
     </span>
    </p>
   </div>
   <div class='ocr_carea' id='block_1_24' title="bbox 1892 1106 3469 1180">
    <p class='ocr_par' dir='ltr' id='par_1_24' title="bbox 1892 1106 3469 1180">
     <span class='ocr_line' id='line_1_24' title="bbox 1892 1106 3469 1180; baseline 0.007 -21"><span class='ocrx_word' id='word_1_170' title='bbox 1892 1107 2060 1160; x_wconf 90' lang='lat' dir='ltr'><strong>totius</strong></span> <span class='ocrx_word' id='word_1_171' title='bbox 2092 1114 2173 1161; x_wconf 90' lang='lat' dir='ltr'><strong>est</strong></span> <span class='ocrx_word' id='word_1_172' title='bbox 2209 1106 2376 1177; x_wconf 83' lang='lat' dir='ltr'><strong>regia,</strong></span> <span class='ocrx_word' id='word_1_173' title='bbox 2410 1106 2608 1172; x_wconf 85' lang='lat' dir='ltr'><strong>ruisse,</strong></span> <span class='ocrx_word' id='word_1_174' title='bbox 2673 1107 2781 1162; x_wconf 89' lang='lat' dir='ltr'><strong>imo</strong></span> <span class='ocrx_word' id='word_1_175' title='bbox 2812 1110 2984 1180; x_wconf 89' lang='lat' dir='ltr'><strong>magis</strong></span> <span class='ocrx_word' id='word_1_176' title='bbox 3030 1112 3296 1167; x_wconf 90' lang='lat' dir='ltr'><strong>ruituram</strong></span> <span class='ocrx_word' id='word_1_177' title='bbox 3344 1128 3469 1170; x_wconf 84' lang='lat' dir='ltr'><strong>esse</strong></span> 
     </span>
    </p>
   </div>
   <div class='ocr_carea' id='block_1_25' title="bbox 1894 1195 3467 1267">
    <p class='ocr_par' dir='ltr' id='par_1_25' title="bbox 1894 1195 3467 1267">
     <span class='ocr_line' id='line_1_25' title="bbox 1894 1195 3467 1267; baseline 0.008 -18"><span class='ocrx_word' id='word_1_178' title='bbox 1894 1206 2169 1267; x_wconf 86' lang='lat' dir='ltr'><strong>putamus.</strong></span> <span class='ocrx_word' id='word_1_179' title='bbox 2224 1195 2281 1250; x_wconf 85' lang='lat' dir='ltr'><strong>In</strong></span> <span class='ocrx_word' id='word_1_180' title='bbox 2344 1197 2435 1251; x_wconf 93' lang='lat' dir='ltr'><strong>illo</strong></span> <span class='ocrx_word' id='word_1_181' title='bbox 2463 1200 2638 1263; x_wconf 91' lang='lat' dir='ltr'><strong>enim,</strong></span> <span class='ocrx_word' id='word_1_182' title='bbox 2681 1199 2827 1267; x_wconf 89' lang='lat' dir='ltr'><strong>quod</strong></span> <span class='ocrx_word' id='word_1_183' title='bbox 2890 1201 3178 1257; x_wconf 85' lang='lat' dir='ltr'><strong>retulimus</strong></span> <span class='ocrx_word' id='word_1_184' title='bbox 3224 1205 3467 1261; x_wconf 70' lang='lat' dir='ltr'><strong>civitatis</strong></span> 
     </span>
    </p>
   </div>
   <div class='ocr_carea' id='block_1_26' title="bbox 1895 1286 3471 1361">
    <p class='ocr_par' dir='ltr' id='par_1_26' title="bbox 1895 1286 3471 1361">
     <span class='ocr_line' id='line_1_26' title="bbox 1895 1286 3471 1361; baseline 0.008 -21"><span class='ocrx_word' id='word_1_185' title='bbox 1895 1286 2233 1353; x_wconf 88' lang='lat' dir='ltr'><strong>discrimine,</strong></span> <span class='ocrx_word' id='word_1_186' title='bbox 2261 1302 2357 1342; x_wconf 77' lang='lat' dir='ltr'><strong>rex</strong></span> <span class='ocrx_word' id='word_1_187' title='bbox 2399 1286 2536 1356; x_wconf 91' lang='lat' dir='ltr'><strong>ipse,</strong></span> <span class='ocrx_word' id='word_1_188' title='bbox 2560 1287 2715 1356; x_wconf 86' lang='lat' dir='ltr'><strong>cujus</strong></span> <span class='ocrx_word' id='word_1_189' title='bbox 2739 1288 2969 1343; x_wconf 86' lang='lat' dir='ltr'><strong>avaritia</strong></span> <span class='ocrx_word' id='word_1_190' title='bbox 2992 1304 3335 1361; x_wconf 70' lang='lat' dir='ltr'><strong>provenerat,</strong></span> <span class='ocrx_word' id='word_1_191' title='bbox 3370 1309 3471 1354; x_wconf 80' lang='lat' dir='ltr'><strong>nec</strong></span> 
     </span>
    </p>
   </div>
   <div class='ocr_carea' id='block_1_27' title="bbox 1896 1376 3472 1458">
    <p class='ocr_par' dir='ltr' id='par_1_27' title="bbox 1896 1376 3472 1458">
     <span class='ocr_line' id='line_1_27' title="bbox 1896 1376 3472 1458; baseline 0.007 -27"><span class='ocrx_word' id='word_1_192' title='bbox 1896 1376 2065 1431; x_wconf 88' lang='lat' dir='ltr'><strong>semel</strong></span> <span class='ocrx_word' id='word_1_193' title='bbox 2102 1392 2223 1432; x_wconf 91' lang='lat' dir='ltr'><strong>eam</strong></span> <span class='ocrx_word' id='word_1_194' title='bbox 2262 1378 2478 1447; x_wconf 87' lang='lat' dir='ltr'><strong>quidem</strong></span> <span class='ocrx_word' id='word_1_195' title='bbox 2503 1380 2711 1435; x_wconf 82' lang='lat' dir='ltr'><strong>revisit.</strong></span> <span class='ocrx_word' id='word_1_196' title='bbox 2741 1378 3072 1452; x_wconf 69' lang='lat' dir='ltr'><strong>Pravpositus</strong></span> <span class='ocrx_word' id='word_1_197' title='bbox 3096 1383 3263 1439; x_wconf 89' lang='lat' dir='ltr'><strong>etiam</strong></span> <span class='ocrx_word' id='word_1_198' title='bbox 3285 1389 3472 1458; x_wconf 84' lang='lat' dir='ltr'><strong>regius</strong></span> 
     </span>
    </p>
   </div>
   <div class='ocr_carea' id='block_1_28' title="bbox 1896 1470 3470 1544">
    <p class='ocr_par' dir='ltr' id='par_1_28' title="bbox 1896 1470 3470 1544">
     <span class='ocr_line' id='line_1_28' title="bbox 1896 1470 3470 1544; baseline 0.007 -20"><span class='ocrx_word' id='word_1_199' title='bbox 1896 1470 2149 1525; x_wconf 88' lang='lat' dir='ltr'><strong>conscius</strong></span> <span class='ocrx_word' id='word_1_200' title='bbox 2192 1470 2447 1539; x_wconf 64' lang='lat' dir='ltr'><strong>nequitiae</strong></span> <span class='ocrx_word' id='word_1_201' title='bbox 2469 1474 2867 1541; x_wconf 58' lang='lat' dir='ltr'><strong>perpetranda,</strong></span> <span class='ocrx_word' id='word_1_202' title='bbox 2908 1475 3097 1544; x_wconf 89' lang='lat' dir='ltr'><strong>paucis</strong></span> <span class='ocrx_word' id='word_1_203' title='bbox 3135 1476 3289 1533; x_wconf 87' lang='lat' dir='ltr'><strong>horis</strong></span> <span class='ocrx_word' id='word_1_204' title='bbox 3311 1486 3470 1535; x_wconf 84' lang='lat' dir='ltr'><strong>ante-</strong></span> 
     </span>
    </p>
   </div>
   <div class='ocr_carea' id='block_1_29' title="bbox 1895 1562 3470 1640">
    <p class='ocr_par' dir='ltr' id='par_1_29' title="bbox 1895 1562 3470 1640">
     <span class='ocr_line' id='line_1_29' title="bbox 1895 1562 3470 1640; baseline 0.009 -25"><span class='ocrx_word' id='word_1_205' title='bbox 1895 1576 2058 1633; x_wconf 85' lang='lat' dir='ltr'><strong>quam</strong></span> <span class='ocrx_word' id='word_1_206' title='bbox 2104 1562 2295 1617; x_wconf 89' lang='lat' dir='ltr'><strong>oborta</strong></span> <span class='ocrx_word' id='word_1_207' title='bbox 2333 1564 2531 1619; x_wconf 90' lang='lat' dir='ltr'><strong>seditio</strong></span> <span class='ocrx_word' id='word_1_208' title='bbox 2564 1567 2931 1623; x_wconf 88' lang='lat' dir='ltr'><strong>committeret</strong></span> <span class='ocrx_word' id='word_1_209' title='bbox 2957 1567 3167 1635; x_wconf 84' lang='lat' dir='ltr'><strong>urbem,</strong></span> <span class='ocrx_word' id='word_1_210' title='bbox 3190 1572 3470 1640; x_wconf 66' lang='lat' dir='ltr'><strong>praemissa</strong></span> 
     </span>
    </p>
   </div>
   <div class='ocr_carea' id='block_1_30' title="bbox 1896 1651 3470 1730">
    <p class='ocr_par' dir='ltr' id='par_1_30' title="bbox 1896 1651 3470 1730">
     <span class='ocr_line' id='line_1_30' title="bbox 1896 1651 3470 1730; baseline 0.005 -22"><span class='ocrx_word' id='word_1_211' title='bbox 1896 1651 2195 1709; x_wconf 87' lang='lat' dir='ltr'><strong>concubina</strong></span> <span class='ocrx_word' id='word_1_212' title='bbox 2219 1660 2276 1705; x_wconf 90' lang='lat' dir='ltr'><strong>et</strong></span> <span class='ocrx_word' id='word_1_213' title='bbox 2314 1651 2523 1719; x_wconf 92' lang='lat' dir='ltr'><strong>liberis,</strong></span> <span class='ocrx_word' id='word_1_214' title='bbox 2552 1669 2620 1710; x_wconf 80' lang='lat' dir='ltr'><strong>ex</strong></span> <span class='ocrx_word' id='word_1_215' title='bbox 2664 1658 2800 1711; x_wconf 88' lang='lat' dir='ltr'><strong>urbe</strong></span> <span class='ocrx_word' id='word_1_216' title='bbox 2826 1658 3077 1723; x_wconf 90' lang='lat' dir='ltr'><strong>recessit,</strong></span> <span class='ocrx_word' id='word_1_217' title='bbox 3101 1669 3158 1713; x_wconf 89' lang='lat' dir='ltr'><strong>et</strong></span> <span class='ocrx_word' id='word_1_218' title='bbox 3179 1668 3470 1730; x_wconf 83' lang='lat' dir='ltr'><strong>antequam</strong></span> 
     </span>
    </p>
   </div>
   <div class='ocr_carea' id='block_1_31' title="bbox 1901 1744 3474 1821">
    <p class='ocr_par' dir='ltr' id='par_1_31' title="bbox 1901 1744 3474 1821">
     <span class='ocr_line' id='line_1_31' title="bbox 1901 1744 3474 1821; baseline 0.008 -25"><span class='ocrx_word' id='word_1_219' title='bbox 1901 1744 2002 1798; x_wconf 87' lang='lat' dir='ltr'><strong>tria</strong></span> <span class='ocrx_word' id='word_1_220' title='bbox 2024 1746 2110 1799; x_wconf 86' lang='lat' dir='ltr'><strong>vel</strong></span> <span class='ocrx_word' id='word_1_221' title='bbox 2131 1756 2367 1821; x_wconf 88' lang='lat' dir='ltr'><strong>quatuor</strong></span> <span class='ocrx_word' id='word_1_222' title='bbox 2395 1746 2653 1804; x_wconf 86' lang='lat' dir='ltr'><strong>milliaria</strong></span> <span class='ocrx_word' id='word_1_223' title='bbox 2706 1748 3024 1820; x_wconf 75' lang='lat' dir='ltr'><strong>peregisset,</strong></span> <span class='ocrx_word' id='word_1_224' title='bbox 3063 1751 3309 1808; x_wconf 84' lang='lat' dir='ltr'><strong>eamdem</strong></span> <span class='ocrx_word' id='word_1_225' title='bbox 3343 1752 3474 1809; x_wconf 86' lang='lat' dir='ltr'><strong>vidit</strong></span> 
     </span>
    </p>
   </div>
   <div class='ocr_carea' id='block_1_32' title="bbox 225 1815 2477 1909">
    <p class='ocr_par' dir='ltr' id='par_1_32' title="bbox 225 1815 2477 1909">
     <span class='ocr_line' id='line_1_32' title="bbox 225 1815 2477 1909; baseline -0.001 -15"><span class='ocrx_word' id='word_1_226' title='bbox 225 1840 378 1894; x_wconf 89' lang='lat' dir='ltr'><strong>fatuis</strong></span> <span class='ocrx_word' id='word_1_227' title='bbox 420 1815 664 1902; x_wconf 74' lang='lat' dir='ltr'><strong>eliciunt,</strong></span> <span class='ocrx_word' id='word_1_228' title='bbox 698 1852 797 1909; x_wconf 89' lang='lat' dir='ltr'><strong>ego</strong></span> <span class='ocrx_word' id='word_1_229' title='bbox 825 1815 1283 1908; x_wconf 36' lang='lat' dir='ltr'><strong>plane—quomodo</strong></span> <span class='ocrx_word' id='word_1_230' title='bbox 1309 1815 1511 1899; x_wconf 78' lang='lat' dir='ltr'><strong>enitar,</strong></span> <span class='ocrx_word' id='word_1_231' title='bbox 1556 1843 1615 1889; x_wconf 92' lang='lat' dir='ltr'><strong>ut</strong></span> <span class='ocrx_word' id='word_1_232' title='bbox 1643 1835 1695 1890; x_wconf 92' lang='lat' dir='ltr'><strong>id</strong></span> <span class='ocrx_word' id='word_1_233' title='bbox 1725 1850 1793 1891; x_wconf 77' lang='lat' dir='ltr'><strong>ex</strong></span> <span class='ocrx_word' id='word_1_234' title='bbox 1828 1815 1869 1870; x_wconf 76' lang='grc' dir='ltr'>Β</span> <span class='ocrx_word' id='word_1_235' title='bbox 1898 1834 2112 1906; x_wconf 78' lang='lat' dir='ltr'><strong>ignibus</strong></span> <span class='ocrx_word' id='word_1_236' title='bbox 2136 1815 2477 1908; x_wconf 83' lang='lat' dir='ltr'><strong>conﬂagrari.</strong></span> 
     </span>
    </p>
   </div>
   <div class='ocr_carea' id='block_1_33' title="bbox 221 1924 1793 2002">
    <p class='ocr_par' dir='ltr' id='par_1_33' title="bbox 221 1924 1793 2002">
     <span class='ocr_line' id='line_1_33' title="bbox 221 1924 1793 2002; baseline -0.004 -16"><span class='ocrx_word' id='word_1_237' title='bbox 221 1931 347 2002; x_wconf 69' lang='lat' dir='ltr'><strong>ipsis</strong></span> <span class='ocrx_word' id='word_1_238' title='bbox 385 1929 523 1985; x_wconf 88' lang='lat' dir='ltr'><strong>meis</strong></span> <span class='ocrx_word' id='word_1_239' title='bbox 562 1930 881 1983; x_wconf 81' lang='lat' dir='ltr'><strong>contraham</strong></span> <span class='ocrx_word' id='word_1_240' title='bbox 911 1927 1171 1983; x_wconf 80' lang='lat' dir='ltr'><strong>obsoniis.</strong></span> <span class='ocrx_word' id='word_1_241' title='bbox 1207 1924 1370 1987; x_wconf 76' lang='lat' dir='ltr'><strong>Dixit,</strong></span> <span class='ocrx_word' id='word_1_242' title='bbox 1409 1933 1465 1979; x_wconf 93' lang='lat' dir='ltr'><strong>et</strong></span> <span class='ocrx_word' id='word_1_243' title='bbox 1510 1924 1793 1979; x_wconf 84' lang='lat' dir='ltr'><strong>ecclesiam</strong></span> 
     </span>
    </p>
   </div>
   <div class='ocr_carea' id='block_1_34' title="bbox 221 2014 1797 2091">
    <p class='ocr_par' dir='ltr' id='par_1_34' title="bbox 221 2014 1797 2091">
     <span class='ocr_line' id='line_1_34' title="bbox 221 2014 1797 2091; baseline -0.004 -16"><span class='ocrx_word' id='word_1_244' title='bbox 221 2016 544 2091; x_wconf 76' lang='lat' dir='ltr'><strong>ingreditur,</strong></span> <span class='ocrx_word' id='word_1_245' title='bbox 595 2019 660 2074; x_wconf 88' lang='lat' dir='ltr'><strong>ad</strong></span> <span class='ocrx_word' id='word_1_246' title='bbox 699 2018 1105 2080; x_wconf 88' lang='lat' dir='ltr'><strong>consistorium,</strong></span> <span class='ocrx_word' id='word_1_247' title='bbox 1149 2017 1203 2070; x_wconf 90' lang='lat' dir='ltr'><strong>in</strong></span> <span class='ocrx_word' id='word_1_248' title='bbox 1241 2029 1351 2085; x_wconf 89' lang='lat' dir='ltr'><strong>quo</strong></span> <span class='ocrx_word' id='word_1_249' title='bbox 1400 2014 1590 2069; x_wconf 65' lang='lat' dir='ltr'><strong>locatae</strong></span> <span class='ocrx_word' id='word_1_250' title='bbox 1639 2021 1797 2068; x_wconf 90' lang='lat' dir='ltr'><strong>erant</strong></span> 
     </span>
    </p>
   </div>
   <div class='ocr_carea' id='block_1_35' title="bbox 218 2107 1791 2183">
    <p class='ocr_par' dir='ltr' id='par_1_35' title="bbox 218 2107 1791 2183">
     <span class='ocr_line' id='line_1_35' title="bbox 218 2107 1791 2183; baseline -0.004 -14"><span class='ocrx_word' id='word_1_251' title='bbox 218 2112 473 2183; x_wconf 72' lang='lat' dir='ltr'><strong>reliquiae,</strong></span> <span class='ocrx_word' id='word_1_252' title='bbox 506 2112 741 2176; x_wconf 84' lang='lat' dir='ltr'><strong>accedit,</strong></span> <span class='ocrx_word' id='word_1_253' title='bbox 769 2119 823 2166; x_wconf 91' lang='lat' dir='ltr'><strong>et</strong></span> <span class='ocrx_word' id='word_1_254' title='bbox 853 2109 1116 2165; x_wconf 88' lang='lat' dir='ltr'><strong>simulans</strong></span> <span class='ocrx_word' id='word_1_255' title='bbox 1144 2109 1287 2178; x_wconf 90' lang='lat' dir='ltr'><strong>quod</strong></span> <span class='ocrx_word' id='word_1_256' title='bbox 1304 2122 1399 2163; x_wconf 87' lang='lat' dir='ltr'><strong>eas</strong></span> <span class='ocrx_word' id='word_1_257' title='bbox 1424 2107 1611 2161; x_wconf 93' lang='lat' dir='ltr'><strong>osculo</strong></span> <span class='ocrx_word' id='word_1_258' title='bbox 1636 2121 1791 2163; x_wconf 87' lang='lat' dir='ltr'><strong>vene-</strong></span> 
     </span>
    </p>
   </div>
   <div class='ocr_carea' id='block_1_36' title="bbox 214 2198 1794 2274">
    <p class='ocr_par' dir='ltr' id='par_1_36' title="bbox 214 2198 1794 2274">
     <span class='ocr_line' id='line_1_36' title="bbox 214 2198 1794 2274; baseline -0.004 -16"><span class='ocrx_word' id='word_1_259' title='bbox 214 2205 323 2259; x_wconf 83' lang='lat' dir='ltr'><strong>rari</strong></span> <span class='ocrx_word' id='word_1_260' title='bbox 354 2204 536 2269; x_wconf 90' lang='lat' dir='ltr'><strong>vellet,</strong></span> <span class='ocrx_word' id='word_1_261' title='bbox 562 2219 658 2259; x_wconf 91' lang='lat' dir='ltr'><strong>ore</strong></span> <span class='ocrx_word' id='word_1_262' title='bbox 682 2203 929 2274; x_wconf 90' lang='lat' dir='ltr'><strong>apposito</strong></span> <span class='ocrx_word' id='word_1_263' title='bbox 943 2202 1219 2265; x_wconf 88' lang='lat' dir='ltr'><strong>denarios,</strong></span> <span class='ocrx_word' id='word_1_264' title='bbox 1245 2200 1337 2270; x_wconf 91' lang='lat' dir='ltr'><strong>qui</strong></span> <span class='ocrx_word' id='word_1_265' title='bbox 1368 2198 1532 2255; x_wconf 86' lang='lat' dir='ltr'><strong>oblati</strong></span> <span class='ocrx_word' id='word_1_266' title='bbox 1558 2198 1794 2265; x_wconf 90' lang='lat' dir='ltr'><strong>fuerant,</strong></span> 
     </span>
    </p>
   </div>
   <div class='ocr_carea' id='block_1_37' title="bbox 214 2290 1799 2362">
    <p class='ocr_par' dir='ltr' id='par_1_37' title="bbox 214 2290 1799 2362">
     <span class='ocr_line' id='line_1_37' title="bbox 214 2290 1799 2362; baseline -0.003 -14"><span class='ocrx_word' id='word_1_267' title='bbox 214 2294 369 2349; x_wconf 79' lang='lat' dir='ltr'><strong>labiis</strong></span> <span class='ocrx_word' id='word_1_268' title='bbox 410 2294 753 2350; x_wconf 90' lang='lat' dir='ltr'><strong>inhiantibns</strong></span> <span class='ocrx_word' id='word_1_269' title='bbox 783 2292 986 2348; x_wconf 87' lang='lat' dir='ltr'><strong>haurit.</strong></span> <span class='ocrx_word' id='word_1_270' title='bbox 1016 2292 1143 2347; x_wconf 88' lang='lat' dir='ltr'><strong>Inde</strong></span> <span class='ocrx_word' id='word_1_271' title='bbox 1168 2305 1452 2362; x_wconf 74' lang='lat' dir='ltr'><strong>regressus</strong></span> <span class='ocrx_word' id='word_1_272' title='bbox 1482 2290 1549 2344; x_wconf 90' lang='lat' dir='ltr'><strong>ad</strong></span> <span class='ocrx_word' id='word_1_273' title='bbox 1578 2303 1799 2358; x_wconf 88' lang='lat' dir='ltr'><strong>compa-</strong></span> 
     </span>
    </p>
   </div>
   <div class='ocr_carea' id='block_1_38' title="bbox 217 2379 1799 2453">
    <p class='ocr_par' dir='ltr' id='par_1_38' title="bbox 217 2379 1799 2453">
     <span class='ocr_line' id='line_1_38' title="bbox 217 2379 1799 2453; baseline -0.003 -14"><span class='ocrx_word' id='word_1_274' title='bbox 217 2399 361 2439; x_wconf 90' lang='lat' dir='ltr'><strong>rem:</strong></span> <span class='ocrx_word' id='word_1_275' title='bbox 391 2385 557 2450; x_wconf 79' lang='lat' dir='ltr'><strong>Veni,</strong></span> <span class='ocrx_word' id='word_1_276' title='bbox 585 2386 685 2451; x_wconf 90' lang='lat' dir='ltr'><strong>ait,</strong></span> <span class='ocrx_word' id='word_1_277' title='bbox 714 2393 769 2439; x_wconf 92' lang='lat' dir='ltr'><strong>et</strong></span> <span class='ocrx_word' id='word_1_278' title='bbox 808 2392 1203 2453; x_wconf 84' lang='lat' dir='ltr'><strong>computemus,</strong></span> <span class='ocrx_word' id='word_1_279' title='bbox 1237 2381 1362 2451; x_wconf 90' lang='lat' dir='ltr'><strong>quia</strong></span> <span class='ocrx_word' id='word_1_280' title='bbox 1397 2379 1669 2435; x_wconf 79' lang='lat' dir='ltr'><strong>sufﬁciens</strong></span> <span class='ocrx_word' id='word_1_281' title='bbox 1704 2395 1799 2450; x_wconf 85' lang='lat' dir='ltr'><strong>po-</strong></span> 
     </span>
    </p>
   </div>
   <div class='ocr_carea' id='block_1_39' title="bbox 214 2472 1800 2546">
    <p class='ocr_par' dir='ltr' id='par_1_39' title="bbox 214 2472 1800 2546">
     <span class='ocr_line' id='line_1_39' title="bbox 214 2472 1800 2546; baseline -0.004 -15"><span class='ocrx_word' id='word_1_282' title='bbox 214 2478 430 2533; x_wconf 88' lang='lat' dir='ltr'><strong>tationis</strong></span> <span class='ocrx_word' id='word_1_283' title='bbox 453 2487 657 2532; x_wconf 69' lang='lat' dir='ltr'><strong>nostrae</strong></span> <span class='ocrx_word' id='word_1_284' title='bbox 686 2475 919 2546; x_wconf 89' lang='lat' dir='ltr'><strong>pretium</strong></span> <span class='ocrx_word' id='word_1_285' title='bbox 952 2473 1062 2543; x_wconf 81' lang='lat' dir='ltr'><strong>iam</strong></span> <span class='ocrx_word' id='word_1_286' title='bbox 1084 2473 1366 2529; x_wconf 89' lang='lat' dir='ltr'><strong>habemus.</strong></span> <span class='ocrx_word' id='word_1_287' title='bbox 1390 2472 1692 2539; x_wconf 85' lang='lat' dir='ltr'><strong>Quomodo,</strong></span> <span class='ocrx_word' id='word_1_288' title='bbox 1716 2472 1800 2525; x_wconf 88' lang='lat' dir='ltr'><strong>in-</strong></span> 
     </span>
    </p>
   </div>
   <div class='ocr_carea' id='block_1_40' title="bbox 211 2560 1796 2638">
    <p class='ocr_par' dir='ltr' id='par_1_40' title="bbox 211 2560 1796 2638">
     <span class='ocr_line' id='line_1_40' title="bbox 211 2560 1796 2638; baseline -0.004 -19"><span class='ocrx_word' id='word_1_289' title='bbox 211 2569 344 2638; x_wconf 90' lang='lat' dir='ltr'><strong>quit,</strong></span> <span class='ocrx_word' id='word_1_290' title='bbox 373 2585 498 2622; x_wconf 91' lang='lat' dir='ltr'><strong>cum</strong></span> <span class='ocrx_word' id='word_1_291' title='bbox 527 2568 658 2622; x_wconf 93' lang='lat' dir='ltr'><strong>illud</strong></span> <span class='ocrx_word' id='word_1_292' title='bbox 687 2582 793 2621; x_wconf 92' lang='lat' dir='ltr'><strong>non</strong></span> <span class='ocrx_word' id='word_1_293' title='bbox 822 2566 1075 2631; x_wconf 88' lang='lat' dir='ltr'><strong>haberes,</strong></span> <span class='ocrx_word' id='word_1_294' title='bbox 1107 2562 1412 2632; x_wconf 87' lang='lat' dir='ltr'><strong>accepisti?</strong></span> <span class='ocrx_word' id='word_1_295' title='bbox 1441 2561 1519 2616; x_wconf 78' lang='lat' dir='ltr'><strong>Ex</strong></span> <span class='ocrx_word' id='word_1_296' title='bbox 1549 2561 1660 2625; x_wconf 89' lang='lat' dir='ltr'><strong>his,</strong></span> <span class='ocrx_word' id='word_1_297' title='bbox 1698 2560 1796 2627; x_wconf 88' lang='lat' dir='ltr'><strong>ait,</strong></span> 
     </span>
    </p>
   </div>
   <div class='ocr_carea' id='block_1_41' title="bbox 208 2651 1800 2729">
    <p class='ocr_par' dir='ltr' id='par_1_41' title="bbox 208 2651 1800 2729">
     <span class='ocr_line' id='line_1_41' title="bbox 208 2651 1800 2729; baseline -0.004 -18"><span class='ocrx_word' id='word_1_298' title='bbox 208 2660 456 2729; x_wconf 78' lang='lat' dir='ltr'><strong>qmcillis</strong></span> <span class='ocrx_word' id='word_1_299' title='bbox 488 2658 1049 2729; x_wconf 88' lang='lat' dir='ltr'><strong>impostoribnsintra</strong></span> <span class='ocrx_word' id='word_1_300' title='bbox 1080 2654 1366 2710; x_wconf 85' lang='lat' dir='ltr'><strong>ecclesiam</strong></span> <span class='ocrx_word' id='word_1_301' title='bbox 1408 2652 1606 2706; x_wconf 89' lang='lat' dir='ltr'><strong>dantur</strong></span> <span class='ocrx_word' id='word_1_302' title='bbox 1630 2651 1800 2705; x_wconf 88' lang='lat' dir='ltr'><strong>bucca</strong></span> 
     </span>
    </p>
   </div>
   <div class='ocr_carea' id='block_1_42' title="bbox 208 2740 1800 2821">
    <p class='ocr_par' dir='ltr' id='par_1_42' title="bbox 208 2740 1800 2821">
     <span class='ocr_line' id='line_1_42' title="bbox 208 2740 1800 2821; baseline -0.006 -17"><span class='ocrx_word' id='word_1_303' title='bbox 208 2766 324 2805; x_wconf 87' lang='lat' dir='ltr'><strong>mea</strong></span> <span class='ocrx_word' id='word_1_304' title='bbox 350 2751 667 2821; x_wconf 88' lang='lat' dir='ltr'><strong>abripiente</strong></span> <span class='ocrx_word' id='word_1_305' title='bbox 694 2747 1034 2820; x_wconf 65' lang='lat' dir='ltr'><strong>praesumpsi.</strong></span> <span class='ocrx_word' id='word_1_306' title='bbox 1065 2744 1221 2806; x_wconf 80' lang='lat' dir='ltr'><strong>Male,</strong></span> <span class='ocrx_word' id='word_1_307' title='bbox 1254 2741 1447 2812; x_wconf 90' lang='lat' dir='ltr'><strong>inquit,</strong></span> <span class='ocrx_word' id='word_1_308' title='bbox 1478 2740 1678 2803; x_wconf 88' lang='lat' dir='ltr'><strong>fecisti,</strong></span> <span class='ocrx_word' id='word_1_309' title='bbox 1707 2740 1800 2809; x_wconf 91' lang='lat' dir='ltr'><strong>qui</strong></span> 
     </span>
    </p>
   </div>
   <div class='ocr_carea' id='block_1_43' title="bbox 206 2835 1798 2905">
    <p class='ocr_par' dir='ltr' id='par_1_43' title="bbox 206 2835 1798 2905">
     <span class='ocr_line' id='line_1_43' title="bbox 206 2835 1798 2905; baseline -0.003 -12"><span class='ocrx_word' id='word_1_310' title='bbox 206 2854 234 2893; x_wconf 90' lang='lat' dir='ltr'><strong>a</strong></span> <span class='ocrx_word' id='word_1_311' title='bbox 260 2840 467 2895; x_wconf 90' lang='lat' dir='ltr'><strong>sanctis</strong></span> <span class='ocrx_word' id='word_1_312' title='bbox 502 2840 599 2893; x_wconf 88' lang='lat' dir='ltr'><strong>illa</strong></span> <span class='ocrx_word' id='word_1_313' title='bbox 643 2838 830 2892; x_wconf 89' lang='lat' dir='ltr'><strong>tulisti.</strong></span> <span class='ocrx_word' id='word_1_314' title='bbox 863 2837 1028 2901; x_wconf 86' lang='lat' dir='ltr'><strong>Tace,</strong></span> <span class='ocrx_word' id='word_1_315' title='bbox 1063 2836 1259 2905; x_wconf 88' lang='lat' dir='ltr'><strong>inquit,</strong></span> <span class='ocrx_word' id='word_1_316' title='bbox 1285 2843 1341 2890; x_wconf 94' lang='lat' dir='ltr'><strong>et</strong></span> <span class='ocrx_word' id='word_1_317' title='bbox 1385 2836 1513 2891; x_wconf 87' lang='lat' dir='ltr'><strong>huic</strong></span> <span class='ocrx_word' id='word_1_318' title='bbox 1536 2835 1798 2905; x_wconf 70' lang='lat' dir='ltr'><strong>proxima:</strong></span> 
     </span>
    </p>
   </div>
   <div class='ocr_carea' id='block_1_44' title="bbox 206 2924 1802 2994">
    <p class='ocr_par' dir='ltr' id='par_1_44' title="bbox 206 2924 1802 2994">
     <span class='ocr_line' id='line_1_44' title="bbox 206 2924 1802 2994; baseline -0.003 -11"><span class='ocrx_word' id='word_1_319' title='bbox 206 2932 445 2985; x_wconf 65' lang='lat' dir='ltr'><strong>tabernae</strong></span> <span class='ocrx_word' id='word_1_320' title='bbox 478 2940 535 2985; x_wconf 90' lang='lat' dir='ltr'><strong>te</strong></span> <span class='ocrx_word' id='word_1_321' title='bbox 565 2928 772 2985; x_wconf 89' lang='lat' dir='ltr'><strong>confer.</strong></span> <span class='ocrx_word' id='word_1_322' title='bbox 802 2928 941 2994; x_wconf 89' lang='lat' dir='ltr'><strong>Quid</strong></span> <span class='ocrx_word' id='word_1_323' title='bbox 968 2926 1270 2981; x_wconf 80' lang='lat' dir='ltr'><strong>verbosor.’</strong></span> <span class='ocrx_word' id='word_1_324' title='bbox 1320 2924 1499 2981; x_wconf 89' lang='lat' dir='ltr'><strong>Solem</strong></span> <span class='ocrx_word' id='word_1_325' title='bbox 1542 2926 1594 2980; x_wconf 92' lang='lat' dir='ltr'><strong>in</strong></span> <span class='ocrx_word' id='word_1_326' title='bbox 1627 2925 1802 2981; x_wconf 89' lang='lat' dir='ltr'><strong>Ocea-</strong></span> 
     </span>
    </p>
   </div>
   <div class='ocr_carea' id='block_1_45' title="bbox 204 3018 1792 3093">
    <p class='ocr_par' dir='ltr' id='par_1_45' title="bbox 204 3018 1792 3093">
     <span class='ocr_line' id='line_1_45' title="bbox 204 3018 1792 3093; baseline -0.003 -18"><span class='ocrx_word' id='word_1_327' title='bbox 204 3037 330 3075; x_wconf 90' lang='lat' dir='ltr'><strong>num</strong></span> <span class='ocrx_word' id='word_1_328' title='bbox 355 3022 469 3093; x_wconf 64' lang='grc'><strong>(48)</strong></span> <span class='ocrx_word' id='word_1_329' title='bbox 497 3022 708 3076; x_wconf 80' lang='lat' dir='ltr'><strong>duxere</strong></span> <span class='ocrx_word' id='word_1_330' title='bbox 750 3021 1016 3075; x_wconf 85' lang='lat' dir='ltr'><strong>bibentes.</strong></span> <span class='ocrx_word' id='word_1_331' title='bbox 1058 3020 1129 3073; x_wconf 86' lang='lat' dir='ltr'><strong>At</strong></span> <span class='ocrx_word' id='word_1_332' title='bbox 1155 3033 1381 3088; x_wconf 84' lang='lat' dir='ltr'><strong>vespera</strong></span> <span class='ocrx_word' id='word_1_333' title='bbox 1422 3018 1792 3084; x_wconf 82' lang='lat' dir='ltr'><strong>incumbente,</strong></span> 
     </span>
    </p>
   </div>
   <div class='ocr_carea' id='block_1_46' title="bbox 204 3096 1837 3180">
    <p class='ocr_par' dir='ltr' id='par_1_46' title="bbox 204 3096 1837 3180">
     <span class='ocr_line' id='line_1_46' title="bbox 204 3096 1837 3180; baseline -0.003 -16"><span class='ocrx_word' id='word_1_334' title='bbox 204 3110 291 3165; x_wconf 91' lang='lat' dir='ltr'><strong>ille</strong></span> <span class='ocrx_word' id='word_1_335' title='bbox 342 3111 437 3180; x_wconf 90' lang='lat' dir='ltr'><strong>qui</strong></span> <span class='ocrx_word' id='word_1_336' title='bbox 488 3125 745 3166; x_wconf 89' lang='lat' dir='ltr'><strong>nummos</strong></span> <span class='ocrx_word' id='word_1_337' title='bbox 778 3109 950 3165; x_wconf 90' lang='lat' dir='ltr'><strong>sacris</strong></span> <span class='ocrx_word' id='word_1_338' title='bbox 990 3108 1324 3163; x_wconf 79' lang='lat' dir='ltr'><strong>subduxerat</strong></span> <span class='ocrx_word' id='word_1_339' title='bbox 1366 3106 1498 3173; x_wconf 89' lang='lat' dir='ltr'><strong>aris,</strong></span> <span class='ocrx_word' id='word_1_340' title='bbox 1566 3096 1837 3180; x_wconf 29' lang='lat' dir='ltr'><strong>ascensa“</strong></span> 
     </span>
    </p>
   </div>
   <div class='ocr_carea' id='block_1_47' title="bbox 199 3198 1795 3272">
    <p class='ocr_par' dir='ltr' id='par_1_47' title="bbox 199 3198 1795 3272">
     <span class='ocr_line' id='line_1_47' title="bbox 199 3198 1795 3272; baseline -0.005 -16"><span class='ocrx_word' id='word_1_341' title='bbox 199 3217 337 3272; x_wconf 90' lang='lat' dir='ltr'><strong>equa</strong></span> <span class='ocrx_word' id='word_1_342' title='bbox 372 3203 608 3257; x_wconf 88' lang='lat' dir='ltr'><strong>domum</strong></span> <span class='ocrx_word' id='word_1_343' title='bbox 635 3217 692 3256; x_wconf 90' lang='lat' dir='ltr'><strong>se</strong></span> <span class='ocrx_word' id='word_1_344' title='bbox 740 3200 948 3271; x_wconf 77' lang='lat' dir='ltr'><strong>regredi</strong></span> <span class='ocrx_word' id='word_1_345' title='bbox 980 3199 1293 3270; x_wconf 83' lang='lat' dir='ltr'><strong>proﬁtetur.</strong></span> <span class='ocrx_word' id='word_1_346' title='bbox 1330 3198 1576 3268; x_wconf 86' lang='lat' dir='ltr'><strong>Cumque</strong></span> <span class='ocrx_word' id='word_1_347' title='bbox 1603 3210 1795 3251; x_wconf 86' lang='lat' dir='ltr'><strong>nemus</strong></span> 
     </span>
    </p>
   </div>
   <div class='ocr_carea' id='block_1_48' title="bbox 196 3288 1799 3362">
    <p class='ocr_par' dir='ltr' id='par_1_48' title="bbox 196 3288 1799 3362">
     <span class='ocr_line' id='line_1_48' title="bbox 196 3288 1799 3362; baseline -0.002 -16"><span class='ocrx_word' id='word_1_348' title='bbox 196 3293 526 3361; x_wconf 86' lang='lat' dir='ltr'><strong>contiguum</strong></span> <span class='ocrx_word' id='word_1_349' title='bbox 561 3292 850 3362; x_wconf 89' lang='lat' dir='ltr'><strong>attigisset,</strong></span> <span class='ocrx_word' id='word_1_350' title='bbox 883 3288 1024 3343; x_wconf 87' lang='lat' dir='ltr'><strong>facto</strong></span> <span class='ocrx_word' id='word_1_351' title='bbox 1058 3288 1250 3359; x_wconf 90' lang='lat' dir='ltr'><strong>laqueo</strong></span> <span class='ocrx_word' id='word_1_352' title='bbox 1278 3288 1494 3344; x_wconf 88' lang='lat' dir='ltr'><strong>cuidam</strong></span> <span class='ocrx_word' id='word_1_353' title='bbox 1529 3288 1711 3341; x_wconf 83' lang='lat' dir='ltr'><strong>arbsri</strong></span> <span class='ocrx_word' id='word_1_354' title='bbox 1738 3302 1799 3342; x_wconf 89' lang='lat' dir='ltr'><strong>se</strong></span> 
     </span>
    </p>
   </div>
   <div class='ocr_carea' id='block_1_49' title="bbox 197 3379 1800 3452">
    <p class='ocr_par' dir='ltr' id='par_1_49' title="bbox 197 3379 1800 3452">
     <span class='ocr_line' id='line_1_49' title="bbox 197 3379 1800 3452; baseline 0 -17"><span class='ocrx_word' id='word_1_355' title='bbox 197 3383 485 3452; x_wconf 86' lang='lat' dir='ltr'><strong>appendit,</strong></span> <span class='ocrx_word' id='word_1_356' title='bbox 522 3380 617 3435; x_wconf 88' lang='lat' dir='ltr'><strong>ubi</strong></span> <span class='ocrx_word' id='word_1_357' title='bbox 665 3381 805 3435; x_wconf 66' lang='lat' dir='ltr'><strong>foede</strong></span> <span class='ocrx_word' id='word_1_358' title='bbox 855 3381 1094 3435; x_wconf 89' lang='lat' dir='ltr'><strong>moriens</strong></span> <span class='ocrx_word' id='word_1_359' title='bbox 1152 3380 1266 3435; x_wconf 90' lang='lat' dir='ltr'><strong>oris</strong></span> <span class='ocrx_word' id='word_1_360' title='bbox 1308 3379 1558 3450; x_wconf 84' lang='lat' dir='ltr'><strong>sacrilegi</strong></span> <span class='ocrx_word' id='word_1_361' title='bbox 1609 3394 1800 3449; x_wconf 63' lang='lat' dir='ltr'><strong>poenas</strong></span> 
     </span>
    </p>
   </div>
   <div class='ocr_carea' id='block_1_50' title="bbox 192 3468 1799 3541">
    <p class='ocr_par' dir='ltr' id='par_1_50' title="bbox 192 3468 1799 3541">
     <span class='ocr_line' id='line_1_50' title="bbox 192 3468 1799 3541; baseline 0.001 -17"><span class='ocrx_word' id='word_1_362' title='bbox 192 3472 407 3541; x_wconf 88' lang='lat' dir='ltr'><strong>pendit.</strong></span> <span class='ocrx_word' id='word_1_363' title='bbox 465 3472 559 3525; x_wconf 80' lang='lat' dir='ltr'><strong>Ex</strong></span> <span class='ocrx_word' id='word_1_364' title='bbox 603 3470 785 3525; x_wconf 92' lang='lat' dir='ltr'><strong>multis</strong></span> <span class='ocrx_word' id='word_1_365' title='bbox 816 3486 937 3539; x_wconf 68' lang='lat' dir='ltr'><strong>qua:</strong></span> <span class='ocrx_word' id='word_1_366' title='bbox 976 3469 1120 3539; x_wconf 89' lang='lat' dir='ltr'><strong>apud</strong></span> <span class='ocrx_word' id='word_1_367' title='bbox 1166 3470 1371 3540; x_wconf 85' lang='lat' dir='ltr'><strong>Anglos</strong></span> <span class='ocrx_word' id='word_1_368' title='bbox 1416 3468 1580 3541; x_wconf 77' lang='lat' dir='ltr'><strong>Virgo</strong></span> <span class='ocrx_word' id='word_1_369' title='bbox 1627 3470 1799 3540; x_wconf 88' lang='lat' dir='ltr'><strong>impe-</strong></span> 
     </span>
    </p>
   </div>
   <div class='ocr_carea' id='block_1_51' title="bbox 195 3559 1495 3634">
    <p class='ocr_par' dir='ltr' id='par_1_51' title="bbox 195 3559 1495 3634">
     <span class='ocr_line' id='line_1_51' title="bbox 195 3559 1495 3634; baseline -0.001 -18"><span class='ocrx_word' id='word_1_370' title='bbox 195 3562 339 3618; x_wconf 86' lang='lat' dir='ltr'><strong>riosa</strong></span> <span class='ocrx_word' id='word_1_371' title='bbox 370 3563 623 3634; x_wconf 82' lang='lat' dir='ltr'><strong>peregit,</strong></span> <span class='ocrx_word' id='word_1_372' title='bbox 665 3562 781 3616; x_wconf 64' lang='lat' dir='ltr'><strong>haec</strong></span> <span class='ocrx_word' id='word_1_373' title='bbox 808 3576 904 3616; x_wconf 90' lang='lat' dir='ltr'><strong>nos</strong></span> <span class='ocrx_word' id='word_1_374' title='bbox 928 3560 1209 3631; x_wconf 77' lang='lat' dir='ltr'><strong>excepisse</strong></span> <span class='ocrx_word' id='word_1_375' title='bbox 1239 3559 1495 3615; x_wconf 83' lang='lat' dir='ltr'><strong>sutliciat.</strong></span> 
     </span>
    </p>
   </div>
   <div class='ocr_carea' id='block_1_52' title="bbox 263 3652 1801 3723">
    <p class='ocr_par' dir='ltr' id='par_1_52' title="bbox 263 3652 1801 3723">
     <span class='ocr_line' id='line_1_52' title="bbox 263 3652 1801 3723; baseline -0.001 -14"><span class='ocrx_word' id='word_1_376' title='bbox 263 3655 376 3709; x_wconf 86' lang='lat' dir='ltr'><strong>Bos</strong></span> <span class='ocrx_word' id='word_1_377' title='bbox 407 3654 570 3709; x_wconf 82' lang='lat' dir='ltr'><strong>nullo</strong></span> <span class='ocrx_word' id='word_1_378' title='bbox 595 3653 882 3723; x_wconf 81' lang='lat' dir='ltr'><strong>impellente</strong></span> <span class='ocrx_word' id='word_1_379' title='bbox 905 3653 1099 3707; x_wconf 77' lang='lat' dir='ltr'><strong>cursim</strong></span> <span class='ocrx_word' id='word_1_380' title='bbox 1134 3669 1189 3707; x_wconf 88' lang='lat' dir='ltr'><strong>se</strong></span> <span class='ocrx_word' id='word_1_381' title='bbox 1225 3653 1377 3722; x_wconf 69' lang='lat' dir='ltr'><strong>o/fert</strong></span> <span class='ocrx_word' id='word_1_382' title='bbox 1399 3653 1468 3706; x_wconf 81' lang='lat' dir='ltr'><strong>ad</strong></span> <span class='ocrx_word' id='word_1_383' title='bbox 1491 3652 1801 3722; x_wconf 69' lang='lat' dir='ltr'><strong>deferendas</strong></span> 
     </span>
    </p>
   </div>
   <div class='ocr_carea' id='block_1_53' title="bbox 192 3746 1803 3817">
    <p class='ocr_par' dir='ltr' id='par_1_53' title="bbox 192 3746 1803 3817">
     <span class='ocr_line' id='line_1_53' title="bbox 192 3746 1803 3817; baseline 0 -18"><span class='ocrx_word' id='word_1_384' title='bbox 192 3748 488 3817; x_wconf 78' lang='lat' dir='ltr'><strong>reliquias.</strong></span> <span class='ocrx_word' id='word_1_385' title='bbox 521 3777 599 3788; x_wconf 94' lang='grc'><strong><em>--</em></strong></span> <span class='ocrx_word' id='word_1_386' title='bbox 645 3746 889 3801; x_wconf 88' lang='lat' dir='ltr'><strong>Lauduni</strong></span> <span class='ocrx_word' id='word_1_387' title='bbox 946 3759 1162 3816; x_wconf 87' lang='lat' dir='ltr'><strong>quoque</strong></span> <span class='ocrx_word' id='word_1_388' title='bbox 1217 3756 1500 3816; x_wconf 88' lang='lat' dir='ltr'><strong>postquam</strong></span> <span class='ocrx_word' id='word_1_389' title='bbox 1548 3761 1578 3800; x_wconf 89' lang='lat' dir='ltr'><strong>a</strong></span> <span class='ocrx_word' id='word_1_390' title='bbox 1618 3761 1803 3801; x_wconf 91' lang='lat' dir='ltr'><strong>corro-</strong></span> 
     </span>
    </p>
   </div>
   <div class='ocr_carea' id='block_1_54' title="bbox 186 3835 1804 3907">
    <p class='ocr_par' dir='ltr' id='par_1_54' title="bbox 186 3835 1804 3907">
     <span class='ocr_line' id='line_1_54' title="bbox 186 3835 1804 3907; baseline 0.001 -18"><span class='ocrx_word' id='word_1_391' title='bbox 186 3836 376 3907; x_wconf 87' lang='lat' dir='ltr'><strong>gando</strong></span> <span class='ocrx_word' id='word_1_392' title='bbox 445 3837 754 3899; x_wconf 87' lang='lat' dir='ltr'><strong>redierant,</strong></span> <span class='ocrx_word' id='word_1_393' title='bbox 804 3835 1007 3890; x_wconf 91' lang='lat' dir='ltr'><strong>dictum</strong></span> <span class='ocrx_word' id='word_1_394' title='bbox 1068 3836 1198 3890; x_wconf 92' lang='lat' dir='ltr'><strong>mihi</strong></span> <span class='ocrx_word' id='word_1_395' title='bbox 1264 3852 1294 3889; x_wconf 90' lang='lat' dir='ltr'><strong>a</strong></span> <span class='ocrx_word' id='word_1_396' title='bbox 1360 3837 1595 3906; x_wconf 92' lang='lat' dir='ltr'><strong>quodam</strong></span> <span class='ocrx_word' id='word_1_397' title='bbox 1648 3837 1804 3891; x_wconf 80' lang='lat' dir='ltr'><strong>home</strong></span> 
     </span>
    </p>
   </div>
   <div class='ocr_carea' id='block_1_55' title="bbox 187 3926 1802 3992">
    <p class='ocr_par' dir='ltr' id='par_1_55' title="bbox 187 3926 1802 3992">
     <span class='ocr_line' id='line_1_55' title="bbox 187 3926 1802 3992; baseline 0 -11"><span class='ocrx_word' id='word_1_398' title='bbox 187 3926 398 3983; x_wconf 88' lang='lat' dir='ltr'><strong>indolis</strong></span> <span class='ocrx_word' id='word_1_399' title='bbox 432 3928 648 3983; x_wconf 89' lang='lat' dir='ltr'><strong>clerico</strong></span> <span class='ocrx_word' id='word_1_400' title='bbox 677 3935 782 3992; x_wconf 92' lang='lat' dir='ltr'><strong>est,</strong></span> <span class='ocrx_word' id='word_1_401' title='bbox 807 3927 896 3981; x_wconf 92' lang='lat' dir='ltr'><strong>cui</strong></span> <span class='ocrx_word' id='word_1_402' title='bbox 926 3927 1168 3981; x_wconf 90' lang='lat' dir='ltr'><strong>materiei</strong></span> <span class='ocrx_word' id='word_1_403' title='bbox 1208 3927 1538 3983; x_wconf 70' lang='lat' dir='ltr'><strong>advehendze</strong></span> <span class='ocrx_word' id='word_1_404' title='bbox 1568 3926 1802 3982; x_wconf 78' lang='lat' dir='ltr'><strong>cilicium</strong></span> 
     </span>
    </p>
   </div>
   <div class='ocr_carea' id='block_1_56' title="bbox 184 4017 1801 4089">
    <p class='ocr_par' dir='ltr' id='par_1_56' title="bbox 184 4017 1801 4089">
     <span class='ocr_line' id='line_1_56' title="bbox 184 4017 1801 4089; baseline -0.001 -17"><span class='ocrx_word' id='word_1_405' title='bbox 184 4017 379 4075; x_wconf 87' lang='lat' dir='ltr'><strong>fuerat</strong></span> <span class='ocrx_word' id='word_1_406' title='bbox 404 4019 728 4088; x_wconf 87' lang='lat' dir='ltr'><strong>delegatum</strong></span> <span class='ocrx_word' id='word_1_407' title='bbox 762 4020 828 4072; x_wconf 90' lang='lat' dir='ltr'><strong>ad</strong></span> <span class='ocrx_word' id='word_1_408' title='bbox 858 4026 997 4073; x_wconf 88' lang='lat' dir='ltr'><strong>tecta</strong></span> <span class='ocrx_word' id='word_1_409' title='bbox 1044 4018 1291 4074; x_wconf 70' lang='lat' dir='ltr'><strong>ecclesia:</strong></span> <span class='ocrx_word' id='word_1_410' title='bbox 1321 4022 1642 4089; x_wconf 86' lang='lat' dir='ltr'><strong>reparanda,</strong></span> <span class='ocrx_word' id='word_1_411' title='bbox 1674 4020 1801 4088; x_wconf 91' lang='lat' dir='ltr'><strong>quia</strong></span> 
     </span>
    </p>
   </div>
   <div class='ocr_carea' id='block_1_57' title="bbox 185 4106 1804 4163">
    <p class='ocr_par' dir='ltr' id='par_1_57' title="bbox 185 4106 1804 4163">
     <span class='ocr_line' id='line_1_57' title="bbox 185 4106 1804 4163; baseline 0 -2"><span class='ocrx_word' id='word_1_412' title='bbox 185 4109 241 4161; x_wconf 91' lang='lat' dir='ltr'><strong>in</strong></span> <span class='ocrx_word' id='word_1_413' title='bbox 292 4106 607 4163; x_wconf 86' lang='lat' dir='ltr'><strong>subeundo</strong></span> <span class='ocrx_word' id='word_1_414' title='bbox 647 4114 827 4160; x_wconf 91' lang='lat' dir='ltr'><strong>monte</strong></span> <span class='ocrx_word' id='word_1_415' title='bbox 870 4106 1016 4160; x_wconf 89' lang='lat' dir='ltr'><strong>inter</strong></span> <span class='ocrx_word' id='word_1_416' title='bbox 1058 4107 1225 4161; x_wconf 88' lang='lat' dir='ltr'><strong>boves</strong></span> <span class='ocrx_word' id='word_1_417' title='bbox 1277 4122 1418 4160; x_wconf 92' lang='lat' dir='ltr'><strong>unus</strong></span> <span class='ocrx_word' id='word_1_418' title='bbox 1462 4107 1804 4161; x_wconf 90' lang='lat' dir='ltr'><strong>lassescendo</strong></span> 
     </span>
    </p>
   </div>
   <div class='ocr_carea' id='block_1_58' title="bbox 152 4196 1806 4267">
    <p class='ocr_par' dir='ltr' id='par_1_58' title="bbox 152 4196 1806 4267">
     <span class='ocr_line' id='line_1_58' title="bbox 152 4196 1806 4267; baseline -0.001 -16"><span class='ocrx_word' id='word_1_419' title='bbox 152 4198 517 4254; x_wconf 73' lang='lat' dir='ltr'><strong>defecerat.</strong></span> <span class='ocrx_word' id='word_1_420' title='bbox 581 4196 827 4267; x_wconf 85' lang='lat' dir='ltr'><strong>Cumque</strong></span> <span class='ocrx_word' id='word_1_421' title='bbox 889 4196 1187 4267; x_wconf 89' lang='lat' dir='ltr'><strong>plurimum</strong></span> <span class='ocrx_word' id='word_1_422' title='bbox 1257 4197 1490 4252; x_wconf 89' lang='lat' dir='ltr'><strong>clericus</strong></span> <span class='ocrx_word' id='word_1_423' title='bbox 1550 4205 1806 4251; x_wconf 65' lang='lat' dir='ltr'><strong>aestuaret</strong></span> 
     </span>
    </p>
   </div>
   <div class='ocr_carea' id='block_1_59' title="bbox 178 4285 1804 4357">
    <p class='ocr_par' dir='ltr' id='par_1_59' title="bbox 178 4285 1804 4357">
     <span class='ocr_line' id='line_1_59' title="bbox 178 4285 1804 4357; baseline -0.004 -11"><span class='ocrx_word' id='word_1_424' title='bbox 178 4292 421 4356; x_wconf 79' lang='lat' dir='ltr'><strong>bovem,</strong></span> <span class='ocrx_word' id='word_1_425' title='bbox 482 4304 599 4344; x_wconf 84' lang='lat' dir='ltr'><strong>non</strong></span> <span class='ocrx_word' id='word_1_426' title='bbox 652 4287 931 4357; x_wconf 88' lang='lat' dir='ltr'><strong>reperiens</strong></span> <span class='ocrx_word' id='word_1_427' title='bbox 979 4300 1138 4354; x_wconf 90' lang='lat' dir='ltr'><strong>quem</strong></span> <span class='ocrx_word' id='word_1_428' title='bbox 1174 4300 1274 4355; x_wconf 91' lang='lat' dir='ltr'><strong>pro</strong></span> <span class='ocrx_word' id='word_1_429' title='bbox 1316 4301 1381 4340; x_wconf 92' lang='lat' dir='ltr'><strong>eo</strong></span> <span class='ocrx_word' id='word_1_430' title='bbox 1418 4285 1551 4357; x_wconf 87' lang='lat' dir='ltr'><strong>jugo</strong></span> <span class='ocrx_word' id='word_1_431' title='bbox 1595 4285 1804 4355; x_wconf 87' lang='lat' dir='ltr'><strong>fatigati</strong></span> 
     </span>
    </p>
   </div>
   <div class='ocr_carea' id='block_1_60' title="bbox 177 4375 1807 4446">
    <p class='ocr_par' dir='ltr' id='par_1_60' title="bbox 177 4375 1807 4446">
     <span class='ocr_line' id='line_1_60' title="bbox 177 4375 1807 4446; baseline -0.003 -12"><span class='ocrx_word' id='word_1_432' title='bbox 177 4381 467 4446; x_wconf 82' lang='lat' dir='ltr'><strong>inferret,</strong></span> <span class='ocrx_word' id='word_1_433' title='bbox 495 4392 629 4434; x_wconf 80' lang='lat' dir='ltr'><strong>ecce</strong></span> <span class='ocrx_word' id='word_1_434' title='bbox 658 4385 881 4445; x_wconf 91' lang='lat' dir='ltr'><strong>repente</strong></span> <span class='ocrx_word' id='word_1_435' title='bbox 921 4376 1020 4430; x_wconf 92' lang='lat' dir='ltr'><strong>bos</strong></span> <span class='ocrx_word' id='word_1_436' title='bbox 1060 4375 1151 4430; x_wconf 92' lang='lat' dir='ltr'><strong>illo</strong></span> <span class='ocrx_word' id='word_1_437' title='bbox 1180 4376 1381 4430; x_wconf 88' lang='lat' dir='ltr'><strong>cursim</strong></span> <span class='ocrx_word' id='word_1_438' title='bbox 1423 4391 1482 4430; x_wconf 89' lang='lat' dir='ltr'><strong>se</strong></span> <span class='ocrx_word' id='word_1_439' title='bbox 1504 4376 1722 4439; x_wconf 87' lang='lat' dir='ltr'><strong>obtulit,</strong></span> <span class='ocrx_word' id='word_1_440' title='bbox 1751 4383 1807 4429; x_wconf 89' lang='lat' dir='ltr'><strong>et</strong></span> 
     </span>
    </p>
   </div>
   <div class='ocr_carea' id='block_1_61' title="bbox 2487 1926 2893 1986">
    <p class='ocr_par' dir='ltr' id='par_1_61' title="bbox 2487 1926 2893 1986">
     <span class='ocr_line' id='line_1_61' title="bbox 2487 1926 2893 1986; baseline 0 -2"><span class='ocrx_word' id='word_1_441' title='bbox 2487 1926 2717 1986; x_wconf 85' lang='lat' dir='ltr'><strong>CAPUT</strong></span> <span class='ocrx_word' id='word_1_442' title='bbox 2756 1928 2893 1986; x_wconf 81' lang='lat' dir='ltr'><strong>XIV.</strong></span> 
     </span>
    </p>
   </div>
   <div class='ocr_carea' id='block_1_62' title="bbox 1971 2017 3477 2093">
    <p class='ocr_par' dir='ltr' id='par_1_62' title="bbox 1971 2017 3477 2093">
     <span class='ocr_line' id='line_1_62' title="bbox 1971 2017 3477 2093; baseline 0.005 -23"><span class='ocrx_word' id='word_1_443' title='bbox 1971 2017 2129 2089; x_wconf 82' lang='lat' dir='ltr'><strong>Hugo</strong></span> <span class='ocrx_word' id='word_1_444' title='bbox 2162 2018 2391 2074; x_wconf 83' lang='lat' dir='ltr'><strong>decanus</strong></span> <span class='ocrx_word' id='word_1_445' title='bbox 2429 2019 2624 2090; x_wconf 80' lang='lat' dir='ltr'><strong>absque</strong></span> <span class='ocrx_word' id='word_1_446' title='bbox 2649 2020 2895 2075; x_wconf 80' lang='lat' dir='ltr'><strong>electione</strong></span> <span class='ocrx_word' id='word_1_447' title='bbox 2919 2022 3223 2093; x_wconf 75' lang='lat' dir='ltr'><strong>episcopatu</strong></span> <span class='ocrx_word' id='word_1_448' title='bbox 3248 2023 3477 2078; x_wconf 79' lang='lat' dir='ltr'><strong>donatur</strong></span> 
     </span>
    </p>
   </div>
   <div class='ocr_carea' id='block_1_63' title="bbox 1897 2111 3477 2188">
    <p class='ocr_par' dir='ltr' id='par_1_63' title="bbox 1897 2111 3477 2188">
     <span class='ocr_line' id='line_1_63' title="bbox 1897 2111 3477 2188; baseline 0.006 -23"><span class='ocrx_word' id='word_1_449' title='bbox 1897 2127 1929 2165; x_wconf 94' lang='lat' dir='ltr'><strong>a</strong></span> <span class='ocrx_word' id='word_1_450' title='bbox 1952 2126 2088 2181; x_wconf 84' lang='lat' dir='ltr'><strong>rege.</strong></span> <span class='ocrx_word' id='word_1_451' title='bbox 2115 2142 2185 2152; x_wconf 91' lang='lat'><strong><em>—</em></strong></span> <span class='ocrx_word' id='word_1_452' title='bbox 2210 2111 2377 2182; x_wconf 89' lang='lat' dir='ltr'><strong>Igitur</strong></span> <span class='ocrx_word' id='word_1_453' title='bbox 2415 2122 2608 2168; x_wconf 78' lang='lat' dir='ltr'><strong>exacto</strong></span> <span class='ocrx_word' id='word_1_454' title='bbox 2652 2114 2739 2170; x_wconf 90' lang='lat' dir='ltr'><strong>his</strong></span> <span class='ocrx_word' id='word_1_455' title='bbox 2768 2116 2942 2170; x_wconf 87' lang='lat' dir='ltr'><strong>modis</strong></span> <span class='ocrx_word' id='word_1_456' title='bbox 2969 2118 3247 2188; x_wconf 88' lang='lat' dir='ltr'><strong>episcopo,</strong></span> <span class='ocrx_word' id='word_1_457' title='bbox 3275 2118 3344 2175; x_wconf 88' lang='lat' dir='ltr'><strong>de</strong></span> <span class='ocrx_word' id='word_1_458' title='bbox 3372 2118 3477 2175; x_wconf 92' lang='lat' dir='ltr'><strong>eli-</strong></span> 
     </span>
    </p>
   </div>
   <div class='ocr_carea' id='block_1_64' title="bbox 1897 2202 3477 2277">
    <p class='ocr_par' dir='ltr' id='par_1_64' title="bbox 1897 2202 3477 2277">
     <span class='ocr_line' id='line_1_64' title="bbox 1897 2202 3477 2277; baseline 0.005 -22"><span class='ocrx_word' id='word_1_459' title='bbox 1897 2203 2071 2270; x_wconf 86' lang='lat' dir='ltr'><strong>gendo</strong></span> <span class='ocrx_word' id='word_1_460' title='bbox 2092 2202 2266 2257; x_wconf 88' lang='lat' dir='ltr'><strong>altero</strong></span> <span class='ocrx_word' id='word_1_461' title='bbox 2293 2203 2474 2274; x_wconf 89' lang='lat' dir='ltr'><strong>regias</strong></span> <span class='ocrx_word' id='word_1_462' title='bbox 2520 2218 2681 2260; x_wconf 83' lang='lat' dir='ltr'><strong>aures</strong></span> <span class='ocrx_word' id='word_1_463' title='bbox 2718 2204 2988 2275; x_wconf 88' lang='lat' dir='ltr'><strong>appellere</strong></span> <span class='ocrx_word' id='word_1_464' title='bbox 3022 2216 3327 2277; x_wconf 88' lang='lat' dir='ltr'><strong>coeperunt.</strong></span> <span class='ocrx_word' id='word_1_465' title='bbox 3365 2208 3477 2262; x_wconf 86' lang='lat' dir='ltr'><strong>Da-</strong></span> 
     </span>
    </p>
   </div>
   <div class='ocr_carea' id='block_1_65' title="bbox 1895 2293 3479 2367">
    <p class='ocr_par' dir='ltr' id='par_1_65' title="bbox 1895 2293 3479 2367">
     <span class='ocr_line' id='line_1_65' title="bbox 1895 2293 3479 2367; baseline 0.004 -20"><span class='ocrx_word' id='word_1_466' title='bbox 1895 2301 1989 2348; x_wconf 90' lang='lat' dir='ltr'><strong>tur</strong></span> <span class='ocrx_word' id='word_1_467' title='bbox 2026 2294 2074 2349; x_wconf 94' lang='lat' dir='ltr'><strong>ei</strong></span> <span class='ocrx_word' id='word_1_468' title='bbox 2114 2293 2258 2349; x_wconf 86' lang='lat' dir='ltr'><strong>nulla</strong></span> <span class='ocrx_word' id='word_1_469' title='bbox 2302 2294 2570 2350; x_wconf 91' lang='lat' dir='ltr'><strong>electione</strong></span> <span class='ocrx_word' id='word_1_470' title='bbox 2615 2295 2896 2365; x_wconf 67' lang='lat' dir='ltr'><strong>praemissa</strong></span> <span class='ocrx_word' id='word_1_471' title='bbox 2951 2296 3171 2367; x_wconf 87' lang='lat' dir='ltr'><strong>quidam</strong></span> <span class='ocrx_word' id='word_1_472' title='bbox 3226 2297 3479 2354; x_wconf 80' lang='lat' dir='ltr'><strong>Aurelia-</strong></span> 
     </span>
    </p>
   </div>
   <div class='ocr_carea' id='block_1_66' title="bbox 1894 2382 3479 2454">
    <p class='ocr_par' dir='ltr' id='par_1_66' title="bbox 1894 2382 3479 2454">
     <span class='ocr_line' id='line_1_66' title="bbox 1894 2382 3479 2454; baseline 0.004 -17"><span class='ocrx_word' id='word_1_473' title='bbox 1894 2384 2086 2438; x_wconf 86' lang='lat' dir='ltr'><strong>nensis</strong></span> <span class='ocrx_word' id='word_1_474' title='bbox 2115 2384 2369 2447; x_wconf 86' lang='lat' dir='ltr'><strong>decanus,</strong></span> <span class='ocrx_word' id='word_1_475' title='bbox 2400 2382 2554 2452; x_wconf 86' lang='lat' dir='ltr'><strong>cujus</strong></span> <span class='ocrx_word' id='word_1_476' title='bbox 2582 2384 2889 2449; x_wconf 84' lang='lat' dir='ltr'><strong>decaniam,</strong></span> <span class='ocrx_word' id='word_1_477' title='bbox 2912 2385 3044 2454; x_wconf 85' lang='lat' dir='ltr'><strong>quia</strong></span> <span class='ocrx_word' id='word_1_478' title='bbox 3072 2384 3479 2444; x_wconf 78' lang='lat' dir='ltr'><strong>referendarius</strong></span> 
     </span>
    </p>
   </div>
   <div class='ocr_carea' id='block_1_67' title="bbox 1900 2472 3484 2549">
    <p class='ocr_par' dir='ltr' id='par_1_67' title="bbox 1900 2472 3484 2549">
     <span class='ocr_line' id='line_1_67' title="bbox 1900 2472 3484 2549; baseline 0.004 -22"><span class='ocrx_word' id='word_1_479' title='bbox 1900 2474 2045 2545; x_wconf 86' lang='lat' dir='ltr'><strong>regis</strong></span> <span class='ocrx_word' id='word_1_480' title='bbox 2087 2474 2307 2542; x_wconf 88' lang='lat' dir='ltr'><strong>quidam</strong></span> <span class='ocrx_word' id='word_1_481' title='bbox 2361 2472 2672 2542; x_wconf 88' lang='lat' dir='ltr'><strong>Stephanus</strong></span> <span class='ocrx_word' id='word_1_482' title='bbox 2706 2474 3003 2542; x_wconf 84' lang='lat' dir='ltr'><strong>ambiebat,</strong></span> <span class='ocrx_word' id='word_1_483' title='bbox 3051 2476 3144 2545; x_wconf 89' lang='lat' dir='ltr'><strong>qui</strong></span> <span class='ocrx_word' id='word_1_484' title='bbox 3191 2478 3484 2549; x_wconf 78' lang='lat' dir='ltr'><strong>episcopus</strong></span> 
     </span>
    </p>
   </div>
   <div class='ocr_carea' id='block_1_68' title="bbox 1898 2563 3480 2635">
    <p class='ocr_par' dir='ltr' id='par_1_68' title="bbox 1898 2563 3480 2635">
     <span class='ocr_line' id='line_1_68' title="bbox 1898 2563 3480 2635; baseline 0.002 -16"><span class='ocrx_word' id='word_1_485' title='bbox 1898 2579 2020 2619; x_wconf 87' lang='lat' dir='ltr'><strong>esse</strong></span> <span class='ocrx_word' id='word_1_486' title='bbox 2048 2579 2156 2618; x_wconf 89' lang='lat' dir='ltr'><strong>non</strong></span> <span class='ocrx_word' id='word_1_487' title='bbox 2186 2570 2417 2633; x_wconf 89' lang='lat' dir='ltr'><strong>poterat,</strong></span> <span class='ocrx_word' id='word_1_488' title='bbox 2447 2563 2546 2632; x_wconf 85' lang='lat' dir='ltr'><strong>ipsi</strong></span> <span class='ocrx_word' id='word_1_489' title='bbox 2581 2578 2613 2617; x_wconf 86' lang='lat' dir='ltr'><strong>a</strong></span> <span class='ocrx_word' id='word_1_490' title='bbox 2646 2578 2775 2633; x_wconf 88' lang='lat' dir='ltr'><strong>rege</strong></span> <span class='ocrx_word' id='word_1_491' title='bbox 2809 2563 3185 2633; x_wconf 85' lang='lat' dir='ltr'><strong>episcopatum</strong></span> <span class='ocrx_word' id='word_1_492' title='bbox 3219 2566 3480 2635; x_wconf 87' lang='lat' dir='ltr'><strong>obtinuit,</strong></span> 
     </span>
    </p>
   </div>
   <div class='ocr_carea' id='block_1_69' title="bbox 1900 2654 3483 2725">
    <p class='ocr_par' dir='ltr' id='par_1_69' title="bbox 1900 2654 3483 2725">
     <span class='ocr_line' id='line_1_69' title="bbox 1900 2654 3483 2725; baseline 0.003 -15"><span class='ocrx_word' id='word_1_493' title='bbox 1900 2656 2295 2725; x_wconf 86' lang='lat' dir='ltr'><strong>decaniamque</strong></span> <span class='ocrx_word' id='word_1_494' title='bbox 2366 2656 2619 2724; x_wconf 89' lang='lat' dir='ltr'><strong>suscepit.</strong></span> <span class='ocrx_word' id='word_1_495' title='bbox 2690 2654 2809 2721; x_wconf 92' lang='lat' dir='ltr'><strong>Quo</strong></span> <span class='ocrx_word' id='word_1_496' title='bbox 2879 2655 2948 2709; x_wconf 88' lang='lat' dir='ltr'><strong>ad</strong></span> <span class='ocrx_word' id='word_1_497' title='bbox 3010 2658 3483 2714; x_wconf 89' lang='lat' dir='ltr'><strong>consecrationem</strong></span> 
     </span>
    </p>
   </div>
   <div class='ocr_carea' id='block_1_70' title="bbox 1900 2745 3485 2817">
    <p class='ocr_par' dir='ltr' id='par_1_70' title="bbox 1900 2745 3485 2817">
     <span class='ocr_line' id='line_1_70' title="bbox 1900 2745 3485 2817; baseline 0 -14"><span class='ocrx_word' id='word_1_498' title='bbox 1900 2746 2169 2812; x_wconf 80' lang='lat' dir='ltr'><strong>exhibito,</strong></span> <span class='ocrx_word' id='word_1_499' title='bbox 2191 2761 2314 2801; x_wconf 89' lang='lat' dir='ltr'><strong>cum</strong></span> <span class='ocrx_word' id='word_1_500' title='bbox 2344 2745 2752 2816; x_wconf 90' lang='lat' dir='ltr'><strong>prognosticum</strong></span> <span class='ocrx_word' id='word_1_501' title='bbox 2791 2746 2911 2816; x_wconf 85' lang='lat' dir='ltr'><strong>ejus</strong></span> <span class='ocrx_word' id='word_1_502' title='bbox 2940 2757 3358 2817; x_wconf 83' lang='lat' dir='ltr'><strong>aucuparentur,</strong></span> <span class='ocrx_word' id='word_1_503' title='bbox 3390 2764 3485 2803; x_wconf 87' lang='lat' dir='ltr'><strong>va-</strong></span> 
     </span>
    </p>
   </div>
   <div class='ocr_carea' id='block_1_71' title="bbox 1901 2836 3487 2908">
    <p class='ocr_par' dir='ltr' id='par_1_71' title="bbox 1901 2836 3487 2908">
     <span class='ocr_line' id='line_1_71' title="bbox 1901 2836 3487 2908; baseline 0.001 -14"><span class='ocrx_word' id='word_1_504' title='bbox 1901 2854 2060 2894; x_wconf 91' lang='lat' dir='ltr'><strong>cuam</strong></span> <span class='ocrx_word' id='word_1_505' title='bbox 2110 2845 2436 2908; x_wconf 89' lang='lat' dir='ltr'><strong>repererunt</strong></span> <span class='ocrx_word' id='word_1_506' title='bbox 2476 2836 2755 2907; x_wconf 88' lang='lat' dir='ltr'><strong>paginam.</strong></span> <span class='ocrx_word' id='word_1_507' title='bbox 2796 2836 2877 2891; x_wconf 79' lang='lat' dir='ltr'><strong>Ac</strong></span> <span class='ocrx_word' id='word_1_508' title='bbox 2935 2837 2980 2891; x_wconf 88' lang='lat' dir='ltr'><strong>si</strong></span> <span class='ocrx_word' id='word_1_509' title='bbox 3035 2837 3391 2895; x_wconf 78' lang='lat' dir='ltr'><strong>diceretzDe</strong></span> <span class='ocrx_word' id='word_1_510' title='bbox 3418 2854 3487 2896; x_wconf 85' lang='lat' dir='ltr'><strong>eo</strong></span> 
     </span>
    </p>
   </div>
   <div class='ocr_carea' id='block_1_72' title="bbox 1904 2928 3484 2999">
    <p class='ocr_par' dir='ltr' id='par_1_72' title="bbox 1904 2928 3484 2999">
     <span class='ocr_line' id='line_1_72' title="bbox 1904 2928 3484 2999; baseline 0.002 -15"><span class='ocrx_word' id='word_1_511' title='bbox 1904 2931 2037 2985; x_wconf 87' lang='lat' dir='ltr'><strong>nihil</strong></span> <span class='ocrx_word' id='word_1_512' title='bbox 2067 2931 2429 2993; x_wconf 85' lang='lat' dir='ltr'><strong>vaticinabor,</strong></span> <span class='ocrx_word' id='word_1_513' title='bbox 2457 2944 2581 2984; x_wconf 91' lang='lat' dir='ltr'><strong>cum</strong></span> <span class='ocrx_word' id='word_1_514' title='bbox 2615 2928 2743 2983; x_wconf 92' lang='lat' dir='ltr'><strong>nulli</strong></span> <span class='ocrx_word' id='word_1_515' title='bbox 2774 2943 2912 2999; x_wconf 86' lang='lat' dir='ltr'><strong>pene</strong></span> <span class='ocrx_word' id='word_1_516' title='bbox 2954 2929 3123 2984; x_wconf 88' lang='lat' dir='ltr'><strong>futuri</strong></span> <span class='ocrx_word' id='word_1_517' title='bbox 3170 2930 3281 2985; x_wconf 91' lang='lat' dir='ltr'><strong>sint</strong></span> <span class='ocrx_word' id='word_1_518' title='bbox 3305 2942 3484 2987; x_wconf 83' lang='lat' dir='ltr'><strong>actus.</strong></span> 
     </span>
    </p>
   </div>
   <div class='ocr_carea' id='block_1_73' title="bbox 1903 3021 3483 3092">
    <p class='ocr_par' dir='ltr' id='par_1_73' title="bbox 1903 3021 3483 3092">
     <span class='ocr_line' id='line_1_73' title="bbox 1903 3021 3483 3092; baseline 0.002 -15"><span class='ocrx_word' id='word_1_519' title='bbox 1903 3022 2033 3077; x_wconf 87' lang='lat' dir='ltr'><strong>Post</strong></span> <span class='ocrx_word' id='word_1_520' title='bbox 2077 3037 2277 3091; x_wconf 90' lang='lat' dir='ltr'><strong>paucos</strong></span> <span class='ocrx_word' id='word_1_521' title='bbox 2308 3021 2453 3077; x_wconf 91' lang='lat' dir='ltr'><strong>enim</strong></span> <span class='ocrx_word' id='word_1_522' title='bbox 2484 3034 2700 3076; x_wconf 89' lang='lat' dir='ltr'><strong>menses</strong></span> <span class='ocrx_word' id='word_1_523' title='bbox 2743 3021 3020 3076; x_wconf 89' lang='lat' dir='ltr'><strong>occubuit.</strong></span> <span class='ocrx_word' id='word_1_524' title='bbox 3045 3021 3272 3092; x_wconf 83' lang='lat' dir='ltr'><strong>Aliquas</strong></span> <span class='ocrx_word' id='word_1_525' title='bbox 3303 3033 3483 3080; x_wconf 90' lang='lat' dir='ltr'><strong>tamen</strong></span> 
     </span>
    </p>
   </div>
   <div class='ocr_carea' id='block_1_74' title="bbox 1906 3110 3482 3183">
    <p class='ocr_par' dir='ltr' id='par_1_74' title="bbox 1906 3110 3482 3183">
     <span class='ocr_line' id='line_1_74' title="bbox 1906 3110 3482 3183; baseline 0.003 -18"><span class='ocrx_word' id='word_1_526' title='bbox 1906 3113 1972 3165; x_wconf 85' lang='lat' dir='ltr'><strong>de</strong></span> <span class='ocrx_word' id='word_1_527' title='bbox 1999 3110 2236 3180; x_wconf 89' lang='lat' dir='ltr'><strong>episcopi</strong></span> <span class='ocrx_word' id='word_1_528' title='bbox 2266 3110 2513 3166; x_wconf 90' lang='lat' dir='ltr'><strong>domibus</strong></span> <span class='ocrx_word' id='word_1_529' title='bbox 2560 3111 2817 3166; x_wconf 89' lang='lat' dir='ltr'><strong>restituit.</strong></span> <span class='ocrx_word' id='word_1_530' title='bbox 2860 3110 2975 3182; x_wconf 71' lang='grc' dir='ltr'><strong>(ηδ)</strong></span> <span class='ocrx_word' id='word_1_531' title='bbox 3004 3111 3121 3179; x_wconf 87' lang='lat' dir='ltr'><strong>Quo</strong></span> <span class='ocrx_word' id='word_1_532' title='bbox 3164 3113 3482 3183; x_wconf 87' lang='lat' dir='ltr'><strong>decedente,</strong></span> 
     </span>
    </p>
   </div>
   <div class='ocr_carea' id='block_1_75' title="bbox 1907 3204 3483 3278">
    <p class='ocr_par' dir='ltr' id='par_1_75' title="bbox 1907 3204 3483 3278">
     <span class='ocr_line' id='line_1_75' title="bbox 1907 3204 3483 3278; baseline 0.004 -21"><span class='ocrx_word' id='word_1_533' title='bbox 1907 3204 2008 3259; x_wconf 88' lang='lat' dir='ltr'><strong>iste</strong></span> <span class='ocrx_word' id='word_1_534' title='bbox 2036 3204 2274 3274; x_wconf 90' lang='lat' dir='ltr'><strong>legitime</strong></span> <span class='ocrx_word' id='word_1_535' title='bbox 2315 3211 2371 3259; x_wconf 93' lang='lat' dir='ltr'><strong>et</strong></span> <span class='ocrx_word' id='word_1_536' title='bbox 2417 3204 2617 3259; x_wconf 87' lang='lat' dir='ltr'><strong>invitus</strong></span> <span class='ocrx_word' id='word_1_537' title='bbox 2664 3204 2905 3274; x_wconf 88' lang='lat' dir='ltr'><strong>eligitur.</strong></span> <span class='ocrx_word' id='word_1_538' title='bbox 2958 3205 3016 3259; x_wconf 90' lang='lat' dir='ltr'><strong>In</strong></span> <span class='ocrx_word' id='word_1_539' title='bbox 3067 3206 3190 3274; x_wconf 91' lang='lat' dir='ltr'><strong>hoc,</strong></span> <span class='ocrx_word' id='word_1_540' title='bbox 3237 3208 3483 3278; x_wconf 88' lang='lat' dir='ltr'><strong>inquam,</strong></span> 
     </span>
    </p>
   </div>
   <div class='ocr_carea' id='block_1_76' title="bbox 1901 3291 3482 3367">
    <p class='ocr_par' dir='ltr' id='par_1_76' title="bbox 1901 3291 3482 3367">
     <span class='ocr_line' id='line_1_76' title="bbox 1901 3291 3482 3367; baseline 0.004 -21"><span class='ocrx_word' id='word_1_541' title='bbox 1901 3293 2158 3363; x_wconf 89' lang='lat' dir='ltr'><strong>legitime,</strong></span> <span class='ocrx_word' id='word_1_542' title='bbox 2191 3292 2319 3362; x_wconf 90' lang='lat' dir='ltr'><strong>quia</strong></span> <span class='ocrx_word' id='word_1_543' title='bbox 2369 3293 2423 3347; x_wconf 91' lang='lat' dir='ltr'><strong>in</strong></span> <span class='ocrx_word' id='word_1_544' title='bbox 2470 3291 2618 3347; x_wconf 89' lang='lat' dir='ltr'><strong>nullo</strong></span> <span class='ocrx_word' id='word_1_545' title='bbox 2647 3293 2854 3348; x_wconf 83' lang='lat' dir='ltr'><strong>venalis</strong></span> <span class='ocrx_word' id='word_1_546' title='bbox 2894 3293 3125 3361; x_wconf 89' lang='lat' dir='ltr'><strong>introiit,</strong></span> <span class='ocrx_word' id='word_1_547' title='bbox 3177 3310 3279 3351; x_wconf 90' lang='lat' dir='ltr'><strong>nec</strong></span> <span class='ocrx_word' id='word_1_548' title='bbox 3328 3298 3482 3367; x_wconf 86' lang='lat' dir='ltr'><strong>quid-</strong></span> 
     </span>
    </p>
   </div>
   <div class='ocr_carea' id='block_1_77' title="bbox 1902 3384 3483 3458">
    <p class='ocr_par' dir='ltr' id='par_1_77' title="bbox 1902 3384 3483 3458">
     <span class='ocr_line' id='line_1_77' title="bbox 1902 3384 3483 3458; baseline 0.003 -20"><span class='ocrx_word' id='word_1_549' title='bbox 1902 3401 2065 3455; x_wconf 86' lang='lat' dir='ltr'><strong>quam</strong></span> <span class='ocrx_word' id='word_1_550' title='bbox 2104 3384 2413 3440; x_wconf 85' lang='lat' dir='ltr'><strong>Simoniace</strong></span> <span class='ocrx_word' id='word_1_551' title='bbox 2457 3399 2617 3454; x_wconf 89' lang='lat' dir='ltr'><strong>agere</strong></span> <span class='ocrx_word' id='word_1_552' title='bbox 2646 3385 2892 3440; x_wconf 90' lang='lat' dir='ltr'><strong>intendit.</strong></span> <span class='ocrx_word' id='word_1_553' title='bbox 2922 3385 3018 3441; x_wconf 87' lang='lat' dir='ltr'><strong>Cui</strong></span> <span class='ocrx_word' id='word_1_554' title='bbox 3065 3396 3244 3442; x_wconf 90' lang='lat' dir='ltr'><strong>tamen</strong></span> <span class='ocrx_word' id='word_1_555' title='bbox 3276 3388 3330 3442; x_wconf 92' lang='lat' dir='ltr'><strong>in</strong></span> <span class='ocrx_word' id='word_1_556' title='bbox 3363 3404 3483 3458; x_wconf 83' lang='lat' dir='ltr'><strong>pro-</strong></span> 
     </span>
    </p>
   </div>
   <div class='ocr_carea' id='block_1_78' title="bbox 1907 3478 3483 3551">
    <p class='ocr_par' dir='ltr' id='par_1_78' title="bbox 1907 3478 3483 3551">
     <span class='ocr_line' id='line_1_78' title="bbox 1907 3478 3483 3551; baseline 0.001 -18"><span class='ocrx_word' id='word_1_557' title='bbox 1907 3488 2154 3551; x_wconf 80' lang='lat' dir='ltr'><strong>gnostica</strong></span> <span class='ocrx_word' id='word_1_558' title='bbox 2199 3494 2297 3534; x_wconf 89' lang='lat' dir='ltr'><strong>suo</strong></span> <span class='ocrx_word' id='word_1_559' title='bbox 2328 3478 2712 3548; x_wconf 85' lang='lat' dir='ltr'><strong>Evangelicum</strong></span> <span class='ocrx_word' id='word_1_560' title='bbox 2755 3478 3052 3549; x_wconf 92' lang='lat' dir='ltr'><strong>capitulum</strong></span> <span class='ocrx_word' id='word_1_561' title='bbox 3088 3479 3224 3535; x_wconf 89' lang='lat' dir='ltr'><strong>dure</strong></span> <span class='ocrx_word' id='word_1_562' title='bbox 3279 3482 3483 3547; x_wconf 87' lang='lat' dir='ltr'><strong>sonuit,</strong></span> 
     </span>
    </p>
   </div>
   <div class='ocr_carea' id='block_1_79' title="bbox 1902 3566 3485 3639">
    <p class='ocr_par' dir='ltr' id='par_1_79' title="bbox 1902 3566 3485 3639">
     <span class='ocr_line' id='line_1_79' title="bbox 1902 3566 3485 3639; baseline 0.001 -16"><span class='ocrx_word' id='word_1_563' title='bbox 1902 3572 2026 3639; x_wconf 89' lang='lat' dir='ltr'><strong>quia</strong></span> <span class='ocrx_word' id='word_1_564' title='bbox 2053 3570 2281 3638; x_wconf 91' lang='lat' dir='ltr'><strong>idipsum</strong></span> <span class='ocrx_word' id='word_1_565' title='bbox 2318 3568 2460 3638; x_wconf 90' lang='lat' dir='ltr'><strong>quod</strong></span> <span class='ocrx_word' id='word_1_566' title='bbox 2491 3566 2777 3623; x_wconf 85' lang='lat' dir='ltr'><strong>GaIdricus</strong></span> <span class='ocrx_word' id='word_1_567' title='bbox 2805 3568 3031 3624; x_wconf 88' lang='lat' dir='ltr'><strong>habuit:</strong></span> <span class='ocrx_word' id='word_1_568' title='bbox 3087 3587 3108 3620; x_wconf 76' lang='lat' dir='ltr'><strong>r</strong></span> <span class='ocrx_word' id='word_1_569' title='bbox 3132 3568 3326 3635; x_wconf 88' lang='lat' dir='ltr'><strong>Tuam,</strong></span> <span class='ocrx_word' id='word_1_570' title='bbox 3375 3571 3485 3625; x_wconf 88' lang='lat' dir='ltr'><strong>sci-</strong></span> 
     </span>
    </p>
   </div>
   <div class='ocr_carea' id='block_1_80' title="bbox 1903 3660 3481 3732">
    <p class='ocr_par' dir='ltr' id='par_1_80' title="bbox 1903 3660 3481 3732">
     <span class='ocr_line' id='line_1_80' title="bbox 1903 3660 3481 3732; baseline 0.001 -17"><span class='ocrx_word' id='word_1_571' title='bbox 1903 3662 2054 3728; x_wconf 89' lang='lat' dir='ltr'><strong>licet,</strong></span> <span class='ocrx_word' id='word_1_572' title='bbox 2088 3662 2258 3730; x_wconf 90' lang='lat' dir='ltr'><strong>ipsius</strong></span> <span class='ocrx_word' id='word_1_573' title='bbox 2323 3660 2559 3715; x_wconf 89' lang='lat' dir='ltr'><strong>animam</strong></span> <span class='ocrx_word' id='word_1_574' title='bbox 2586 3660 2939 3730; x_wconf 86' lang='lat' dir='ltr'><strong>pertransibit</strong></span> <span class='ocrx_word' id='word_1_575' title='bbox 2980 3660 3190 3732; x_wconf 87' lang='lat' dir='ltr'><strong>gladius</strong></span> <span class='ocrx_word' id='word_1_576' title='bbox 3213 3661 3232 3732; x_wconf 96' lang='lat'><strong>(</strong></span> <span class='ocrx_word' id='word_1_577' title='bbox 3258 3662 3385 3717; x_wconf 86' lang='lat' dir='ltr'><strong>Luc.</strong></span> <span class='ocrx_word' id='word_1_578' title='bbox 3418 3678 3481 3726; x_wconf 83' lang='lat' dir='ltr'><strong>tt,</strong></span> 
     </span>
    </p>
   </div>
   <div class='ocr_carea' id='block_1_81' title="bbox 1902 3750 3484 3825">
    <p class='ocr_par' dir='ltr' id='par_1_81' title="bbox 1902 3750 3484 3825">
     <span class='ocr_line' id='line_1_81' title="bbox 1902 3750 3484 3825; baseline -0.001 -16"><span class='ocrx_word' id='word_1_579' title='bbox 1902 3754 2037 3825; x_wconf 78' lang='lat'><strong>&#39;55).</strong></span> <span class='ocrx_word' id='word_1_580' title='bbox 2072 3773 2092 3807; x_wconf 75' lang='grc' dir='ltr'><strong><em>ι</em></strong></span> <span class='ocrx_word' id='word_1_581' title='bbox 2136 3753 2276 3821; x_wconf 83' lang='lat' dir='ltr'><strong>Quid</strong></span> <span class='ocrx_word' id='word_1_582' title='bbox 2306 3762 2485 3808; x_wconf 90' lang='lat' dir='ltr'><strong>autem</strong></span> <span class='ocrx_word' id='word_1_583' title='bbox 2519 3752 2798 3808; x_wconf 90' lang='lat' dir='ltr'><strong>infortunii</strong></span> <span class='ocrx_word' id='word_1_584' title='bbox 2841 3750 2945 3807; x_wconf 92' lang='lat' dir='ltr'><strong>sibi</strong></span> <span class='ocrx_word' id='word_1_585' title='bbox 2989 3752 3289 3818; x_wconf 84' lang='lat' dir='ltr'><strong>immineat,</strong></span> <span class='ocrx_word' id='word_1_586' title='bbox 3340 3753 3484 3808; x_wconf 89' lang='lat' dir='ltr'><strong>Deus</strong></span> 
     </span>
    </p>
   </div>
   <div class='ocr_carea' id='block_1_82' title="bbox 1904 3845 2122 3899">
    <p class='ocr_par' dir='ltr' id='par_1_82' title="bbox 1904 3845 2122 3899">
     <span class='ocr_line' id='line_1_82' title="bbox 1904 3845 2122 3899; baseline -0.009 0"><span class='ocrx_word' id='word_1_587' title='bbox 1904 3845 2122 3899; x_wconf 84' lang='lat' dir='ltr'><strong>viderit.</strong></span> 
     </span>
    </p>
   </div>
   <div class='ocr_carea' id='block_1_83' title="bbox 1979 3933 3485 4005">
    <p class='ocr_par' dir='ltr' id='par_1_83' title="bbox 1979 3933 3485 4005">
     <span class='ocr_line' id='line_1_83' title="bbox 1979 3933 3485 4005; baseline -0.001 -16"><span class='ocrx_word' id='word_1_588' title='bbox 1979 3934 2343 4005; x_wconf 81' lang='lat' dir='ltr'><strong>Teudegaldus</strong></span> <span class='ocrx_word' id='word_1_589' title='bbox 2395 3933 2622 4004; x_wconf 88' lang='lat' dir='ltr'><strong>episcopi</strong></span> <span class='ocrx_word' id='word_1_590' title='bbox 2669 3934 2869 3988; x_wconf 88' lang='lat' dir='ltr'><strong>occisor</strong></span> <span class='ocrx_word' id='word_1_591' title='bbox 2911 3933 3078 4001; x_wconf 75' lang='lat' dir='ltr'><strong>furcis</strong></span> <span class='ocrx_word' id='word_1_592' title='bbox 3127 3934 3375 4003; x_wconf 83' lang='lat' dir='ltr'><strong>infertur.</strong></span> <span class='ocrx_word' id='word_1_593' title='bbox 3413 3965 3485 3977; x_wconf 90' lang='grc'><strong><em>--</em></strong></span> 
     </span>
    </p>
   </div>
   <div class='ocr_carea' id='block_1_84' title="bbox 1904 4026 3483 4097">
    <p class='ocr_par' dir='ltr' id='par_1_84' title="bbox 1904 4026 3483 4097">
     <span class='ocr_line' id='line_1_84' title="bbox 1904 4026 3483 4097; baseline 0 -16"><span class='ocrx_word' id='word_1_594' title='bbox 1904 4030 2212 4097; x_wconf 83' lang='lat' dir='ltr'><strong>Antequam</strong></span> <span class='ocrx_word' id='word_1_595' title='bbox 2245 4043 2375 4082; x_wconf 89' lang='lat' dir='ltr'><strong>vero</strong></span> <span class='ocrx_word' id='word_1_596' title='bbox 2399 4029 2465 4081; x_wconf 88' lang='lat' dir='ltr'><strong>ad</strong></span> <span class='ocrx_word' id='word_1_597' title='bbox 2495 4026 2597 4082; x_wconf 91' lang='lat' dir='ltr'><strong>alia</strong></span> <span class='ocrx_word' id='word_1_598' title='bbox 2622 4027 3054 4097; x_wconf 84' lang='lat' dir='ltr'><strong>progrediamur,</strong></span> <span class='ocrx_word' id='word_1_599' title='bbox 3081 4028 3368 4083; x_wconf 90' lang='lat' dir='ltr'><strong>dicendum</strong></span> <span class='ocrx_word' id='word_1_600' title='bbox 3400 4038 3483 4084; x_wconf 87' lang='lat' dir='ltr'><strong>est</strong></span> 
     </span>
    </p>
   </div>
   <div class='ocr_carea' id='block_1_85' title="bbox 1905 4115 3483 4188">
    <p class='ocr_par' dir='ltr' id='par_1_85' title="bbox 1905 4115 3483 4188">
     <span class='ocr_line' id='line_1_85' title="bbox 1905 4115 3483 4188; baseline -0.001 -15"><span class='ocrx_word' id='word_1_601' title='bbox 1905 4119 2048 4188; x_wconf 83' lang='lat' dir='ltr'><strong>quod</strong></span> <span class='ocrx_word' id='word_1_602' title='bbox 2095 4117 2471 4186; x_wconf 87' lang='lat' dir='ltr'><strong>Tendegaldus</strong></span> <span class='ocrx_word' id='word_1_603' title='bbox 2521 4117 2767 4185; x_wconf 89' lang='lat' dir='ltr'><strong>proditor</strong></span> <span class='ocrx_word' id='word_1_604' title='bbox 2810 4115 2969 4185; x_wconf 79' lang='lat'><strong>515</strong></span> <span class='ocrx_word' id='word_1_605' title='bbox 3022 4131 3084 4187; x_wconf 77' lang='lat' dir='ltr'><strong>ac</strong></span> <span class='ocrx_word' id='word_1_606' title='bbox 3132 4117 3483 4186; x_wconf 87' lang='lat' dir='ltr'><strong>interemptor</strong></span> 
     </span>
    </p>
   </div>
   <div class='ocr_carea' id='block_1_86' title="bbox 1905 4205 3483 4278">
    <p class='ocr_par' dir='ltr' id='par_1_86' title="bbox 1905 4205 3483 4278">
     <span class='ocr_line' id='line_1_86' title="bbox 1905 4205 3483 4278; baseline -0.004 -14"><span class='ocrx_word' id='word_1_607' title='bbox 1905 4209 2167 4278; x_wconf 88' lang='lat' dir='ltr'><strong>episcopi,</strong></span> <span class='ocrx_word' id='word_1_608' title='bbox 2193 4217 2315 4276; x_wconf 88' lang='lat' dir='ltr'><strong>post</strong></span> <span class='ocrx_word' id='word_1_609' title='bbox 2347 4208 2624 4262; x_wconf 89' lang='lat' dir='ltr'><strong>biennium</strong></span> <span class='ocrx_word' id='word_1_610' title='bbox 2660 4207 3049 4261; x_wconf 90' lang='lat' dir='ltr'><strong>internecionis</strong></span> <span class='ocrx_word' id='word_1_611' title='bbox 3070 4205 3211 4259; x_wconf 91' lang='lat' dir='ltr'><strong>illius</strong></span> <span class='ocrx_word' id='word_1_612' title='bbox 3242 4220 3271 4259; x_wconf 91' lang='lat' dir='ltr'><strong>a</strong></span> <span class='ocrx_word' id='word_1_613' title='bbox 3308 4205 3483 4259; x_wconf 81' lang='lat' dir='ltr'><strong>militi-</strong></span> 
     </span>
    </p>
   </div>
   <div class='ocr_carea' id='block_1_87' title="bbox 1906 4294 3482 4367">
    <p class='ocr_par' dir='ltr' id='par_1_87' title="bbox 1906 4294 3482 4367">
     <span class='ocr_line' id='line_1_87' title="bbox 1906 4294 3482 4367; baseline -0.003 -14"><span class='ocrx_word' id='word_1_614' title='bbox 1906 4300 2007 4353; x_wconf 91' lang='lat' dir='ltr'><strong>hus</strong></span> <span class='ocrx_word' id='word_1_615' title='bbox 2050 4297 2354 4367; x_wconf 86' lang='lat' dir='ltr'><strong>Ingelranni</strong></span> <span class='ocrx_word' id='word_1_616' title='bbox 2404 4305 2621 4366; x_wconf 89' lang='lat' dir='ltr'><strong>captus,</strong></span> <span class='ocrx_word' id='word_1_617' title='bbox 2664 4304 2719 4350; x_wconf 92' lang='lat' dir='ltr'><strong>et</strong></span> <span class='ocrx_word' id='word_1_618' title='bbox 2771 4294 2941 4349; x_wconf 85' lang='lat' dir='ltr'><strong>furcis</strong></span> <span class='ocrx_word' id='word_1_619' title='bbox 2993 4294 3176 4349; x_wconf 90' lang='lat' dir='ltr'><strong>illatus</strong></span> <span class='ocrx_word' id='word_1_620' title='bbox 3205 4303 3305 4349; x_wconf 91' lang='lat' dir='ltr'><strong>est.</strong></span> <span class='ocrx_word' id='word_1_621' title='bbox 3338 4294 3387 4349; x_wconf 90' lang='lat' dir='ltr'><strong>Is</strong></span> <span class='ocrx_word' id='word_1_622' title='bbox 3428 4295 3482 4349; x_wconf 89' lang='lat' dir='ltr'><strong>in</strong></span> 
     </span>
    </p>
   </div>
   <div class='ocr_carea' id='block_1_88' title="bbox 1882 4386 3481 4457">
    <p class='ocr_par' dir='ltr' id='par_1_88' title="bbox 1882 4386 3481 4457">
     <span class='ocr_line' id='line_1_88' title="bbox 1882 4386 3481 4457; baseline -0.003 -14"><span class='ocrx_word' id='word_1_623' title='bbox 1882 4388 2332 4457; x_wconf 57' lang='lat' dir='ltr'><strong>&#39;Quadragesima</strong></span> <span class='ocrx_word' id='word_1_624' title='bbox 2362 4386 2807 4454; x_wconf 87' lang='lat' dir='ltr'><strong>comprehensus,</strong></span> <span class='ocrx_word' id='word_1_625' title='bbox 2832 4392 3119 4453; x_wconf 87' lang='lat' dir='ltr'><strong>postquam</strong></span> <span class='ocrx_word' id='word_1_626' title='bbox 3143 4398 3280 4452; x_wconf 87' lang='lat' dir='ltr'><strong>pene</strong></span> <span class='ocrx_word' id='word_1_627' title='bbox 3312 4397 3481 4453; x_wconf 85' lang='lat' dir='ltr'><strong>usque</strong></span> 
     </span>
    </p>
   </div>
   <div class='ocr_carea' id='block_1_89' title="bbox 172 4465 3462 4551">
    <p class='ocr_par' dir='ltr' id='par_1_89' title="bbox 172 4465 3462 4551">
     <span class='ocr_line' id='line_1_89' title="bbox 172 4465 3462 4551; baseline -0.002 -28"><span class='ocrx_word' id='word_1_628' title='bbox 172 4472 350 4541; x_wconf 84' lang='lat' dir='ltr'><strong>quasi</strong></span> <span class='ocrx_word' id='word_1_629' title='bbox 399 4488 480 4526; x_wconf 75' lang='lat' dir='ltr'><strong>ex</strong></span> <span class='ocrx_word' id='word_1_630' title='bbox 528 4468 792 4523; x_wconf 87' lang='lat' dir='ltr'><strong>industria</strong></span> <span class='ocrx_word' id='word_1_631' title='bbox 831 4467 982 4537; x_wconf 86' lang='lat' dir='ltr'><strong>operi</strong></span> <span class='ocrx_word' id='word_1_632' title='bbox 1028 4466 1289 4520; x_wconf 75' lang='lat' dir='ltr'><strong>auxilium</strong></span> <span class='ocrx_word' id='word_1_633' title='bbox 1320 4466 1529 4520; x_wconf 86' lang='lat' dir='ltr'><strong>laturus</strong></span> <span class='ocrx_word' id='word_1_634' title='bbox 1562 4465 1801 4519; x_wconf 89' lang='lat' dir='ltr'><strong>advenit.</strong></span> <span class='ocrx_word' id='word_1_635' title='bbox 1839 4497 1884 4551; x_wconf 71' lang='grc' dir='ltr'><strong>Ι)</strong></span> <span class='ocrx_word' id='word_1_636' title='bbox 1912 4480 1978 4534; x_wconf 72' lang='lat' dir='ltr'><strong>ad</strong></span> <span class='ocrx_word' id='word_1_637' title='bbox 2005 4478 2266 4533; x_wconf 61' lang='lat' dir='ltr'><strong>vomitum</strong></span> <span class='ocrx_word' id='word_1_638' title='bbox 2298 4476 2613 4531; x_wconf 62' lang='lat' dir='ltr'><strong>comederat</strong></span> <span class='ocrx_word' id='word_1_639' title='bbox 2646 4484 2702 4530; x_wconf 69' lang='grc' dir='ltr'><strong>ει</strong></span> <span class='ocrx_word' id='word_1_640' title='bbox 2736 4475 2971 4537; x_wconf 66' lang='lat' dir='ltr'><strong>biberat,</strong></span> <span class='ocrx_word' id='word_1_641' title='bbox 2996 4482 3052 4526; x_wconf 78' lang='grc' dir='ltr'>ει</span> <span class='ocrx_word' id='word_1_642' title='bbox 3075 4488 3259 4527; x_wconf 74' lang='lat' dir='ltr'><strong>coram</strong></span> <span class='ocrx_word' id='word_1_643' title='bbox 3295 4472 3462 4541; x_wconf 77' lang='lat' dir='ltr'><strong>aliqui</strong></span> 
     </span>
    </p>
   </div>
   <div class='ocr_carea' id='block_1_90' title="bbox 172 4556 1806 4630">
    <p class='ocr_par' dir='ltr' id='par_1_90' title="bbox 172 4556 1806 4630">
     <span class='ocr_line' id='line_1_90' title="bbox 172 4556 1806 4630; baseline -0.004 -13"><span class='ocrx_word' id='word_1_644' title='bbox 172 4563 287 4630; x_wconf 85' lang='lat' dir='ltr'><strong>Qui</strong></span> <span class='ocrx_word' id='word_1_645' title='bbox 330 4571 504 4616; x_wconf 86' lang='lat' dir='ltr'><strong>motu</strong></span> <span class='ocrx_word' id='word_1_646' title='bbox 566 4558 731 4612; x_wconf 88' lang='lat' dir='ltr'><strong>alacri</strong></span> <span class='ocrx_word' id='word_1_647' title='bbox 783 4572 906 4612; x_wconf 93' lang='lat' dir='ltr'><strong>cum</strong></span> <span class='ocrx_word' id='word_1_648' title='bbox 933 4572 1155 4611; x_wconf 90' lang='lat' dir='ltr'><strong>currum</strong></span> <span class='ocrx_word' id='word_1_649' title='bbox 1194 4557 1261 4610; x_wconf 89' lang='lat' dir='ltr'><strong>ad</strong></span> <span class='ocrx_word' id='word_1_650' title='bbox 1306 4556 1591 4611; x_wconf 89' lang='lat' dir='ltr'><strong>ecclesiam</strong></span> <span class='ocrx_word' id='word_1_651' title='bbox 1634 4570 1806 4626; x_wconf 90' lang='lat' dir='ltr'><strong>usque</strong></span> 
     </span>
    </p>
   </div>
   <div class='ocr_carea' id='block_1_91' title="bbox 176 4644 1808 4720">
    <p class='ocr_par' dir='ltr' id='par_1_91' title="bbox 176 4644 1808 4720">
     <span class='ocr_line' id='line_1_91' title="bbox 176 4644 1808 4720; baseline -0.005 -13"><span class='ocrx_word' id='word_1_652' title='bbox 176 4670 316 4707; x_wconf 88' lang='lat' dir='ltr'><strong>cum</strong></span> <span class='ocrx_word' id='word_1_653' title='bbox 360 4644 509 4706; x_wconf 78' lang='lat' dir='ltr'><strong>aliis</strong></span> <span class='ocrx_word' id='word_1_654' title='bbox 542 4649 897 4720; x_wconf 76' lang='lat' dir='ltr'><strong>perduxisset,</strong></span> <span class='ocrx_word' id='word_1_655' title='bbox 941 4647 1174 4702; x_wconf 89' lang='lat' dir='ltr'><strong>clericus</strong></span> <span class='ocrx_word' id='word_1_656' title='bbox 1204 4647 1357 4702; x_wconf 90' lang='lat' dir='ltr'><strong>valde</strong></span> <span class='ocrx_word' id='word_1_657' title='bbox 1383 4646 1649 4701; x_wconf 90' lang='lat' dir='ltr'><strong>sollicitus</strong></span> <span class='ocrx_word' id='word_1_658' title='bbox 1688 4654 1808 4701; x_wconf 88' lang='lat' dir='ltr'><strong>erat</strong></span> 
     </span>
    </p>
   </div>
   <div class='ocr_carea' id='block_1_92' title="bbox 180 4737 1808 4807">
    <p class='ocr_par' dir='ltr' id='par_1_92' title="bbox 180 4737 1808 4807">
     <span class='ocr_line' id='line_1_92' title="bbox 180 4737 1808 4807; baseline -0.003 -11"><span class='ocrx_word' id='word_1_659' title='bbox 180 4743 434 4797; x_wconf 84' lang='lat' dir='ltr'><strong>cuinam</strong></span> <span class='ocrx_word' id='word_1_660' title='bbox 471 4742 674 4795; x_wconf 84' lang='lat' dir='ltr'><strong>bovem</strong></span> <span class='ocrx_word' id='word_1_661' title='bbox 704 4740 853 4793; x_wconf 90' lang='lat' dir='ltr'><strong>illum</strong></span> <span class='ocrx_word' id='word_1_662' title='bbox 890 4738 1133 4807; x_wconf 87' lang='lat' dir='ltr'><strong>ignotum</strong></span> <span class='ocrx_word' id='word_1_663' title='bbox 1170 4740 1442 4793; x_wconf 89' lang='lat' dir='ltr'><strong>redderet.</strong></span> <span class='ocrx_word' id='word_1_664' title='bbox 1474 4737 1575 4803; x_wconf 89' lang='lat' dir='ltr'><strong>Qui</strong></span> <span class='ocrx_word' id='word_1_665' title='bbox 1603 4752 1724 4790; x_wconf 80' lang='lat' dir='ltr'><strong>mox</strong></span> <span class='ocrx_word' id='word_1_666' title='bbox 1749 4746 1808 4791; x_wconf 88' lang='lat' dir='ltr'><strong>ut</strong></span> 
     </span>
    </p>
   </div>
   <div class='ocr_carea' id='block_1_93' title="bbox 167 4831 1807 4901">
    <p class='ocr_par' dir='ltr' id='par_1_93' title="bbox 167 4831 1807 4901">
     <span class='ocr_line' id='line_1_93' title="bbox 167 4831 1807 4901; baseline -0.005 -10"><span class='ocrx_word' id='word_1_667' title='bbox 167 4839 416 4891; x_wconf 87' lang='lat' dir='ltr'><strong>solutus</strong></span> <span class='ocrx_word' id='word_1_668' title='bbox 443 4842 563 4901; x_wconf 86' lang='lat' dir='ltr'><strong>est,</strong></span> <span class='ocrx_word' id='word_1_669' title='bbox 593 4849 698 4887; x_wconf 90' lang='lat' dir='ltr'><strong>non</strong></span> <span class='ocrx_word' id='word_1_670' title='bbox 732 4834 950 4897; x_wconf 88' lang='lat' dir='ltr'><strong>ducem,</strong></span> <span class='ocrx_word' id='word_1_671' title='bbox 978 4848 1078 4887; x_wconf 90' lang='lat' dir='ltr'><strong>nec</strong></span> <span class='ocrx_word' id='word_1_672' title='bbox 1117 4832 1210 4900; x_wconf 89' lang='lat' dir='ltr'><strong>qui</strong></span> <span class='ocrx_word' id='word_1_673' title='bbox 1262 4847 1323 4885; x_wconf 89' lang='lat' dir='ltr'><strong>se</strong></span> <span class='ocrx_word' id='word_1_674' title='bbox 1352 4831 1586 4885; x_wconf 90' lang='lat' dir='ltr'><strong>minaret</strong></span> <span class='ocrx_word' id='word_1_675' title='bbox 1611 4844 1807 4899; x_wconf 79' lang='lat' dir='ltr'><strong>exspe-</strong></span> 
     </span>
    </p>
   </div>
   <div class='ocr_carea' id='block_1_94' title="bbox 166 4923 1484 4993">
    <p class='ocr_par' dir='ltr' id='par_1_94' title="bbox 166 4923 1484 4993">
     <span class='ocr_line' id='line_1_94' title="bbox 166 4923 1484 4993; baseline -0.006 -9"><span class='ocrx_word' id='word_1_676' title='bbox 166 4930 391 4993; x_wconf 87' lang='lat' dir='ltr'><strong>ctavit,</strong></span> <span class='ocrx_word' id='word_1_677' title='bbox 422 4928 537 4982; x_wconf 86' lang='lat' dir='ltr'><strong>sed</strong></span> <span class='ocrx_word' id='word_1_678' title='bbox 563 4927 715 4981; x_wconf 93' lang='lat' dir='ltr'><strong>ocius</strong></span> <span class='ocrx_word' id='word_1_679' title='bbox 737 4926 878 4979; x_wconf 90' lang='lat' dir='ltr'><strong>unde</strong></span> <span class='ocrx_word' id='word_1_680' title='bbox 902 4935 1150 4991; x_wconf 85' lang='lat' dir='ltr'><strong>venerat,</strong></span> <span class='ocrx_word' id='word_1_681' title='bbox 1186 4923 1484 4993; x_wconf 89' lang='lat' dir='ltr'><strong>repedavit.</strong></span> 
     </span>
    </p>
   </div>
   <div class='ocr_carea' id='block_1_95' title="bbox 246 5020 1806 5090">
    <p class='ocr_par' dir='ltr' id='par_1_95' title="bbox 246 5020 1806 5090">
     <span class='ocr_line' id='line_1_95' title="bbox 246 5020 1806 5090; baseline -0.004 -15"><span class='ocrx_word' id='word_1_682' title='bbox 246 5021 337 5075; x_wconf 85' lang='lat' dir='ltr'><strong>De</strong></span> <span class='ocrx_word' id='word_1_683' title='bbox 392 5036 551 5073; x_wconf 86' lang='lat' dir='ltr'><strong>casu</strong></span> <span class='ocrx_word' id='word_1_684' title='bbox 594 5021 783 5090; x_wconf 63' lang='lat' dir='ltr'><strong>aquila:</strong></span> <span class='ocrx_word' id='word_1_685' title='bbox 824 5021 1094 5074; x_wconf 71' lang='lat' dir='ltr'><strong>deaurata:</strong></span> <span class='ocrx_word' id='word_1_686' title='bbox 1148 5020 1201 5072; x_wconf 86' lang='lat' dir='ltr'><strong>in</strong></span> <span class='ocrx_word' id='word_1_687' title='bbox 1252 5028 1458 5073; x_wconf 85' lang='lat' dir='ltr'><strong>summa</strong></span> <span class='ocrx_word' id='word_1_688' title='bbox 1504 5027 1806 5071; x_wconf 86' lang='lat' dir='ltr'><strong>sanctorum</strong></span> 
     </span>
    </p>
   </div>
   <div class='ocr_carea' id='block_1_96' title="bbox 161 5108 1805 5181">
    <p class='ocr_par' dir='ltr' id='par_1_96' title="bbox 161 5108 1805 5181">
     <span class='ocr_line' id='line_1_96' title="bbox 161 5108 1805 5181; baseline -0.003 -16"><span class='ocrx_word' id='word_1_689' title='bbox 161 5129 310 5166; x_wconf 89' lang='lat' dir='ltr'><strong>arca</strong></span> <span class='ocrx_word' id='word_1_690' title='bbox 366 5113 602 5181; x_wconf 66' lang='lat' dir='ltr'><strong>positor.</strong></span> <span class='ocrx_word' id='word_1_691' title='bbox 628 5141 698 5150; x_wconf 90' lang='lat'><strong>—</strong></span> <span class='ocrx_word' id='word_1_692' title='bbox 726 5112 774 5166; x_wconf 92' lang='lat' dir='ltr'><strong>ls</strong></span> <span class='ocrx_word' id='word_1_693' title='bbox 813 5112 925 5181; x_wconf 90' lang='lat' dir='ltr'><strong>ipse</strong></span> <span class='ocrx_word' id='word_1_694' title='bbox 954 5112 1141 5175; x_wconf 92' lang='lat' dir='ltr'><strong>etiam,</strong></span> <span class='ocrx_word' id='word_1_695' title='bbox 1171 5110 1263 5179; x_wconf 91' lang='lat' dir='ltr'><strong>qui</strong></span> <span class='ocrx_word' id='word_1_696' title='bbox 1286 5111 1390 5165; x_wconf 93' lang='lat' dir='ltr'><strong>hoc</strong></span> <span class='ocrx_word' id='word_1_697' title='bbox 1433 5110 1565 5163; x_wconf 90' lang='lat' dir='ltr'><strong>mihi</strong></span> <span class='ocrx_word' id='word_1_698' title='bbox 1601 5108 1805 5173; x_wconf 84' lang='lat' dir='ltr'><strong>retulit,</strong></span> 
     </span>
    </p>
   </div>
   <div class='ocr_carea' id='block_1_97' title="bbox 155 5200 1805 5277">
    <p class='ocr_par' dir='ltr' id='par_1_97' title="bbox 155 5200 1805 5277">
     <span class='ocr_line' id='line_1_97' title="bbox 155 5200 1805 5277; baseline -0.007 -15"><span class='ocrx_word' id='word_1_699' title='bbox 155 5206 220 5262; x_wconf 85' lang='lat' dir='ltr'><strong>id</strong></span> <span class='ocrx_word' id='word_1_700' title='bbox 255 5207 518 5277; x_wconf 81' lang='lat' dir='ltr'><strong>pariter</strong></span> <span class='ocrx_word' id='word_1_701' title='bbox 556 5219 772 5274; x_wconf 87' lang='lat' dir='ltr'><strong>quoque</strong></span> <span class='ocrx_word' id='word_1_702' title='bbox 819 5203 1082 5267; x_wconf 88' lang='lat' dir='ltr'><strong>narravit,</strong></span> <span class='ocrx_word' id='word_1_703' title='bbox 1114 5203 1239 5271; x_wconf 89' lang='lat' dir='ltr'><strong>quia</strong></span> <span class='ocrx_word' id='word_1_704' title='bbox 1269 5201 1523 5256; x_wconf 86' lang='lat' dir='ltr'><strong>videlicet</strong></span> <span class='ocrx_word' id='word_1_705' title='bbox 1571 5200 1659 5254; x_wconf 91' lang='lat' dir='ltr'><strong>die</strong></span> <span class='ocrx_word' id='word_1_706' title='bbox 1690 5200 1805 5262; x_wconf 90' lang='lat' dir='ltr'><strong>illa,</strong></span> 
     </span>
    </p>
   </div>
   <div class='ocr_carea' id='block_1_98' title="bbox 154 5290 1806 5369">
    <p class='ocr_par' dir='ltr' id='par_1_98' title="bbox 154 5290 1806 5369">
     <span class='ocr_line' id='line_1_98' title="bbox 154 5290 1806 5369; baseline -0.004 -18"><span class='ocrx_word' id='word_1_707' title='bbox 154 5315 282 5369; x_wconf 84' lang='lat' dir='ltr'><strong>qua</strong></span> <span class='ocrx_word' id='word_1_708' title='bbox 340 5296 670 5353; x_wconf 85' lang='lat' dir='ltr'><strong>Gualdrius</strong></span> <span class='ocrx_word' id='word_1_709' title='bbox 742 5296 1028 5366; x_wconf 87' lang='lat' dir='ltr'><strong>episcopus</strong></span> <span class='ocrx_word' id='word_1_710' title='bbox 1074 5294 1335 5362; x_wconf 90' lang='lat' dir='ltr'><strong>disposita</strong></span> <span class='ocrx_word' id='word_1_711' title='bbox 1383 5307 1515 5347; x_wconf 91' lang='lat' dir='ltr'><strong>nece</strong></span> <span class='ocrx_word' id='word_1_712' title='bbox 1576 5290 1806 5346; x_wconf 86' lang='lat' dir='ltr'><strong>Gerardi</strong></span> 
     </span>
    </p>
   </div>
   <div class='ocr_carea' id='block_1_99' title="bbox 150 5381 1806 5457">
    <p class='ocr_par' dir='ltr' id='par_1_99' title="bbox 150 5381 1806 5457">
     <span class='ocr_line' id='line_1_99' title="bbox 150 5381 1806 5457; baseline -0.006 -13"><span class='ocrx_word' id='word_1_713' title='bbox 150 5386 384 5444; x_wconf 78' lang='lat' dir='ltr'><strong>Romae</strong></span> <span class='ocrx_word' id='word_1_714' title='bbox 419 5386 714 5457; x_wconf 83' lang='lat' dir='ltr'><strong>proficisci</strong></span> <span class='ocrx_word' id='word_1_715' title='bbox 750 5393 1009 5455; x_wconf 63' lang='lat' dir='ltr'><strong>coeperat,</strong></span> <span class='ocrx_word' id='word_1_716' title='bbox 1040 5384 1153 5453; x_wconf 89' lang='lat' dir='ltr'><strong>ipse</strong></span> <span class='ocrx_word' id='word_1_717' title='bbox 1197 5393 1315 5453; x_wconf 82' lang='lat' dir='ltr'><strong>post</strong></span> <span class='ocrx_word' id='word_1_718' title='bbox 1370 5382 1706 5437; x_wconf 85' lang='lat' dir='ltr'><strong>sacerdotem</strong></span> <span class='ocrx_word' id='word_1_719' title='bbox 1739 5381 1806 5435; x_wconf 81' lang='lat' dir='ltr'><strong>ad</strong></span> 
     </span>
    </p>
   </div>
   <div class='ocr_carea' id='block_1_100' title="bbox 152 5472 1808 5549">
    <p class='ocr_par' dir='ltr' id='par_1_100' title="bbox 152 5472 1808 5549">
     <span class='ocr_line' id='line_1_100' title="bbox 152 5472 1808 5549; baseline -0.007 -14"><span class='ocrx_word' id='word_1_720' title='bbox 152 5483 397 5535; x_wconf 84' lang='lat' dir='ltr'><strong>missas</strong></span> <span class='ocrx_word' id='word_1_721' title='bbox 462 5478 657 5532; x_wconf 88' lang='lat' dir='ltr'><strong>stabat</strong></span> <span class='ocrx_word' id='word_1_722' title='bbox 690 5478 840 5549; x_wconf 90' lang='lat' dir='ltr'><strong>(erat</strong></span> <span class='ocrx_word' id='word_1_723' title='bbox 889 5475 1031 5530; x_wconf 92' lang='lat' dir='ltr'><strong>enim</strong></span> <span class='ocrx_word' id='word_1_724' title='bbox 1062 5472 1385 5542; x_wconf 85' lang='lat' dir='ltr'><strong>diaconus).</strong></span> <span class='ocrx_word' id='word_1_725' title='bbox 1420 5473 1555 5528; x_wconf 89' lang='lat' dir='ltr'><strong>Cum</strong></span> <span class='ocrx_word' id='word_1_726' title='bbox 1588 5479 1808 5541; x_wconf 87' lang='lat' dir='ltr'><strong>repente</strong></span> 
     </span>
    </p>
   </div>
   <div class='ocr_carea' id='block_1_101' title="bbox 151 5564 1805 5637">
    <p class='ocr_par' dir='ltr' id='par_1_101' title="bbox 151 5564 1805 5637">
     <span class='ocr_line' id='line_1_101' title="bbox 151 5564 1805 5637; baseline -0.006 -9"><span class='ocrx_word' id='word_1_727' title='bbox 151 5573 262 5628; x_wconf 85' lang='lat' dir='ltr'><strong>die</strong></span> <span class='ocrx_word' id='word_1_728' title='bbox 324 5568 663 5627; x_wconf 82' lang='lat' dir='ltr'><strong>admodum</strong></span> <span class='ocrx_word' id='word_1_729' title='bbox 724 5582 937 5637; x_wconf 89' lang='lat' dir='ltr'><strong>serena,</strong></span> <span class='ocrx_word' id='word_1_730' title='bbox 979 5582 1080 5623; x_wconf 91' lang='lat' dir='ltr'><strong>nec</strong></span> <span class='ocrx_word' id='word_1_731' title='bbox 1133 5566 1318 5623; x_wconf 84' lang='lat' dir='ltr'><strong>flabris</strong></span> <span class='ocrx_word' id='word_1_732' title='bbox 1364 5565 1488 5623; x_wconf 89' lang='lat' dir='ltr'><strong>ullis</strong></span> <span class='ocrx_word' id='word_1_733' title='bbox 1528 5564 1805 5631; x_wconf 78' lang='lat' dir='ltr'><strong>ﬂantibus,</strong></span> 
     </span>
    </p>
   </div>
   <div class='ocr_carea' id='block_1_102' title="bbox 236 5742 936 5820">
    <p class='ocr_par' dir='ltr' id='par_1_102' title="bbox 236 5742 936 5820">
     <span class='ocr_line' id='line_1_102' title="bbox 236 5742 936 5820; baseline -0.004 -16"><span class='ocrx_word' id='word_1_734' title='bbox 236 5746 386 5820; x_wconf 71' lang='grc'><strong>(48)</strong></span> <span class='ocrx_word' id='word_1_735' title='bbox 438 5742 519 5803; x_wconf 76' lang='grc' dir='ltr'><strong>ιιι</strong></span> <span class='ocrx_word' id='word_1_736' title='bbox 548 5754 631 5801; x_wconf 87' lang='lat' dir='ltr'><strong>est</strong></span> <span class='ocrx_word' id='word_1_737' title='bbox 658 5758 936 5801; x_wconf 81' lang='lat' dir='ltr'><strong>occasum.</strong></span> 
     </span>
    </p>
   </div>
   <div class='ocr_carea' id='block_1_103' title="bbox 1910 4564 3459 4639">
    <p class='ocr_par' dir='ltr' id='par_1_103' title="bbox 1910 4564 3459 4639">
     <span class='ocr_line' id='line_1_103' title="bbox 1910 4564 3459 4639; baseline -0.005 -14"><span class='ocrx_word' id='word_1_738' title='bbox 1910 4573 2032 4636; x_wconf 91' lang='lat' dir='ltr'><strong>bus,</strong></span> <span class='ocrx_word' id='word_1_739' title='bbox 2071 4568 2212 4639; x_wconf 90' lang='lat' dir='ltr'><strong>quod</strong></span> <span class='ocrx_word' id='word_1_740' title='bbox 2238 4566 2345 4622; x_wconf 88' lang='lat' dir='ltr'><strong>dici</strong></span> <span class='ocrx_word' id='word_1_741' title='bbox 2370 4566 2523 4621; x_wconf 86' lang='lat' dir='ltr'><strong>nefas</strong></span> <span class='ocrx_word' id='word_1_742' title='bbox 2551 4574 2654 4630; x_wconf 89' lang='lat' dir='ltr'><strong>est,</strong></span> <span class='ocrx_word' id='word_1_743' title='bbox 2689 4579 2746 4619; x_wconf 91' lang='lat' dir='ltr'><strong>se</strong></span> <span class='ocrx_word' id='word_1_744' title='bbox 2769 4564 2863 4619; x_wconf 89' lang='lat' dir='ltr'><strong>Dei</strong></span> <span class='ocrx_word' id='word_1_745' title='bbox 2890 4564 3057 4634; x_wconf 86' lang='lat' dir='ltr'><strong>gloria</strong></span> <span class='ocrx_word' id='word_1_746' title='bbox 3092 4564 3330 4635; x_wconf 88' lang='lat' dir='ltr'><strong>plenum,</strong></span> <span class='ocrx_word' id='word_1_747' title='bbox 3355 4578 3459 4618; x_wconf 88' lang='lat' dir='ltr'><strong>ven</strong></span> 
     </span>
    </p>
   </div>
   <div class='ocr_carea' id='block_1_104' title="bbox 1910 4656 3482 4731">
    <p class='ocr_par' dir='ltr' id='par_1_104' title="bbox 1910 4656 3482 4731">
     <span class='ocr_line' id='line_1_104' title="bbox 1910 4656 3482 4731; baseline -0.005 -14"><span class='ocrx_word' id='word_1_748' title='bbox 1910 4672 2046 4718; x_wconf 92' lang='lat' dir='ltr'><strong>trem</strong></span> <span class='ocrx_word' id='word_1_749' title='bbox 2084 4658 2457 4731; x_wconf 89' lang='lat' dir='ltr'><strong>protendeudo</strong></span> <span class='ocrx_word' id='word_1_750' title='bbox 2502 4668 2559 4713; x_wconf 91' lang='lat' dir='ltr'><strong>et</strong></span> <span class='ocrx_word' id='word_1_751' title='bbox 2607 4657 2915 4719; x_wconf 87' lang='lat' dir='ltr'><strong>mulcendo,</strong></span> <span class='ocrx_word' id='word_1_752' title='bbox 2961 4671 3120 4709; x_wconf 90' lang='lat' dir='ltr'><strong>manu</strong></span> <span class='ocrx_word' id='word_1_753' title='bbox 3158 4656 3482 4725; x_wconf 75' lang='lat' dir='ltr'><strong>iactaverat,</strong></span> 
     </span>
    </p>
   </div>
   <div class='ocr_carea' id='block_1_105' title="bbox 1911 4748 3484 4819">
    <p class='ocr_par' dir='ltr' id='par_1_105' title="bbox 1911 4748 3484 4819">
     <span class='ocr_line' id='line_1_105' title="bbox 1911 4748 3484 4819; baseline -0.003 -11"><span class='ocrx_word' id='word_1_754' title='bbox 1911 4762 2093 4809; x_wconf 91' lang='lat' dir='ltr'><strong>tentus</strong></span> <span class='ocrx_word' id='word_1_755' title='bbox 2123 4761 2176 4807; x_wconf 93' lang='lat' dir='ltr'><strong>et</strong></span> <span class='ocrx_word' id='word_1_756' title='bbox 2206 4752 2257 4805; x_wconf 92' lang='lat' dir='ltr'><strong>in</strong></span> <span class='ocrx_word' id='word_1_757' title='bbox 2284 4764 2559 4806; x_wconf 90' lang='lat' dir='ltr'><strong>carcerem</strong></span> <span class='ocrx_word' id='word_1_758' title='bbox 2583 4748 2875 4819; x_wconf 90' lang='lat' dir='ltr'><strong>relegatus,</strong></span> <span class='ocrx_word' id='word_1_759' title='bbox 2917 4763 3022 4803; x_wconf 92' lang='lat' dir='ltr'><strong>non</strong></span> <span class='ocrx_word' id='word_1_760' title='bbox 3048 4763 3077 4802; x_wconf 87' lang='lat' dir='ltr'><strong>a</strong></span> <span class='ocrx_word' id='word_1_761' title='bbox 3105 4748 3236 4812; x_wconf 90' lang='lat' dir='ltr'><strong>Deo,</strong></span> <span class='ocrx_word' id='word_1_762' title='bbox 3271 4764 3380 4803; x_wconf 89' lang='lat' dir='ltr'><strong>non</strong></span> <span class='ocrx_word' id='word_1_763' title='bbox 3415 4752 3484 4804; x_wconf 90' lang='lat' dir='ltr'><strong>ab</strong></span> 
     </span>
    </p>
   </div>
   <div class='ocr_carea' id='block_1_106' title="bbox 1910 4840 3483 4911">
    <p class='ocr_par' dir='ltr' id='par_1_106' title="bbox 1910 4840 3483 4911">
     <span class='ocr_line' id='line_1_106' title="bbox 1910 4840 3483 4911; baseline -0.004 -12"><span class='ocrx_word' id='word_1_764' title='bbox 1910 4844 2127 4899; x_wconf 87' lang='lat' dir='ltr'><strong>homine</strong></span> <span class='ocrx_word' id='word_1_765' title='bbox 2148 4841 2523 4910; x_wconf 59' lang='lat' dir='ltr'><strong>paenitentiam</strong></span> <span class='ocrx_word' id='word_1_766' title='bbox 2545 4840 2724 4911; x_wconf 89' lang='lat' dir='ltr'><strong>petiit,</strong></span> <span class='ocrx_word' id='word_1_767' title='bbox 2763 4854 2864 4894; x_wconf 91' lang='lat' dir='ltr'><strong>nec</strong></span> <span class='ocrx_word' id='word_1_768' title='bbox 2893 4840 3057 4894; x_wconf 88' lang='lat' dir='ltr'><strong>etiam</strong></span> <span class='ocrx_word' id='word_1_769' title='bbox 3082 4841 3382 4908; x_wconf 90' lang='lat' dir='ltr'><strong>productus</strong></span> <span class='ocrx_word' id='word_1_770' title='bbox 3417 4841 3483 4893; x_wconf 89' lang='lat' dir='ltr'><strong>ad</strong></span> 
     </span>
    </p>
   </div>
   <div class='ocr_carea' id='block_1_107' title="bbox 1908 4927 3483 5003">
    <p class='ocr_par' dir='ltr' id='par_1_107' title="bbox 1908 4927 3483 5003">
     <span class='ocr_line' id='line_1_107' title="bbox 1908 4927 3483 5003; baseline -0.006 -14"><span class='ocrx_word' id='word_1_771' title='bbox 1908 4950 2147 5003; x_wconf 67' lang='lat' dir='ltr'><strong>pinnam,</strong></span> <span class='ocrx_word' id='word_1_772' title='bbox 2171 4932 2404 5001; x_wconf 88' lang='lat' dir='ltr'><strong>cuipiam</strong></span> <span class='ocrx_word' id='word_1_773' title='bbox 2431 4930 2729 5001; x_wconf 91' lang='lat' dir='ltr'><strong>quidquam</strong></span> <span class='ocrx_word' id='word_1_774' title='bbox 2752 4929 2910 4993; x_wconf 74' lang='lat' dir='ltr'><strong>dixit,</strong></span> <span class='ocrx_word' id='word_1_775' title='bbox 2943 4943 3116 4999; x_wconf 90' lang='lat' dir='ltr'><strong>eaque</strong></span> <span class='ocrx_word' id='word_1_776' title='bbox 3154 4927 3483 4982; x_wconf 88' lang='lat' dir='ltr'><strong>insensibili-</strong></span> 
     </span>
    </p>
   </div>
   <div class='ocr_carea' id='block_1_108' title="bbox 1913 5017 3483 5091">
    <p class='ocr_par' dir='ltr' id='par_1_108' title="bbox 1913 5017 3483 5091">
     <span class='ocr_line' id='line_1_108' title="bbox 1913 5017 3483 5091; baseline -0.003 -14"><span class='ocrx_word' id='word_1_777' title='bbox 1913 5034 2025 5078; x_wconf 80' lang='lat' dir='ltr'><strong>tate</strong></span> <span class='ocrx_word' id='word_1_778' title='bbox 2061 5024 2129 5078; x_wconf 91' lang='lat' dir='ltr'><strong>ad</strong></span> <span class='ocrx_word' id='word_1_779' title='bbox 2190 5023 2357 5077; x_wconf 85' lang='lat' dir='ltr'><strong>Deum</strong></span> <span class='ocrx_word' id='word_1_780' title='bbox 2410 5036 2517 5091; x_wconf 89' lang='lat' dir='ltr'><strong>qua</strong></span> <span class='ocrx_word' id='word_1_781' title='bbox 2568 5021 2784 5075; x_wconf 78' lang='lat' dir='ltr'><strong>vixerat</strong></span> <span class='ocrx_word' id='word_1_782' title='bbox 2833 5019 3059 5074; x_wconf 90' lang='lat' dir='ltr'><strong>interiit.</strong></span> <span class='ocrx_word' id='word_1_783' title='bbox 3120 5017 3227 5074; x_wconf 89' lang='lat' dir='ltr'><strong>Sed</strong></span> <span class='ocrx_word' id='word_1_784' title='bbox 3260 5017 3376 5086; x_wconf 85' lang='lat' dir='ltr'><strong>jam</strong></span> <span class='ocrx_word' id='word_1_785' title='bbox 3416 5018 3483 5072; x_wconf 91' lang='lat' dir='ltr'><strong>ad</strong></span> 
     </span>
    </p>
   </div>
   <div class='ocr_carea' id='block_1_109' title="bbox 1908 5116 2447 5171">
    <p class='ocr_par' dir='ltr' id='par_1_109' title="bbox 1908 5116 2447 5171">
     <span class='ocr_line' id='line_1_109' title="bbox 1908 5116 2447 5171; baseline -0.004 0"><span class='ocrx_word' id='word_1_786' title='bbox 1908 5119 2109 5171; x_wconf 88' lang='lat' dir='ltr'><strong>omissa</strong></span> <span class='ocrx_word' id='word_1_787' title='bbox 2141 5116 2447 5171; x_wconf 88' lang='lat' dir='ltr'><strong>redeamus.</strong></span> 
     </span>
    </p>
   </div>
   <div class='ocr_carea' id='block_1_110' title="bbox 1982 5199 3483 5273">
    <p class='ocr_par' dir='ltr' id='par_1_110' title="bbox 1982 5199 3483 5273">
     <span class='ocr_line' id='line_1_110' title="bbox 1982 5199 3483 5273; baseline -0.004 -11"><span class='ocrx_word' id='word_1_788' title='bbox 1982 5210 2207 5262; x_wconf 84' lang='lat' dir='ltr'><strong>Thomas</strong></span> <span class='ocrx_word' id='word_1_789' title='bbox 2263 5206 2854 5262; x_wconf 80' lang='lat' dir='ltr'><strong>excommunicatur.—</strong></span> <span class='ocrx_word' id='word_1_790' title='bbox 2890 5202 3059 5273; x_wconf 90' lang='lat' dir='ltr'><strong>Igitur</strong></span> <span class='ocrx_word' id='word_1_791' title='bbox 3109 5199 3342 5257; x_wconf 84' lang='lat' dir='ltr'><strong>Thomas</strong></span> <span class='ocrx_word' id='word_1_792' title='bbox 3390 5202 3483 5269; x_wconf 91' lang='lat' dir='ltr'><strong>qui</strong></span> 
     </span>
    </p>
   </div>
   <div class='ocr_carea' id='block_1_111' title="bbox 1910 5290 3484 5363">
    <p class='ocr_par' dir='ltr' id='par_1_111' title="bbox 1910 5290 3484 5363">
     <span class='ocr_line' id='line_1_111' title="bbox 1910 5290 3484 5363; baseline -0.005 -11"><span class='ocrx_word' id='word_1_793' title='bbox 1910 5298 2147 5352; x_wconf 88' lang='lat' dir='ltr'><strong>nefarios</strong></span> <span class='ocrx_word' id='word_1_794' title='bbox 2177 5297 2317 5362; x_wconf 91' lang='lat' dir='ltr'><strong>illos,</strong></span> <span class='ocrx_word' id='word_1_795' title='bbox 2341 5294 2641 5351; x_wconf 87' lang='lat' dir='ltr'><strong>etGerardi</strong></span> <span class='ocrx_word' id='word_1_796' title='bbox 2668 5293 2925 5363; x_wconf 91' lang='lat' dir='ltr'><strong>primum,</strong></span> <span class='ocrx_word' id='word_1_797' title='bbox 2954 5300 3008 5348; x_wconf 92' lang='lat' dir='ltr'><strong>et</strong></span> <span class='ocrx_word' id='word_1_798' title='bbox 3031 5300 3218 5361; x_wconf 85' lang='lat' dir='ltr'><strong>postea</strong></span> <span class='ocrx_word' id='word_1_799' title='bbox 3244 5290 3484 5362; x_wconf 87' lang='lat' dir='ltr'><strong>episcopi</strong></span> 
     </span>
    </p>
   </div>
   <div class='ocr_carea' id='block_1_112' title="bbox 1910 5382 3484 5457">
    <p class='ocr_par' dir='ltr' id='par_1_112' title="bbox 1910 5382 3484 5457">
     <span class='ocr_line' id='line_1_112' title="bbox 1910 5382 3484 5457; baseline -0.006 -9"><span class='ocrx_word' id='word_1_800' title='bbox 1910 5390 2112 5448; x_wconf 88' lang='lat' dir='ltr'><strong>domini</strong></span> <span class='ocrx_word' id='word_1_801' title='bbox 2139 5389 2221 5445; x_wconf 90' lang='lat' dir='ltr'><strong>sui</strong></span> <span class='ocrx_word' id='word_1_802' title='bbox 2268 5396 2320 5442; x_wconf 90' lang='lat' dir='ltr'><strong>et</strong></span> <span class='ocrx_word' id='word_1_803' title='bbox 2349 5385 2561 5457; x_wconf 88' lang='lat' dir='ltr'><strong>cognati</strong></span> <span class='ocrx_word' id='word_1_804' title='bbox 2585 5383 2877 5448; x_wconf 84' lang='lat' dir='ltr'><strong>occisores,</strong></span> <span class='ocrx_word' id='word_1_805' title='bbox 2903 5397 3025 5438; x_wconf 90' lang='lat' dir='ltr'><strong>cum</strong></span> <span class='ocrx_word' id='word_1_806' title='bbox 3062 5382 3149 5437; x_wconf 90' lang='lat' dir='ltr'><strong>illa</strong></span> <span class='ocrx_word' id='word_1_807' title='bbox 3177 5382 3484 5438; x_wconf 86' lang='lat' dir='ltr'><strong>communia</strong></span> 
     </span>
    </p>
   </div>
   <div class='ocr_carea' id='block_1_113' title="bbox 1909 5471 3487 5552">
    <p class='ocr_par' dir='ltr' id='par_1_113' title="bbox 1909 5471 3487 5552">
     <span class='ocr_line' id='line_1_113' title="bbox 1909 5471 3487 5552; baseline -0.007 -14"><span class='ocrx_word' id='word_1_808' title='bbox 1909 5482 2142 5552; x_wconf 90' lang='lat' dir='ltr'><strong>maligna</strong></span> <span class='ocrx_word' id='word_1_809' title='bbox 2192 5485 2504 5547; x_wconf 88' lang='lat' dir='ltr'><strong>susceperat</strong></span> <span class='ocrx_word' id='word_1_810' title='bbox 2544 5473 2682 5544; x_wconf 83' lang='grc'><strong>(¹¹⁸),</strong></span> <span class='ocrx_word' id='word_1_811' title='bbox 2728 5473 2798 5527; x_wconf 90' lang='lat' dir='ltr'><strong>ab</strong></span> <span class='ocrx_word' id='word_1_812' title='bbox 2852 5471 3273 5542; x_wconf 86' lang='lat' dir='ltr'><strong>archiepisc0pis</strong></span> <span class='ocrx_word' id='word_1_813' title='bbox 3319 5471 3487 5527; x_wconf 82' lang='lat' dir='ltr'><strong>totius</strong></span> 
     </span>
    </p>
   </div>
   <div class='ocr_carea' id='block_1_114' title="bbox 1910 5561 3482 5643">
    <p class='ocr_par' dir='ltr' id='par_1_114' title="bbox 1910 5561 3482 5643">
     <span class='ocr_line' id='line_1_114' title="bbox 1910 5561 3482 5643; baseline -0.008 -13"><span class='ocrx_word' id='word_1_814' title='bbox 1910 5573 2153 5631; x_wconf 60' lang='lat' dir='ltr'><strong>Francia</strong></span> <span class='ocrx_word' id='word_1_815' title='bbox 2177 5580 2231 5628; x_wconf 93' lang='lat' dir='ltr'><strong>et</strong></span> <span class='ocrx_word' id='word_1_816' title='bbox 2255 5569 2522 5643; x_wconf 86' lang='lat' dir='ltr'><strong>episcopis</strong></span> <span class='ocrx_word' id='word_1_817' title='bbox 2538 5582 2645 5626; x_wconf 89' lang='lat' dir='ltr'><strong>non</strong></span> <span class='ocrx_word' id='word_1_818' title='bbox 2672 5569 2848 5625; x_wconf 84' lang='lat' dir='ltr'><strong>solum</strong></span> <span class='ocrx_word' id='word_1_819' title='bbox 2870 5565 2925 5623; x_wconf 91' lang='lat' dir='ltr'><strong>in</strong></span> <span class='ocrx_word' id='word_1_820' title='bbox 2954 5563 3220 5633; x_wconf 85' lang='lat' dir='ltr'><strong>conciliis,</strong></span> <span class='ocrx_word' id='word_1_821' title='bbox 3243 5561 3482 5637; x_wconf 79' lang='lat' dir='ltr'><strong>synodis,</strong></span> 
     </span>
    </p>
   </div>
  </div>
