3982 6346
166 323 276 382 945

1196 324 1285 383 DE
1313 326 1471 383 VlTA
1512 324 1647 383 SUA
1685 325 1861 381 LIBRI
1888 327 2088 386 TRES.
2112 360 2181 370 --
2203 331 2327 387 LIB.
2371 332 2456 389 lll.

3331 338 3447 397 916'

166 459 231 499 ac
268 450 384 513 post
404 442 626 512 jnbente
664 439 907 497 Rcmensi
960 440 1349 511 archiepiscopo
1400 442 1663 495 rediit.—
1692 441 1761 496 At
1790 449 1833 504 Α
1865 444 2094 499 rimonia
2121 446 2244 501 data
2280 448 2348 501 ad
2380 461 2558 520 regem
2590 451 2852 520 dicerent,
2903 466 2963 510 se
3004 452 3064 510 in
3114 466 3281 524 regno
3322 453 3449 523 ejus.

168 534 458 604 episcopus
495 542 785 602 antequam
822 532 1053 588 ecclesia
1089 548 1186 587 sua
1234 533 1340 587 tale
1373 532 1757 588 exterminium

168 633 487 695 pateretur,
536 624 769 692 quodam
821 622 910 677 die
960 623 1098 677 festo
1144 623 1341 678 missas
1371 631 1592 677 acturus
1619 631 1757 678 erat.

164 713 403 780 Quidam
440 727 570 766 vero
592 712 773 781 specie
804 713 1086 781 religiosus
1114 713 1401 783 presbyter
1451 728 1761 767 sacramen-

168 813 287 860 tum
316 814 444 858 ante
469 819 593 858 eum
616 818 680 856 ex
707 804 818 857 sola
845 820 982 873 aqua
1015 805 1233 859 nescius
1265 804 1598 870 confecerat,
1639 814 1763 873 post

166 910 336 965 quem
387 904 443 949 et
487 894 744 964 episcopo
796 896 936 949 idem
990 895 1207 949 accidit.
1239 896 1485 965 Cumque
1522 895 1761 950 libamen

165 984 578 1055 assumpsisset,
608 992 664 1039 et
700 999 805 1037 non
854 984 960 1038 nisi
1007 998 1204 1053 aquam
1229 998 1352 1039 esse
1379 983 1656 1047 sensisset,
1685 983 1763 1038 di-

170 1076 256 1131 xit
303 1094 317 1129 :
378 1074 632 1145 Magnum
679 1075 876 1130 scitote
922 1090 1020 1143 pro
1069 1083 1219 1129 certo
1268 1073 1466 1128 malum
1519 1073 1763 1128 ecclesia:

170 1167 424 1221 imminet
444 1167 555 1222 isti.
580 1164 734 1232 Quod
760 1168 934 1236 ipsum
962 1166 1253 1221 infortunia
1283 1166 1612 1235 presbyteri,
1640 1178 1762 1233 qua:

169 1266 303 1311 ante
350 1256 713 1325 contigerant,
786 1258 1123 1310 astruebant.
1175 1254 1309 1310 Cum
1360 1268 1495 1324 ergo
1540 1254 1766 1309 vidisset

130 1378 135 1382 ·
169 1363 329 1404 suam
358 1363 459 1403 nec
478 1347 627 1403 clero
662 1363 763 1402 nec
788 1347 983 1417 populo
1016 1346 1358 1417 praesentiam
1380 1360 1501 1401 esse
1527 1354 1760 1415 gratam,

166 1438 303 1507 quia
348 1438 618 1493 neminem
654 1436 851 1506 juvare
898 1446 1134 1507 poterat,
1182 1444 1464 1507 assumpto
1525 1437 1762 1505 quodam

170 1538 363 1584 nostro
393 1530 681 1592 monacho,
737 1529 1055 1584 inconsultis
1090 1530 1344 1585 omnibus
1382 1528 1531 1585 clero
1555 1543 1655 1585 suo
1698 1543 1764 1584 ac

172 1619 373 1689 populo
405 1620 667 1687 libellum,
700 1628 757 1674 ut
789 1621 863 1675 ita
893 1621 1093 1685 dicam,
1133 1620 1340 1689 repudii
1390 1620 1558 1685 dedit,
1599 1628 1653 1675 et
1679 1634 1763 1675 ar—

170 1710 522 1780 chiepiscopo
551 1709 807 1766 Remensi
840 1710 1122 1777 annulum,
1146 1709 1499 1780 sandaliaque
1530 1708 1759 1775 remisit,

1864 533 1958 589 Dei
1984 534 2157 589 oﬂicia
2188 550 2293 590 non
2347 536 2586 596 facturos
2634 544 2738 599 nisi
2772 544 3152 600 ulscisceretur
3182 544 3235 597 in
3265 542 3439 598 illum.

1860 622 1993 678 Nam
2016 639 2080 679 ea
2123 634 2459 693 tempestate,
2502 647 2603 701 qua
2651 635 2880 703 pestifer
2912 635 3001 688 ille
3034 642 3224 689 contra
3256 632 3442 702 lngel-

1860 731 2090 770 rannum
2127 719 2482 790 burgensibus
2504 725 2867 792 adnitebatur,
2898 726 3207 788 Galterius,
3243 726 3307 779 de
3333 739 3442 793 quo

1858 822 2017 877 supra
2043 810 2271 879 egimus,
2303 813 2394 881 qui
2423 830 2546 869 cum
2572 815 2817 873 Guidone
2864 818 3316 874 coarchidiacono
3343 831 3443 871 suo

1858 897 2006 953 solus
2051 900 2116 954 de
2142 902 2512 970 proditoribus
2561 905 2787 965 Gerardi
2835 908 3130 971 resederat,
3181 907 3248 962 ad
3295 907 3440 960 illam

1859 988 2057 1043 bonam
2085 988 2392 1060 lngelranni
2423 992 2723 1057 lateralem,
2779 1013 2933 1053 suam
2981 997 3232 1055 videlicet
3272 997 3445 1051 uteri-

1860 1095 1985 1134 nam
2016 1096 2287 1147 sororem,
2348 1085 2491 1153 quod
2541 1085 2903 1142 adulterinum
2953 1089 3282 1144 connubiqu
3327 1089 3453 1157 ipse

1859 1172 2175 1238 miscuerat,
2203 1174 2348 1229 circa
2373 1176 2606 1231 mediam
2630 1177 2801 1233 ferme
2844 1179 3325 1250 Quadragesimam
3363 1178 3442 1234 lo-

1861 1270 2087 1317 cuturus
2108 1274 2446 1332 perrexerat.
2471 1266 2627 1334 Quod
2656 1283 2779 1324 cum
2801 1268 3040 1323 Thomas
3071 1270 3440 1335 addidicisset,

1862 1352 2026 1407 missa
2050 1351 2316 1424 legatione
2342 1356 2604 1412 citissima
2660 1358 2893 1427 imperat
2940 1357 3178 1413 Roberto
3204 1358 3444 1423 cuidam,

1862 1445 2105 1499 omnium
2140 1446 2529 1503 scelestissimo
2560 1448 2720 1518 (tales
2745 1449 2890 1504 enim
2916 1457 3064 1503 amat
3092 1448 3342 1519 famulos)
3388 1457 3448 1504 ut

1861 1531 2162 1590 Galterium
2216 1536 2281 1590 ab
2309 1536 2663 1594 Ambianensi
2716 1539 3029 1594 redeuntem
3052 1538 3364 1601 observent,
3392 1544 3448 1591 et

1863 1633 1997 1693 quot
2020 1633 2247 1693 possunt
2274 1624 2608 1682 interimant.
2635 1626 2763 1694 Quae
2795 1627 2884 1683 ille
2906 1641 3014 1685 non
3040 1626 3176 1681 alias
3193 1641 3357 1695 quam
3381 1627 3451 1680 ab

1866 1712 1984 1781 ipso
2004 1713 2343 1770 Laudunensi
2375 1720 2746 1786 promontorio
2761 1725 3135 1787 prospectans,
3160 1731 3255 1785 per
3276 1716 3446 1784 ipsam

168 1811 232 1856 et
262 1817 320 1856 se
346 1802 400 1855 in
427 1802 678 1857 exsilium
713 1802 917 1857 iturum
947 1814 1331 1871 nunquamque
1366 1800 1618 1870 deinceps
1647 1800 1761 1869 epi-
1791 1788 1838 1849 Β
1867 1803 1969 1858 viae.
2003 1805 2421 1871 concavitatem,
2453 1822 2557 1877 qua
2594 1808 2662 1864 de
2691 1808 2851 1878 517
2878 1815 3059 1863 monte
3082 1806 3445 1873 descenditur,

170 1907 401 1962 scopum
420 1891 656 1946 futurum
682 1891 968 1962 utrobique
989 1890 1286 1946 mandavit.
1319 1889 1666 1961 EX-pOllllfeX
1686 1891 1762 1945 ita

170 1980 357 2035 factus
385 1997 509 2037 cum
540 1981 857 2036 Cluniaeum
884 1982 1175 2052 attigisset,
1204 1994 1393 2036 rursus
1421 1990 1610 2051 sponte
1631 1995 1763 2049 pro-

169 2071 294 2140 pria
322 2071 603 2140 episcopus
626 2071 805 2127 factus
835 2070 1009 2127 altare
1053 2072 1183 2126 inibi
1232 2071 1590 2127 consecravit.
1637 2070 1764 2125 lude

171 2162 454 2233 digressus
482 2161 829 2216 Carlhusiam
855 2162 1114 2232 perrexit,
1146 2162 1214 2217 de
1232 2178 1340 2232 quo
1366 2162 1485 2217 loco
1523 2161 1577 2215 in
1605 2160 1765 2229 hujus

171 2250 424 2321 opusculi
454 2251 753 2321 primordio
777 2251 935 2307 nobis
956 2266 1139 2307 sermo
1163 2250 1283 2307 fuit.
1320 2252 1397 2306 lbi
1427 2261 1581 2306 extra
1633 2265 1764 2305 con-

173 2351 398 2396 ventum
436 2341 488 2396 in
541 2341 730 2397 cellula
783 2356 1159 2406 commaticus,
1222 2356 1318 2396 sex
1349 2343 1415 2397 de
1441 2341 1636 2396 viatico
1666 2355 1764 2396 suo

172 2431 391 2500 argenti
425 2430 528 2485 sibi
556 2446 767 2487 marcas
797 2432 1041 2486 retinuit.
1070 2430 1170 2497 Qui
1202 2440 1326 2501 post
1364 2430 1500 2486 duos
1549 2445 1765 2486 menses

172 2536 287 2577 non
321 2520 389 2575 ab
414 2522 596 2591 aliquo
616 2537 857 2586 suorum,
892 2523 986 2577 sed
1015 2523 1085 2577 ab
1113 2522 1523 2592 archiepiscopo
1546 2536 1765 2576 reman-

172 2609 358 2674 datus,
384 2626 567 2665 moras
592 2611 645 2664 in
676 2613 847 2667 reditu
875 2628 982 2666 non
1012 2612 1173 2677 fecit;
1215 2612 1281 2666 ad
1306 2611 1406 2666 hoc
1430 2611 1576 2664 enim
1620 2625 1765 2664 mar-

171 2713 273 2754 cas
302 2699 402 2753 sibi
432 2699 591 2755 utiles
618 2699 827 2755 futuras
846 2702 1022 2756 scivit.
1047 2700 1237 2756 Clerus
1261 2710 1441 2754 autem
1461 2709 1520 2755 et
1537 2700 1765 2770 populus

172 2804 304 2844 eum
332 2806 439 2845 non
462 2792 579 2846 sine
608 2807 845 2849 moerere
882 2793 1113 2861 recepit,
1143 2793 1234 2863 qui
1263 2808 1330 2847 eo
1354 2792 1580 2847 absente
1603 2805 1765 2861 super

173 2881 358 2939 altero
385 2883 634 2953 eligendo
655 2899 764 2937 non
794 2885 913 2939 sine
936 2899 1133 2954 magna
1180 2884 1349 2953 ipsius
1383 2881 1765 2955 aspernatione

178 2988 288 3031 non
316 2975 532 3044 sategit.
564 2973 684 3044 Ipse
702 2975 849 3029 enim
877 2976 1089 3029 turbam
1119 2982 1360 3029 moverat
1383 2988 1545 3044 quam
1573 2972 1764 3029 sedare

178 3078 288 3117 non
313 3072 544 3133 poterat.

1866 1896 1920 1950 in
1943 1911 2228 1951 occursum
2280 1898 2355 1952 illi
2404 1914 2527 1953 cum
2581 1900 2696 1955 suis
2731 1899 2900 1954 venit.
2955 1897 3232 1954 Galterius
3261 1905 3442 1950 autem

1864 1986 2147 2056 praemisso
2163 1988 2423 2043 comitatu
2445 1987 2556 2057 jam
2579 1992 2630 2043 in
2656 1989 2844 2044 urbem
2868 1988 3013 2043 mulo
3037 1988 3235 2043 sedens
3257 2000 3451 2055 seque-

1865 2076 2045 2131 batur.
2102 2076 2193 2132 Sic
2237 2078 2402 2149 igitur
2450 2079 2739 2134 solitudine
2779 2087 3046 2148 auenpata
3096 2078 3287 2146 gladiis
3322 2090 3450 2132 eum

1865 2165 2240 2222 crudelissime
2268 2169 2647 2225 conciderunt.
2690 2170 2810 2237 Quo
2855 2171 3038 2226 occiso
3071 2170 3138 2224 ad
3184 2169 3450 2229 Thomam

1866 2272 1992 2313 cum
2015 2256 2161 2312 mulo
2186 2257 2384 2314 hilares
2412 2268 2774 2315 revertuntur.

1936 2345 2241 2401 Creeiacnm
2280 2359 2510 2403 rastrum
2555 2360 2883 2421 expugnatur
2910 2368 2942 2404 a
2983 2367 3119 2420 rege.
3158 2380 3228 2390 —
3254 2351 3330 2405 De
3365 2351 3453 2406 bis

1866 2452 1997 2508 ergo
2019 2452 2084 2492 ac
2118 2439 2386 2495 similibus
2427 2454 2549 2495 cum
2588 2440 2838 2495 maximis
2864 2440 3225 2499 Ecclesiarum
3254 2438 3455 2494 doloriw

1866 2527 1968 2582 bus
1996 2526 2134 2597 apud
2164 2528 2341 2597 regias
2366 2545 2489 2584 cum
2511 2531 2896 2599 impeterentur
2915 2545 3096 2596 aures,
3129 2530 3181 2584 in
3206 2529 3452 2598 sequenti

1866 2616 1993 2671 anni
2015 2617 2435 2688 Quadragesima
2459 2628 2742 2689 postquam
2772 2620 3211 2675 archidiaconum
3241 2619 3455 2674 occide-

1867 2716 1973 2771 rat,
2003 2706 2229 2763 collecto
2279 2723 2370 2763 rex
2411 2710 2673 2764 adversus
2730 2724 2851 2763 eum
2891 2710 3152 2773 exercitu,
3204 2709 3452 2777 praesidia

1866 2814 1986 2869 qua:
2018 2799 2069 2853 in
2091 2799 2233 2855 villis
2256 2799 2487 2855 abbatize
2513 2800 2699 2857 Sancti
2725 2798 2950 2855 Joannis
2985 2807 3327 2855 exstruxerat
3359 2814 3454 2867 ag-

1867 2888 2127 2960 greditur.
2156 2890 2233 2945 De
2265 2891 2609 2960 equestribus
2647 2898 2827 2964 autem
2864 2889 2952 2943 vix
2978 2903 3046 2943 ex
3079 2888 3245 2943 corde
3273 2890 3456 2957 opitu-

1866 2979 2082 3035 labatnr
2126 2982 2236 3051 regi
2282 2996 2405 3036 cum
2452 2982 2614 3038 etiam
2654 2983 2807 3052 pauci
2849 2989 3055 3047 essent,
3096 2980 3231 3036 levis
3276 2988 3455 3035 autem

1868 3081 2158 3127 armatura:
2185 3073 2453 3127 infinitum
2480 3087 2702 3142 prorsus
2729 3088 2945 3143 agmen.
2972 3072 3118 3139 Quos
3148 3072 3239 3126 ille
3264 3079 3455 3126 contra

258 3154 464 3209 'l‘lioma
514 3157 697 3225 itaque
730 3155 800 3210 ad
852 3170 951 3211 sua
1008 3156 1292 3222 translato,
1331 3165 1385 3212 et
1435 3169 1503 3210 ex
1544 3154 1769 3211 vulnere

1873 3178 1931 3219 se
1978 3161 2200 3218 conﬂari
2246 3162 2469 3217 audiens
2506 3162 2797 3233 garriebat,
2844 3177 2968 3219 cum
3022 3161 3186 3217 etiam
3234 3175 3458 3230 prorsus

179 3247 464 3318 praelibato
508 3248 622 3318 jam
683 3249 1009 3318 impotenter
1050 3248 1251 3318 agenti,
1307 3248 1565 3317 quoniam
1625 3245 1767 3300 filius

179 3340 334 3403 Adae,
371 3340 599 3394 nomine
632 3340 965 3407 Adelelmus,
996 3354 1131 3409 puer
1168 3338 1569 3409 pulcherrimus
1601 3336 1654 3390 in
1686 3334 1770 3387 fu-

184 3440 364 3486 turam
393 3431 758 3502 desponderat
781 3430 1074 3509 conjugeut
1098 3431 1269 3499 ipsius
1291 3429 1477 3483 tiliam.
1508 3427 1608 3493 Qui
1632 3424 1770 3480 Tho-

185 3539 332 3577 mam
375 3522 487 3592 jam
549 3523 765 3579 laeserat
816 3524 868 3577 in
908 3523 1103 3587 Adam,
1130 3522 1256 3577 etin
1286 3520 1476 3574 turrim
1507 3519 1626 3589 ejus
1654 3518 1771 3588 ipsa

186 3610 494 3680 lngelranni
526 3613 698 3682 turpis
729 3611 1030 3666 concubina
1053 3626 1202 3665 arma
1240 3618 1558 3665 convertere
1592 3616 1768 3678 parat.

186 3702 305 3772 Ipse
329 3716 508 3759 autem
539 3705 591 3758 in
627 3703 885 3759 fidelitate
914 3702 1220 3774 lngelranni
1276 3703 1553 3770 hucusque
1581 3707 1772 3754 contra

192 3790 493 3861 burgenses
518 3801 767 3849 steterat.
795 3792 940 3862 Rege
964 3806 1096 3862 ergo
1125 3789 1392 3846 conducto
1443 3789 1634 3844 turrim
1676 3789 1775 3843 ob-

189 3883 401 3937 sidione
444 3884 767 3938 circumdat.
817 3884 885 3937 Et
933 3890 1082 3938 certe
1110 3882 1281 3937 Adam
1331 3881 1441 3951 regi
1470 3880 1773 3936 hominium

188 3974 414 4043 fecerat,
447 3991 547 4031 nec
570 3977 637 4030 ab
664 3991 727 4031 eo
750 3974 1040 4041 defecerat,
1068 3988 1275 4045 rexque
1299 3990 1423 4029 eum
1474 3974 1527 4029 in
1551 3989 1647 4029 sua
1672 3971 1776 4027 ﬁde

188 4075 524 4135 susceperat.
557 4065 766 4123 lteferri
798 4082 903 4120 non
928 4075 1156 4135 possunt
1178 4066 1244 4120 ab
1266 4064 1471 4133 aliquo,
1512 4079 1580 4119 ne
1602 4064 1670 4118 ab
1696 4064 1776 4118 eis

187 4159 406 4236 quidem
440 4174 668 4228 quorum
700 4173 827 4228 pars
854 4157 1281 4227 periclitabatur,
1311 4157 1467 4212 facta:
1508 4170 1666 4212 neces
1707 4156 1774 4211 de

191 4248 553 4319 burgensibus
590 4264 687 4318 per
726 4259 1019 4315 turrenses,
1072 4262 1196 4302 cum
1247 4256 1373 4302 ante
1418 4247 1772 4311 obsidionem,

191 4354 307 4397 tum
353 4350 540 4412 postea
589 4341 914 4396 crebriores.
958 4338 1148 4394 Nullus
1187 4339 1331 4394 enim
1370 4338 1511 4408 apud
1540 4338 1777 4392 urbanos

188 4445 346 4493 actus
375 4441 518 4498 erat,
546 4434 639 4487 sed
668 4432 848 4502 passio
871 4430 1006 4485 sola.
1054 4429 1206 4495 Quod
1251 4429 1485 4499 primum
1529 4436 1776 4497 promoto

1870 3253 2044 3322 impos
2076 3253 2218 3308 lecto
2248 3253 2614 3309 decumberet.
2642 3253 2874 3308 Munitus
2913 3267 2943 3307 a
2990 3266 3119 3324 rege
3156 3260 3215 3306 ut.
3250 3252 3460 3306 adulte-

1871 3343 1988 3399 rina
2032 3342 2252 3397 castella
2301 3343 2622 3408 destrueret,
2663 3343 2961 3398 fmdissime
3000 3343 3222 3412 respuit.
3253 3341 3459 3398 Oblatis

1869 3434 1973 3488 sibi
2024 3432 2315 3488 multorum
2362 3431 2599 3487 amnium
2645 3433 2862 3488 auxiliis
2911 3432 3257 3487 exsiblllavit.
3308 3433 3459 3487 Tunc

1872 3526 2311 3595 archiepiscopus
2340 3536 2396 3580 et
2422 3526 2681 3596 episcopi,
2712 3526 2870 3582 factis
2900 3530 2953 3580 in
2979 3526 3145 3581 altum
3180 3525 3457 3596 gradibus,

1874 3616 2269 3671 multitudinem
2316 3616 2663 3681 asciverunt,
2713 3616 3185 3671 commonitorium
3242 3616 3322 3670 eis
3362 3630 3462 3683 pro

1875 3704 2089 3777 negotio
2116 3704 2377 3772 fecerunt,
2412 3721 2439 3759 a
2475 3706 2714 3775 peccatis
2761 3705 3127 3771 absolverunt,
3169 3714 3225 3771 et
3263 3715 3322 3759 ut
3359 3705 3466 3759 sub

1875 3797 2093 3850 nomine
2162 3794 2492 3865 poenitentiae
2559 3805 2735 3851 castro
2801 3795 2873 3850 illi
2932 3794 3075 3866 quod
3146 3794 3461 3848 Crcciacum

1876 3888 2081 3960 (ει-ἐσμ)
2113 3897 2327 3955 vocant,
2361 3889 2428 3945 de
2459 3889 2631 3944 salute
2677 3889 2978 3943 animarum
3024 3887 3120 3942 tuti
3174 3887 3463 3949 irruerent,

1877 3979 2233 4050 imperarunt.
2279 3979 2431 4046 Quod
2461 3987 2518 4034 et
2560 3977 2792 4034 mirabili
2822 3976 2951 4033 ausu
2982 3976 3301 4046 pervadunt.
3330 3974 3464 4029 Erat

1869 4076 2057 4124 autem
2104 4067 2333 4123 munitio
2378 4067 2610 4124 insolitae
2657 4065 3008 4131 fortitudinis,
3061 4066 3133 4119 ita
3174 4073 3233 4117 ut
3284 4062 3464 4139 omnis

1877 4174 2065 4214 eorum
2107 4161 2258 4215 nisus
2298 4159 2481 4214 multis
2530 4157 2788 4213 ridiculus
2835 4156 3127 4211 videretur.
3169 4155 3301 4208 Cum
3336 4167 3465 4220 ergo

1878 4252 1969 4322 qui
1998 4250 2142 4306 intus
2166 4259 2344 4315 erant,
2377 4248 2675 4304 defensioni
2704 4247 3065 4307 intenderent,
3097 4253 3255 4314 capto
3283 4252 3465 4298 tamen

1873 4340 1986 4410 jam
2013 4343 2180 4411 priori
2206 4342 2368 4405 vallo,
2397 4340 2570 4396 astitit
2597 4353 2691 4393 rex
2721 4338 2774 4392 in
2810 4346 2964 4406 porta
3002 4334 3231 4398 castelli,
3256 4340 3308 4387 et
3334 4334 3463 4387 sub-

1881 4433 2100 4487 monitis
2128 4432 2413 4502 oppidanis
2456 4440 2516 4488 ut
2563 4437 2802 4487 castrum
2851 4426 2954 4481 sibi
3007 4426 3464 4487 traderent,.cum

188 4526 430 4582 nondum
453 4525 595 4583 malo
625 4498 782 4586 facile
806 4522 1132 4579 Godcfridus
1158 4498 1461 4590 epi5copus,
1489 4520 1631 4575 sicut
1657 4534 1777 4574 om—
1803 4498 1857 4559 Ῑ)
1881 4537 1941 4577 se
1969 4498 2213 4579 dicerent
2240 4538 2346 4577 non
2372 4522 2636 4585 facturos,
2671 4526 2925 4588 protensa
2966 4530 3127 4570 manu
3168 4511 3373 4582 iuravit
3406 4527 3465 4566 se

189 4620 352 4681 nibus
396 4609 601 4672 netum~
628 4625 734 4680 est,
781 4616 1043 4679 sedasset,
1080 4612 1184 4667 nisi
1215 4612 1637 4677 vicedominum,
1684 4609 1777 4679 qui

188 4710 431 4765 maxime
459 4724 581 4763 eum
619 4720 835 4775 semper
878 4704 1069 4760 habuit
1096 4702 1454 4773 contemptui,
1490 4701 1775 4757 timuisset.

191 4803 323 4870 Ejus
359 4802 515 4869 plane
542 4799 708 4854 moris
735 4805 820 4852 est
859 4806 918 4851 ut
966 4796 1237 4851 neminem
1287 4803 1627 4857 revereatur,
1677 4807 1780 4849 nec

192 4894 447 4960 cuiquam
477 4890 750 4947 benelicus
791 4888 884 4954 sit,
911 4888 1016 4942 nisi
1045 4894 1139 4940 aut
1173 4886 1237 4939 de
1278 4884 1396 4956 ipso
1426 4883 1567 4939 male
1591 4884 1781 4952 loqua-

194 4994 306 5051 tur,
341 4991 434 5037 aut
470 4982 573 5036 sibi
617 4980 757 5034 male
780 4979 962 5033 faciat.
995 4977 1094 5042 Qui
1128 4976 1254 5031 dtnn
1283 4975 1351 5029 ab
1383 4988 1491 5029 uno
1543 4972 1778 5030 morderi

195 5076 372 5141 timet,
401 5082 456 5131 et
491 5072 729 5127 scienter
755 5068 1120 5139 perlidissimo
1167 5065 1384 5135 placere
1426 5065 1607 5135 gestit,
1671 5063 1781 5118 Deo

188 5169 341 5240 justo
385 5168 590 5237 judice,
643 5164 710 5218 ab
755 5165 869 5233 ipso
913 5160 1279 5231 potissimum,
1310 5166 1366 5215 et.
1414 5158 1481 5212 ab
1527 5157 1781 5215 omnibus

198 5262 495 5316 laceratur.

269 5348 536 5403 Galterius
585 5344 991 5402 archidiaconus
1044 5340 1258 5396 Thema:
1312 5339 1515 5393 comitis
1571 5339 1694 5393 dolo
1732 5349 1780 5393 et

195 5437 419 5505 imperio
450 5430 859 5490 lructdatur.-—
882 5432 1119 5489 Thomas
1138 5430 1303 5500 igitur
1333 5428 1464 5483 turri
1493 5429 1784 5484 subvenire

199 5545 311 5585 non
343 5529 537 5599 potuit,
570 5527 713 5581 intra
742 5540 904 5596 quam
930 5531 985 5577 et
1011 5520 1201 5585 ﬁliam,
1228 5528 1282 5575 et
1308 5518 1539 5574 militum
1561 5532 1784 5572 suorum

200 5622 486 5692 probiores
520 5620 823 5675 dim'serat.
865 5614 1003 5669 Mala
1034 5622 1213 5668 autem
1238 5610 1435 5680 ubique
1469 5618 1616 5665 tanta
1659 5624 1783 5680 ege-

205 5721 311 5779 rat,
344 5722 403 5767 ut
428 5708 814 5783 archiepiscopi
845 5715 902 5764 et
927 5704 1182 5781 praesules
1218 5716 1316 5775 pro
1351 5699 1598 5757 ecclesiis
1650 5713 1782 5773 que-

1880 4628 1987 4669 non
2038 4628 2380 4669 comesurum
2435 4613 2605 4668 donec
2653 4616 2959 4679 caperetur.
3017 4606 3093 4661 Ea
3149 4613 3327 4659 tamen
3378 4603 3466 4658 die

1882 4704 2040 4759 solvit
2064 4706 2345 4774 impetum.
2377 4704 2432 4757 In
2461 4703 2765 4758 crastinum
2795 4713 2925 4755 vero
2970 4697 3290 4769 regreditur,
3314 4711 3466 4751 arma

1884 4795 2073 4857 sumit,
2104 4795 2170 4850 de
2208 4792 2469 4849 militibus
2515 4799 2697 4846 autem
2744 4790 2832 4845 vix
2879 4787 3148 4859 quispiam
3198 4787 3466 4845 coarinari

1884 4885 2072 4939 voluit.
2103 4883 2345 4955 Cumque
2393 4892 2594 4953 apertae
2633 4897 2728 4937 eos
2776 4880 3101 4950 proditionis
3144 4885 3466 4939 arcesseret,

1886 4976 2075 5031 accitis
2106 4975 2463 5045 pedestribus,
2513 4974 2628 5043 ipse
2660 4974 2809 5043 prior
2845 4972 2984 5027 vallo
3022 4972 3273 5027 insistere
3315 4975 3371 5023 et
3400 4968 3469 5021 ad

1886 5065 2146 5122 interiora
2175 5066 2272 5119 niti
2299 5065 2484 5135 cmpit.
2516 5063 2627 5118 Nec
2663 5078 2812 5118 mora
2843 5070 3158 5132 penetratur
3193 5060 3352 5122 intro,
3387 5056 3471 5111 in-

1887 5176 2020 5231 gens
2055 5159 2367 5216 victualium
2405 5159 2560 5229 copia
2608 5157 2896 5227 reperitur,
2934 5154 3247 5212 defensores
3274 5160 3465 5207 tenen~

1889 5262 1996 5320 tur,
2034 5253 2398 5323 oppidumque
2429 5248 2683 5304 diruitur.

1961 5343 2194 5399 Tandem
2239 5360 2293 5397 se
2332 5341 2472 5395 dedit
2528 5339 2779 5393 Thomas.
2819 5365 2889 5376 -—
2942 5332 3093 5388 Haud
3142 5332 3301 5401 longe
3342 5329 3469 5384 hinc

1888 5432 2033 5486 aliud
2059 5432 2425 5501 municipium,
2472 5428 2692 5483 nomine
2729 5425 3104 5495 Novigentum.
3145 5420 3315 5489 Hujus
3357 5418 3470 5473 cla-

1887 5523 2042 5577 vibus
2072 5522 2183 5591 regi
2211 5520 2420 5584 delatis,
2452 5517 2641 5573 incolae
2663 5515 3037 5587 profugerunt.
3069 5512 3224 5581 Apud
3254 5509 3471 5565 Crecia-

1876 5628 2009 5669 cum
2043 5611 2405 5681 aliquifurcis
2430 5610 2650 5680 appensi
2679 5617 2811 5664 sunt
2842 5610 2909 5662 de
2944 5605 3171 5675 captivis
3198 5604 3266 5658 ad
3298 5610 3470 5658 terro-

1886 5716 2004 5760 rem
2029 5701 2399 5767 defensorum,
2427 5699 2589 5772 aliqui
2633 5698 2764 5754 alias
2795 5697 2981 5755 occisi.
3014 5696 3089 5753 De
3113 5691 3469 5752 assultoribus
