4018 6324
565 303 679 360 9η
1412 295 1475 350 ν.
1506 295 1832 353 GUIBERTI
1859 293 2142 351 ABBATIS

2243 338 2244 346 χ
2293 296 2533 355 ΜΑῐιΙᾸΞ
2573 300 2662 357 DE
2682 299 3081 360 NOVIGENTO
3682 324 3764 378 οδε

564 416 749 473 nescio
780 415 828 471 si
855 415 1052 486 aliquis
1075 421 1274 486 praeter
1299 426 1464 466 unum
1497 410 1741 466 militem.
1787 411 2025 468 Thomas
2055 427 2149 465 au-
2176 412 2222 470 Α
2251 415 2538 482 superavit.
2566 446 2638 456 —
2661 416 2963 488 Antequam
2991 430 3173 475 autem
3198 421 3267 477 ad
3290 423 3598 496 contigualia
3626 432 3775 487 devol.

562 517 673 563 tem
703 507 843 575 apud
872 507 1110 560 Marnam
1150 503 1400 560 tuebatur
1418 517 1497 566 se,
1529 503 1639 572 qui,
1671 504 1810 558 facta
1839 503 2147 573 pecuniaria

563 598 932 666 τεάειηνιίοηε
956 597 1097 667 apud
1124 611 1305 667 regem
1333 604 1387 648 et
1416 595 1614 665 regios,
1642 604 1698 649 et
1718 604 1877 664 pacto
1906 595 2151 651 ecclesiis

562 691 762 745 damno
803 689 946 757 quod
996 688 1216 751 fecerat,
1259 689 1385 744 hinc
1427 690 1569 762 paci,
1615 688 1763 743 illinc
1811 704 1869 742 se
1918 687 2151 743 reddidit

561 781 951 837 communioni.
975 779 1055 833 lta
1084 782 1169 834 vir
1197 783 1440 837 omnium
1478 768 1895 850 superbissimus
1927 780 2151 849 iniquis-

562 874 839 942 simusque
864 889 960 943 per
991 889 1209 928 manum
1246 874 1665 943 pauperrimam,
1690 887 1853 939 quam
1881 886 2024 940 δίερο
2051 886 2149 940 pu-

560 963 734 1017 nierat
761 978 1031 1033 quamque
1062 972 1361 1034 spreverat,
1386 962 1607 1033 punitus
1643 970 1744 1017 est.
1770 961 1903 1015 lllud
1934 977 2040 1016 non
2069 969 2152 1015 est

559 1051 895 1107 reticendum
942 1054 1129 1123 quod,
1180 1069 1303 1108 cum
1358 1070 1451 1107 rex
1505 1052 1824 1107 Laudunum
1877 1068 1998 1107 cttm
2049 1067 2149 1106 suo

557 1146 716 1202 hoste
758 1148 1019 1210 venisset,
1069 1146 1213 1199 aeris
1248 1144 1498 1199 mollities
1533 1144 1908 1210 intempestiva
1952 1153 2148 1198 cuncta

558 1236 892 1292 reddiderat.
928 1236 1081 1291 Tunc
1105 1236 1543 1305 archiepiscopus
1572 1235 1637 1289 ad
1664 1250 1758 1290 eos
1792 1253 1805 1287 :
1844 1253 1862 1285 ι
1895 1234 2144 1301 Oremus,

559 1325 658 1391 ait,
694 1325 882 1390 Deum,
928 1333 1007 1391 ut,
1048 1326 1091 1379 si
1137 1325 1247 1377 vult
1288 1323 1402 1379 fieri
1451 1325 1592 1393 quod
1628 1324 2027 1394 proposuimus,
2059 1326 2150 1380 det

559 1429 834 1471 serenum.
875 1434 895 1467 ι
921 1416 1042 1483 Quo
1070 1416 1236 1478 dicto,
1271 1430 1366 1470 aer
1392 1415 1667 1485 extemplo
1704 1418 1944 1472 renituit.

629 1506 949 1576 Godefridus
986 1508 1258 1576 episcopus
1288 1509 1421 1563 redit
1448 1526 1481 1563 a
1507 1508 1810 1564 Cartlmsia.
1842 1510 1975 1575 Rex,
2007 1511 2148 1565 obsi-

558 1599 715 1653 dione
742 1598 884 1667 facta
922 1598 1187 1661 Ambiani,
1226 1600 1678 1670 inexpugnabilem
1710 1601 1901 1654 turrim
1946 1604 2149 1670 experi-

557 1705 664 1748 tur.
694 1724 767 1735 —
802 1694 971 1763 Igitur
1012 1694 1289 1749 Dominiea
1331 1695 1635 1749 Palmarum
1687 1712 1937 1751 reversus
1963 1713 1991 1750 a
2021 1696 2148 1750 Car-

558 1785 738 1840 thusia
789 1784 1114 1841 Godefridns
1167 1786 1471 1855 episcopus,
1519 1787 1674 1856 longe
1720 1788 1823 1841 alia
1865 1803 2027 1857 quam
2069 1788 2143 1842 ibi

557 1873 842 1937 didicerat,
892 1873 1082 1943 incipit
1128 1888 1443 1944 propagare.
1479 1876 1679 1945 Regem
1726 1891 1855 1946 ergo
1901 1879 2147 1939 arcessit,

557 1972 615 2019 et
664 1964 754 2020 die
804 1965 1006 2021 celebri
1044 1981 1107 2022 ac
1145 1967 1381 2022 verendo
1422 1967 1597 2036 ipsum
1633 1976 1686 2023 et
1726 1978 1992 2023 astantem
2056 1985 2148 2039 po-

556 2053 741 2122 pulum
800 2056 1058 2111 adversus
1117 2066 1391 2112 turrenses
1454 2072 1707 2114 sermone
1767 2060 1989 2124 habito,
2040 2076 2145 2115 non

557 2144 689 2211 Dei,
744 2146 836 2200 sed
889 2146 1228 2204 Catillinario
1280 2148 1499 2203 irritare
1558 2150 1826 2217 intendit,
1877 2152 2148 2220 spondens

557 2249 723 2303 regna
756 2236 1014 2292 caelorum
1039 2237 1125 2293 his
1147 2237 1239 2307 qui
1272 2239 1462 2292 turrim
1484 2239 1841 2309 expugnando
1865 2240 2144 2309 perierint.

553 2325 825 2381 Postridie
858 2342 958 2396 pro
1002 2343 1157 2383 muro
1200 2329 1544 2385 Castellionis
1577 2328 1681 2399 (sic
1724 2330 1870 2384 enim
1900 2332 2145 2403 vocatur)

555 2417 804 2485 ingentes
831 2419 1098 2473 machina:
1118 2420 1486 2490 porriguntur,
1523 2420 1710 2490 eisque
1745 2420 1944 2476 milites
1970 2422 2144 2491 impo-

556 2516 778 2563 nuntur.
830 2508 1132 2566 Turrenses
1171 2519 1297 2565 ante
1343 2512 1568 2567 cortinis
1605 2527 1728 2568 sese
1771 2521 2145 2582 protexerant,

558 2615 630 2653 ne
664 2614 785 2654 esse
813 2614 1001 2653 eorum
1039 2601 1379 2671 proderetur.
1424 2602 1720 2673 Episcopus
1757 2618 1887 2659 vero
1918 2603 2147 2673 nudipes

554 2690 625 2744 ad
654 2687 915 2744 Sanctum
951 2691 1206 2746 Aceolum
1234 2707 1341 2747 non
1374 2700 1500 2747 tunc
1524 2708 1623 2763 pro
1648 2692 1750 2747 hoc
1777 2692 2146 2747 exaudiendus

556 2778 793 2836 abierat.
823 2781 1032 2837 interea
1068 2768 1345 2839 turrenSes
1396 2785 1720 2853 permittunt
1748 2798 1844 2839 eos
1878 2798 1937 2837 se
1976 2783 2147 2838 muris

554 2871 844 2942 ingerere,
890 2874 1172 2929 machinas
1224 2875 1530 2930 admovere.
1577 2873 1786 2941 Quibus
1839 2873 2140 2944 applicitis,

553 2962 860 3018 Alerannus
902 2963 1123 3034 quidam
1159 2964 1346 3019 talium
1395 2963 1780 3033 peritissimus,
1828 2964 1965 3019 duas
2009 2978 2145 3034 quas

554 3053 868 3108 instituerat
915 3054 1222 3124 phalaricas
1276 3056 1527 3125 opponit,
1582 3062 1639 3109 et
1685 3062 1879 3124 quater
1929 3055 2144 3109 vicenas

550 3159 697 3215 pene
722 3143 978 3199 mulieres
1007 3144 1072 3197 ad
1102 3160 1232 3199 saxa
1258 3160 1378 3215 qua:
1416 3145 1747 3213 imposuerat
1788 3143 2140 3212 intorquenda

551 3235 811 3305 disponit.
848 3234 1044 3291 Milites
1081 3246 1261 3291 autem
1289 3236 1487 3291 interni
1514 3245 1702 3290 contra
1725 3243 1982 3289 externos
2007 3248 2143 3303 prae-

553 3326 625 3381 lia
656 3328 904 3383 cominus
932 3344 1061 3384 ense
1089 3330 1412 3384 tractabant.
1450 3328 1696 3399 Cumque
1720 3326 1979 3383 Achilleis
2022 3326 2141 3380 ani-

552 3415 793 3487 mis‘sua
828 3402 1229 3489 propugnacula
1275 3419 1641 3484 defensarcnt,
1687 3419 1963 3482 mulieres,
2011 3416 2142 3470 viris

550 3509 973 3579 aequiperandze,
996 3510 1178 3565 missis
1197 3525 1265 3564 ex
1294 3518 1564 3565 tormento
1591 3510 1858 3579 lapidibus
1882 3517 2143 3577 utrasque

551 3598 963 3669 conflegeruut.
997 3600 1064 3654 Et
1091 3600 1424 3656 fervescente
1441 3601 1588 3671 jactu
1617 3600 1921 3665 missilium,
1946 3608 2142 3668 quater

549 3689 794 3755 vicenis,
837 3699 898 3745 ut
938 3691 1167 3747 relatum
1203 3700 1323 3756 est,
1372 3692 1704 3754 vulneratis,
1746 3690 1911 3744 etiam
1957 3704 2139 3761 regem

547 3780 729 3851 iaculo
766 3780 820 3833 in
851 3790 1072 3851 pectore
1116 3782 1343 3837 loricato
1386 3782 1658 3837 laeserunt.
1707 3784 1783 3838 De
1825 3785 1911 3839 his
1960 3794 2139 3839 autem

552 3871 647 3941 qui
669 3871 894 3940 spiculis
916 3883 1043 3926 sunt
1071 3872 1301 3939 traiecti,
1330 3881 1526 3942 praeter
1552 3888 1718 3928 unum
1745 3875 1923 3929 nullus
1947 3876 2137 3931 evasit.

551 3965 669 4020 Hoc
697 3966 935 4034 episc0pi
964 3980 1132 4035 nepos
1156 3965 1465 4021 Rothardus
1492 3965 1725 4021 clericus
1756 3967 1958 4022 retulit.

625 4052 695 4106 At
737 4052 935 4108 milites
982 4054 1074 4122 qui
1122 4054 1188 4109 de
1232 4054 1497 4109 machinis
1527 4054 1853 4125 pendebant,
1893 4058 2047 4112 obrui
2083 4073 2141 4114 se

550 4142 821 4209 videntes,
868 4142 1047 4214 fugam
1086 4146 1304 4209 ineunt;
1355 4160 1455 4200 nec
1501 4161 1649 4199 mora
1686 4148 1885 4201 caeteri.
1933 4147 2139 4215 Quibus

553 4235 946 4307 aliquantisper
988 4240 1203 4297 amotis.
1258 4247 1539 4293 turreuses
1575 4239 1880 4306 prosiliunt,
1929 4241 2138 4293 machi-

549 4343 652 4381 nas
682 4314 992 4392 concidunt,
1033 4330 1421 4397 materiemque
1450 4331 1514 4382 ad
1553 4345 1612 4383 se
1655 4330 1983 4388 convehunt.
2014 4345 2134 4384 cum

2249 514 2460 568 vamur,
2486 506 2739 574 quoniam
2768 517 2825 563 et
2851 508 2920 563 de
2941 508 3262 565 Suessomm
3287 514 3588 581 quibusdam
3614 520 3773 577 dicturi

2249 607 2457 659 sumus,
2507 597 2781 651 sciendum
2834 609 2918 654 est
2960 600 3086 670 quia
3149 617 3306 672 super
3351 620 3533 661 omnes
3574 609 3777 670 Francia

2248 685 2559 754 provincias
2601 688 2987 747 Laudunenses
3027 694 3425 750 detestabiliora
3463 712 3631 765 agunt.
3668 702 3774 761 Nam

2248 776 2338 844 qui
2370 779 2740 848 presbyteros,
2774 783 3110 852 episcopum,
3145 786 3572 844 archidiaconum
3598 796 3775 851 occide-

2247 875 2395 929 rant,
2449 870 2759 936 nuperrime
2812 874 2973 925 etiam
3028 874 3437 930 solertissimam
3501 879 3775 939 feminarum

2248 957 2579 1013 abbatissam
2637 960 2823 1018 Sancti
2867 961 3134 1030 Joannis,
3187 981 3382 1035 genere
3432 969 3775 1042 clarissimam,

2248 1044 2504 1102 Ecclesiae
2534 1052 2957 1118 proveetricem,
3005 1056 3224 1109 nomine
3272 1056 3605 1113 Rainsendim
3630 1060 3774 1132 518,

2247 1138 2622 1198 Laudunensls
2660 1143 2993 1213 indigenam,
3021 1162 3152 1201 suus
3179 1162 3368 1203 servus
3411 1151 3615 1217 occidit,
3643 1157 3778 1221 quod-

2247 1247 2353 1302 que
2391 1247 2547 1302 passa
2579 1244 2663 1289 est
2703 1251 2799 1305 pro
2844 1236 3099 1292 Ecclesiae
3144 1239 3249 1294 fide
3281 1242 3645 1295 consustinuit.
3671 1244 3777 1307 Quid

2248 1326 2391 1395 quod
2431 1325 2546 1395 ipsa
2576 1327 2807 1383 ecclesia
2837 1344 2942 1383 non
2973 1329 3201 1385 vocabat
3247 1345 3276 1383 a
3329 1331 3644 1401 sacrilegiis?
3678 1334 3780 1401 Qua

2249 1423 2428 1470 tamen
2461 1418 2590 1488 quia
2623 1419 2808 1489 regina
2857 1421 3100 1475 omnium
3129 1436 3233 1475 non
3266 1421 3481 1491 reliquit
3524 1424 3693 1493 inulta,
3717 1428 3780 1479 di-

2249 1521 2351 1575 gne
2398 1510 2797 1578 prosequimur.
2848 1510 2931 1566 Ab
2977 1511 3082 1577 his,
3134 1528 3271 1583 quos
3292 1513 3408 1585 (’")
3438 1517 3780 1574 matricularios

2249 1606 2464 1663 vocant,
2493 1600 2583 1669 qui
2616 1616 2779 1671 gazas
2808 1600 3054 1657 ecclesiae
3092 1601 3414 1657 familiarius
3457 1606 3779 1675 asservabant,

2251 1702 2380 1741 vasa
2406 1688 2693 1743 ministerii
2719 1703 2934 1759 cmpere
2967 1691 3213 1757 subduci,
3238 1707 3359 1761 quae
3383 1702 3557 1747 tamen
3584 1694 3630 1748 in
3654 1699 3781 1769 magi-

2252 1786 2397 1834 stros
2437 1795 2624 1835 eorum
2673 1782 3131 1851 retorquebantur
3167 1782 3419 1838 clericos.
3460 1783 3617 1839 Erant
3659 1787 3782 1854 plane

2251 1870 2393 1926 laici.
2453 1870 2579 1925 llaec
2622 1871 2798 1940 primo
2846 1888 2877 1926 a
2925 1873 3272 1942 quibusdam.
3317 1874 3565 1930 Secundo
3606 1877 3778 1945 quidam

2249 1962 2503 2017 Ansellus
2534 1963 2694 2033 vulgo
2728 1962 2879 2018 urbis
2907 1964 3185 2031 oriundus,
3214 1965 3469 2019 immanis
3496 1976 3549 2021 et
3572 1972 3780 2032 rusticus.

2250 2051 2389 2105 infra
2413 2052 2528 2106 dies
2565 2052 2829 2107 Dominici
2870 2053 3064 2107 natalis
3105 2064 3231 2109 ante
3266 2055 3581 2120 matutinos,
3613 2071 3780 2123 cruces,

2247 2142 2467 2206 calices,
2494 2158 2656 2197 aurea
2699 2159 2931 2213 quzeque
2972 2146 3260 2215 subripuit.
3289 2146 3535 2215 Cumque
3569 2158 3673 2216 post
3705 2152 3782 2202 ali-

2247 2233 2388 2301 quod
2442 2240 2652 2301 tempus
2696 2235 2945 2304 praarepti
2997 2236 3114 2289 auri
3170 2237 3470 2292 massulam
3510 2238 3782 2296 Suessonico

2246 2324 2460 2379 cuidam
2499 2326 2788 2380 mercatori
2825 2341 3017 2382 venum
3052 2328 3294 2395 tulisset,
3327 2338 3387 2383 et
3422 2329 3614 2385 furtum
3643 2336 3777 2387 sacri-

2249 2414 2424 2484 legum
2452 2416 2596 2485 quod
2628 2414 2853 2481 fecerat,
2878 2417 3222 2487 prodidisset,
3251 2434 3314 2473 ae
3340 2431 3713 2475 sacramentum
3731 2424 3781 2477 ab

2248 2517 2316 2556 eo
2356 2519 2423 2557 ne
2475 2518 2532 2557 se
2569 2504 2825 2572 proderet
2877 2506 3215 2575 accepisset,
3260 2507 3350 2562 ille
3394 2508 3601 2563 interim
3640 2512 3781 2565 damni

2249 2592 2394 2648 illius
2427 2594 2673 2648 conscios
2699 2608 2796 2663 per
2833 2592 3154 2651 Suessorum
3201 2597 3493 2667 parochias
3522 2614 3781 2654 excommu-

2248 2684 2415 2739 nicari
2468 2685 2693 2738 audivit.
2739 2683 2891 2751 Quod
2937 2686 2984 2740 is
3030 2686 3473 2744 animadvertens
3510 2688 3779 2745 Laudunum

2246 2777 2416 2841 venit,
2469 2790 2582 2830 rem
2625 2775 2772 2831 clero
2808 2776 3064 2845 prodidit.
3115 2776 3253 2844 Quid
3306 2778 3507 2847 plura“!
3539 2790 3784 2834 conventus

2248 2868 2337 2922 ille
2368 2867 2743 2938 negavit.‘(“')
2777 2866 2846 2933 ls,
2885 2876 3073 2922 contra
3109 2868 3251 2925 datis
3291 2871 3551 2937 vadibus,
3574 2872 3694 2927 bello
3715 2871 3783 2944 [ᾖ.

2246 2957 2443 3029 duello]
2473 2973 2596 3012 eum
2634 2958 2967 3028 pugilaturus
3005 2958 3254 3027 impetiit.
3302 2959 3421 3017 Nec
3469 2962 3557 3017 ille
3596 2964 3781 3017 distulit.

2248 3048 2379 3102 Erat
2407 3055 2584 3102 autem
2626 3048 2927 3104 Dominica.
2966 3048 3173 3115 Quibus
3200 3050 3389 3107 clerici
3429 3068 3541 3122 prae
3576 3069 3786 3124 propera-

2248 3138 2393 3193 tione
2437 3137 2762 3204 commissis,
2804 3137 2894 3192 ille
2928 3139 3021 3207 qui
3061 3138 3234 3194 furem
3276 3142 3699 3212 compellaverat,
3725 3144 3787 3198 vi-

2241 3237 2363 3281 ctus
2387 3227 2515 3281 ruit.
2543 3226 2601 3281 In
2631 3242 2739 3295 quo
2776 3227 2884 3282 duo
2910 3236 3181 3295 constant,
3210 3242 3304 3284 aut
3348 3246 3478 3286 eum
3523 3234 3607 3302 qui
3648 3232 3785 3288 furem

2240 3316 2534 3387 pejerando
2556 3317 2889 3386 prodiderat,
2912 3318 3093 3373 minus
3123 3330 3269 3376 recte
3296 3319 3520 3386 fecisse,
3544 3331 3647 3385 aut,
3672 3323 3783 3390 quod

2241 3406 2411 3461 multo
2434 3407 2612 3462 verius
2637 3414 2739 3471 est,
2770 3407 2942 3477 legem
2964 3409 3295 3478 illegitimam
3321 3412 3548 3467 omnino
3573 3412 3782 3468 subiisse.

2243 3502 2380 3559 Huic
2417 3504 2562 3559 enim
2600 3504 2704 3575 legi
2752 3516 2963 3561 certum
3007 3514 3094 3561 est
3135 3506 3343 3562 nullum
3396 3523 3649 3564 eanonem
3682 3523 3786 3563 eon-

2247 3594 2482 3650 venisse.

2313 3685 2438 3739 Alia
2471 3686 2731 3742 audacior
2757 3690 3033 3744 committit
3058 3690 3221 3759 furta.
3249 3691 3575 3748 —Victoria
3597 3691 3788 3759 denique

2239 3777 2490 3835 Ansellus
2512 3780 2681 3834 tutior
2701 3781 2768 3834 ad
2794 3781 3011 3834 tertium
3038 3782 3283 3851 prorupit
3301 3783 3662 3854 sacrilegium.
3684 3779 3788 3835 Natu

2240 3867 2497 3923 ineffabili
2532 3879 2840 3924 commento
2884 3871 3329 3941 gazophylacium
3361 3873 3624 3942 prorupit,
3648 3880 3695 3925 et
3721 3886 3790 3924 co.

2239 3959 2446 4029 piosius
2479 3974 2669 4015 aurum
2699 3976 3046 4032 gemmasque
3082 3962 3222 4016 tulit.
3255 3962 3469 4029 Quibus
3499 3964 3657 4028 tultis,
3679 3961 3789 4016 cele-

2239 4051 2397 4107 brato
2440 4049 2552 4119 jam
2593 4051 2707 4123 (ιη)
2747 4053 2887 4107 sacri
2938 4052 3114 4108 laticis
3151 4053 3377 4121 judicio,
3420 4056 3475 4110 in
3524 4056 3657 4110 hunc
3695 4069 3789 4109 cum

2239 4139 2361 4192 aliis
2399 4140 2786 4194 matriculariis
2825 4139 3054 4209 injectus
3100 4151 3203 4208 est,
3266 4158 3546 4213 superque
3596 4142 3792 4197 natando

2239 4228 2541 4293 convictus,
2575 4244 2697 4283 cum
2725 4242 2834 4299 quo
2869 4239 2935 4301 et
2963 4230 3054 4284 alii
3087 4233 3244 4300 primi
3277 4233 3463 4288 damni
3488 4235 3790 4304 cognitores:

2237 4332 2467 4385 quorum
2495 4318 2586 4374 alii
2624 4318 2790 4373 furcis
2827 4319 2979 4387 illati,
3021 4320 3140 4377 aliis
3184 4338 3313 4377 vero
3338 4338 3582 4392 parsum.
3612 4321 3655 4376 Is
3679 4322 3793 4391 pari-

550 4430 646 4470 eos
676 4429 706 4469 a
733 4416 890 4486 longe
921 4417 1316 4487 conspicerent,
1358 4431 1454 4471 nec
1497 4418 1713 4487 aggredi
1744 4418 2006 4473 auderem
2030 4419 2131 4473 tria
2160 4414 2213 4475 Ι)
2240 4417 2320 4463 ter
2352 4420 2557 4465 tractus
2586 4412 2815 4480 spondet
2844 4426 2904 4466 se
2938 4412 3232 4479 dicturum,
3264 4415 3529 4470 dimissus
3555 4413 3790 4468 diﬂitetur.

546 4520 691 4577 pene
734 4506 922 4571 millia,
968 4508 1057 4575 qui
1095 4508 1244 4577 prius
1291 4518 1687 4579 oppugnarunt.
1735 4510 1931 4566 Videus
1975 4512 2138 4581 igitur

548 4609 649 4649 rex
696 4593 1165 4666 inexpugnabilem
1212 4595 1388 4651 locum
1430 4599 1612 4664 cessit,
1659 4597 1893 4652 obsideri
1940 4597 2138 4669 jubens

548 4686 677 4739 dum
711 4688 852 4741 fame
872 4686 1043 4741 coacti
1072 4701 1131 4740 se
1158 4684 1464 4743 redderent.
1489 4688 1604 4743 llue
1628 4704 1797 4758 usque
1825 4698 2139 4761 perseverat

547 4776 782 4841 obsidio,
807 4786 863 4833 et
891 4776 994 4831 dici
1026 4792 1133 4831 non
1164 4785 1341 4847 potest
1367 4789 1501 4847 quot
1532 4778 1597 4832 dc
1630 4780 1988 4849 burgensibus
2008 4780 2137 4835 solis

547 4867 793 4937 quotidie
818 4882 959 4939 pene
988 4867 1300 4938 depereant.
1342 4869 1511 4923 Adam
1554 4886 1682 4925 vero
1725 4864 1880 4926 extra
1928 4873 2136 4941 positus

547 4957 826 5023 suburbia,
843 4967 897 5014 et
916 4958 1303 5030 lugelrannum
1323 4967 1485 5029 atque
1508 4959 1903 5015 vicedominum
1926 4961 2136 5016 crebris

546 5048 936 5104 hostilitat'tbus
970 5057 1142 5119 urget.
1173 5047 1326 5104 Unde
1370 5049 1534 5103 etiam
1574 5051 1619 5104 si
1668 5051 1883 5105 vexatio
1925 5050 2135 5105 intelle-

546 5145 694 5190 ctum
722 5138 880 5193 daret
899 5138 1128 5205 auditui,
1160 5139 1302 5194 scire
1331 5150 1550 5209 possent
1586 5141 1734 5211 quia,
1763 5143 1864 5197 etsi
1897 5142 2132 5200 Thomas

547 5227 854 5303 succubuit,
883 5243 992 5285 non
1027 5244 1217 5284 omnes
1244 5238 1422 5285 tamen
1459 5245 1637 5285 causa:
1669 5238 1795 5286 sunt
1825 5246 2004 5301 pares,
2031 5247 2131 5288 nec

547 5315 643 5370 Dei
691 5331 858 5385 penes
901 5333 1091 5374 omnes
1133 5335 1289 5389 aequa
1328 5319 1555 5389 judicia,
1585 5330 1641 5376 ut
1677 5321 1749 5378 sit
1780 5322 2035 5394 episcopo
2061 5324 2133 5383 ad

548 5420 713 5461 neces
739 5408 956 5464 licentia
987 5412 1335 5481 provocandi.

1144 5502 1372 5559 CAPUT
1410 5504 1525 5560 XV.

582 5602 585 5609 '
625 5583 954 5643 Reinsendim
984 5592 1301 5647 abbatissam
1325 5598 1533 5663 perimit
1566 5614 1742 5653 servus
1767 5599 1949 5667 ipsius.
1987 5598 2127 5654 Vasa

546 5691 702 5737 sacra
730 5674 983 5750 subripuit
1009 5684 1284 5742 Anselmtts
1308 5688 1543 5761 quidam.
1589 5691 1773 5745 Duello
1800 5692 2123 5749 innocentem

2243 4500 2490 4554 Secundo
2511 4509 2733 4555 evectus
2772 4501 2825 4555 in
2855 4503 3088 4565 furcam,
3125 4506 3359 4573 prodere
3395 4520 3514 4560 rem
3562 4519 3619 4558 se
3653 4502 3790 4571 jurat.

2241 4589 2523 4645 Remissus
2557 4591 2633 4644 ait
2664 4609 2676 4643 :
2721 4591 2850 4647 Sine
2877 4594 3102 4663 prtemio
3131 4596 3264 4651 nihil
3295 4596 3518 4652 faciam.
3547 4596 3791 4665 Appende-

2239 4682 2340 4746 ris,
2372 4683 2639 4751 inquiunt.
2679 4684 2744 4739 Et
2771 4701 2869 4740 vos
2905 4682 3040 4741 nihil
3090 4688 3375 4754 habebitis,
3407 4690 3508 4744 ait.
3537 4690 3675 4744 inter
3704 4689 3793 4742 hac

2240 4773 2519 4829 Nicolaum
2554 4777 2908 4831 castellanum
2942 4777 3244 4833 Guinituari
3277 4779 3469 4845 lilium,
3522 4781 3795 4835 adolescen-

2241 4880 2348 4925 tetu
2394 4869 2792 4935 clarissimum,
2854 4871 3079 4927 infinitis
3124 4871 3475 4940 jaculabatur
3532 4873 3790 4932 conviciis,

2238 4962 2394 5032 cujus
2424 4966 2671 5019 manibus
2700 4963 2815 5017 lucc
2845 4963 3067 5018 fiebant.
3097 4965 3409 5020 Consulitur
3446 4966 3719 5036 episcopus
3752 4972 3795 5015 et

2237 5051 2496 5120 magister
2542 5051 2790 5106 Ansellus
2830 5052 2959 5122 quid
3005 5051 3150 5108 facto
3189 5063 3458 5123 oporteat.
3498 5054 3679 5108 Melius
3708 5063 3790 5114 est,

2235 5140 2407 5202 aiunt,
2441 5148 2501 5195 ut
2529 5141 2757 5211 pecunia
2787 5140 2890 5195 sibi
2926 5141 3102 5207 detur,
3130 5157 3291 5212 quam
3324 5152 3475 5197 tanta
3511 5142 3626 5197 auri
3655 5156 3794 5211 quan-

2236 5228 2365 5285 tita's
2393 5230 2693 5284 amittatur.
2724 5229 2872 5286 Pacti
2911 5246 3040 5301 ergo
3066 5232 3114 5287 ei
3143 5240 3271 5287 sunt
3296 5232 3624 5302 quingentos
3653 5232 3793 5285 ferme

2233 5321 2455 5379 solidos.
2500 5322 2707 5390 Quibus
2740 5325 2971 5393 sponsis,
3009 5325 3238 5381 multum
3277 5327 3421 5396 quod
3443 5328 3517 5396 ,in
3545 5326 3693 5382 vinea
3717 5337 3793 5378 sua

2232 5418 2549 5474 condiderat
2600 5418 2840 5473 restituit
2888 5433 3100 5474 aurum.
3155 5418 3435 5476 Pollicitus
3480 5434 3612 5476 vero
3654 5432 3711 5473 se
3739 5416 3793 5469 de

2230 5509 2408 5582 patria
2458 5525 2795 5567 recessurum
2846 5511 3041 5578 fuerat,
3093 5512 3255 5568 trium
3291 5522 3477 5569 autem
3522 5514 3571 5569 ei
3612 5510 3790 5567 dierum

2233 5610 2595 5657 commeatum
2634 5603 2919 5671 episcopus
2950 5604 3329 5673 Spoponderat.
3377 5603 3439 5658 ln
3490 5618 3600 5674 quo
3647 5599 3792 5670 spatio

2232 5707 2355 5749 cum
2386 5692 2527 5749 elabi
2553 5692 2690 5749 clam
2717 5692 2899 5761 vellet,
2925 5702 2980 5749 et
3010 5694 3290 5751 universos
3314 5695 3477 5751 urbis
3498 5695 3665 5766 ipsius
3689 5704 3789 5764 pro~
