3982 6346
189 297 303 357 M9

1224 306 1315 363 DE
1339 307 1497 365 VlTA
1534 305 1670 364 SUA
1718 305 1899 363 LIBRI
1932 304 2133 364 TRES.
2157 340 2226 351 ε-
2249 306 2380 363 LIB.
2403 307 2490 365 Ill.

3350 313 3463 372 950

186 410 401 466 vi‘derct
422 413 845 481 egressus,»villa
874 430 941 471 ex
972 426 1125 487 parte
1154 418 1569 491 ejus-grauatum
1597 422 1772 477 tlumi-
1804 420 1850 475 Α
1879 419 2061 474 lidiam
2092 427 2374 490 tantopere
2395 420 2565 477 coluit
2598 427 2659 474 ut
2686 421 2828 491 quod
2854 420 3054 480 Judaeis
3083 434 3285 481 metum
3324 426 3457 484 tide-

188 501 557 644 numbspecies
588 504 937 572 apparebant,
969 522 1089 577 qua:
1114 522 1238 565 eum
1266 516 1512 584 progredi
1552 514 1771 569 omnino

188 599 310 644 vcta
350 599 463 644 ant.

185 599 310 644 V013
317 599 419 644 ban
427 599 463 644 ι.

261 677 446 735 Palam
498 695 629 753 ergo
672 684 820 740 illum
874 688 1130 746 recedere
1176 692 1294 747 sine
1334 693 1444 749 ullo
1496 694 1640 751 furto
1688 694 1770 750 sui

186 771 398 827 fructus
426 770 542 826 haec
574 774 912 831 invisibiliter
937 778 1038 832 sibi
1074 782 1345 850 proposita
1392 781 1588 838 fluenta
1621 799 1774 855 coge-

185 861 341 916 bant.
379 862 495 929 Quo
535 879 658 917 cum
700 875 920 920 ventum
958 866 1115 934 foret,
1161 880 1218 924 et
1255 887 1314 925 se
1351 872 1491 927 nolle
1520 875 1775 929 recedere

184 957 432 1025 quaedam
465 956 819 1013 furiosissima
859 959 1087 1029 loquens
1133 962 1356 1029 diceret,
1387 979 1615 1035 cumque
1649 981 1772 1021 eum

184 1048 472 1117 episcopus
500 1049 672 1118 magis
703 1059 940 1120 urgeret,
978 1052 1143 1121 coepit
1171 1054 1322 1123 quasi
1361 1065 1513 1110 extra
1552 1070 1611 1110 se
1632 1058 1774 1126 posi-

187 1148 281 1192 tus
310 1138 614 1202 mussitare,
644 1142 889 1208 quaedam
926 1156 987 1197 se
1020 1144 1230 1199 scilicet
1263 1145 1438 1200 adhuc
1480 1147 1621 1202 scire
1655 1162 1775 1215 qua:

186 1229 488 1285 distulisset
515 1232 717 1287 dicere.
746 1232 899 1299 Quod
921 1249 1047 1289 cum
1085 1250 1182 1304 per
1207 1238 1603 1293 vicedominum
1637 1240 1776 1295 didi-

185 1325 356 1378 cisset
377 1317 663 1394 episcopus
697 1328 1036 1383 occasionem
1070 1338 1281 1395 nactus,
1309 1332 1565 1402 quoniam
1608 1347 1667 1387 se
1683 1332 1775 1402 ju-

187 1421 412 1466 raverat
447 1413 523 1466 nil
556 1415 678 1482 pius
716 1416 876 1481 scire,
918 1417 1117 1474 solidos
1161 1435 1299 1489 quos
1332 1422 1382 1475 ei
1424 1433 1777 1491 proposuerat

187 1505 346 1569 dare,
371 1505 661 1571 subtraxit,
697 1514 753 1561 et
786 1510 989 1564 carceri
1016 1510 1291 1579 relegavit.
1323 1511 1425 1579 Qui
1450 1514 1616 1568 etiam
1650 1528 1777 1583 sup-

185 1594 370 1663 pliciis
416 1594 659 1660 adactus,
702 1612 944 1666 gemmas
981 1598 1242 1655 confracti
1287 1602 1468 1671 cperis
1510 1618 1569 1658 se
1610 1618 1778 1672 penes

186 1696 249 1736 se
279 1682 480 1737 habere
498 1681 678 1738 fassus
699 1694 801 1739 est.
832 1686 982 1741 Etad
1012 1688 1186 1742 locum
1215 1704 1310 1744 eos
1341 1692 1562 1757 ducens,
1594 1700 1776 1746 osten-

186 1770 270 1823 dit
310 1786 405 1825 eas
446 1771 501 1824 in
539 1771 759 1828 linteolo
808 1775 908 1829 sub
958 1790 1090 1831 saxo
1145 1778 1464 1845 pendentes.
1512 1778 1645 1833 Cum
1694 1780 1777 1835 his
1806 1769 1852 1829 B

187 1862 449 1917 oninibus
469 1877 684 1931 quoque
715 1865 1046 1935 phylacteria
1074 1884 1228 1923 sacra
1272 1871 1624 1935 subduxerat,
1655 1889 1777 1942 quae

189 1951 429 2019 quandiu
464 1953 656 2017 tenuit,
689 1955 925 2010 dormire
969 1972 1075 2011 non
1124 1968 1356 2027 poterat,
1400 1961 1525 2030 quia
1576 1964 1778 2018 sanctis

190 2039 417 2094 feralem
446 2042 684 2096 animum
709 2045 1163 2114 concutientibus,
1195 2050 1326 2103 tanti
1359 2066 1481 2104 eum
1511 2052 1778 2124 sacrilegii

192 2132 387 2187 horror
414 2134 703 2189 invaserat.
738 2135 901 2206 Igitur
922 2148 978 2192 et
1004 2141 1117 2209 ipse
1142 2142 1192 2194 in
1216 2142 1446 2198 sublime
1470 2155 1775 2214 provectus,

191 2224 469 2292 appositus
495 2234 579 2281 est
605 2227 673 2279 ad
702 2236 885 2295 patres
911 2242 1057 2293 suos,
1092 2229 1248 2298 plane
1270 2232 1538 2289 diabolos.

782 2316 1009 2374 CAPUT
1050 2319 1186 2375 XVI.

268 2405 461 2462 Matris
496 2408 742 2477 Joannis,
773 2411 1085 2466 Sueuorum
1115 2418 1339 2482 comitis,
1358 2427 1506 2473 actus
1537 2435 1777 2490 nequam.

195 2496 464 2554 lanassis
498 2501 651 2555 etiam
699 2516 885 2561 mater.
913 2538 979 2548 —
1007 2504 1244 2563 Joannes
1278 2509 1513 2575 interea,
1552 2509 1783 2566 Suesso-

195 2609 319 2647 rum
350 2609 534 2651 comes
561 2599 638 2667 (ut
671 2598 781 2667 jam
812 2602 1011 2672 stylum
1051 2604 1118 2657 ad
1163 2603 1429 2671 promissa
1459 2604 1778 2675 vertamus),

197 2685 390 2739 militia
442 2688 614 2743 solers
660 2693 914 2761 pacisque
952 2694 1226 2749 studiosus
1257 2694 1380 2759 fuit,
1409 2694 1564 2763 cujus
1602 2703 1783 2751 tamen

197 2777 433 2833 intentio
462 2779 574 2834 sola
603 2796 699 2835 sua
731 2783 937 2840 util-itas
980 2784 1101 2840 fuit.
1132 2785 1265 2840 Nam
1304 2797 1529 2855 paterna
1556 2797 1611 2842 et
1641 2788 1783 2841 avita

197 2867 437 2937 nequitia
460 2870 514 2924 in
537 2871 758 2926 exitium
784 2876 974 2929 matris
996 2890 1209 2945 semper
1229 2877 1485 2932 Ecclesiae
1516 2879 1784 2933 redunda-

198 2962 296 3016 vit.
329 2962 496 3018 Porro
517 2974 693 3019 mater
721 2965 987 3039 [Joannis]
1013 2969 1153 3022 inter
1179 2978 1371 3024 caetera
1399 2971 1650 3039 potentia:
1674 2985 1785 3025 sua:

197 3054 459 3107 miracula
508 3055 645 3126 (49),
696 3056 935 3127 linguam
982 3058 1207 3114 diacono
1248 3059 1461 3114 cuidam
1498 3075 1526 3114 a
1567 3070 1783 3129 gutture

197 3150 506 3211 exemptam
532 3144 737 3199 succidi
758 3144 911 3210 fecit,
931 3146 1225 3216 oculosque
1244 3147 1491 3201 convelli.
1518 3148 1784 3202 Nimirum

200 3233 254 3285 id
270 3235 613 3303 prmsumpsit
637 3236 978 3305 parricidalis
1001 3237 1242 3292 audacia.
1270 3237 1404 3291 Nam
1425 3236 1593 3292 Judrci
1615 3239 1788 3307 cujus-

202 3324 326 3376 dam
354 3323 533 3378 studio
578 3324 802 3380 fratrem
856 3328 1132 3396 proprium
1166 3327 1460 3397 cupiditate
1496 3328 1789 3384 comitatus

202 3430 412 3470 veneno
437 3416 730 3472 occiderat.
756 3418 925 3484 Quam
956 3418 1025 3472 ob
1051 3430 1272 3473 causam
1296 3428 1350 3473 et
1377 3418 1620 3473 Judaeum
1648 3420 1789 3489 ignis

201 3508 518 3576 assumpsit,
552 3516 607 3563 et
646 3508 759 3579 ipsa
797 3510 970 3579 pridie
1010 3526 1172 3580 quam
1196 3519 1357 3581 caput
1379 3511 1568 3581 jejunii
1598 3527 1790 3582 seque—

200 3598 384 3661 batur,
440 3609 726 3669 postquam
780 3601 977 3656 eximie
1024 3612 1377 3667 coenaverat,
1431 3602 1484 3656 in
1542 3603 1659 3673 ipso
1692 3604 1790 3658 sui

205 3692 380 3744 somni
432 3701 590 3747 nocte
640 3692 938 3763 primordio
980 3695 1214 3763 paralysi
1269 3710 1568 3763 percussa,
1618 3693 1790 3749 otiicia

205 3780 400 3849 linguae
422 3783 673 3851 perdidit,
706 3784 870 3839 totius
896 3785 1141 3853 corporis
1174 3784 1580 3841 invalitudincm
1612 3786 1794 3844 incur-

206 3871 309 3933 rit;
347 3872 600 3940 quodque
626 3874 961 3943 potissimum
1000 3884 1101 3939 est,
1152 3874 1227 3928 nil
1262 3876 1516 3945 deinceps
1552 3878 1695 3946 quod
1726 3879 1793 3932 ad

206 3960 377 4015 Deum
405 3963 699 4029 pertineret
726 3964 924 4033 sapuit,
953 3973 1008 4019 et
1042 3965 1110 4019 de
1142 3972 1340 4019 caetero
1374 3980 1599 4034 porcum
1638 3966 1790 4021 vixit.

206 4049 306 4105 Cui
335 4052 499 4105 etiam
536 4050 684 4119 justo
710 4052 806 4107 Dei
838 4050 1060 4121 judicio,
1089 4054 1245 4124 quasi
1276 4069 1375 4124 pro
1405 4055 1632 4120 medela,
1658 4069 1797 4126 pene

206 4141 392 4211 lingua
420 4141 632 4195 desecta
680 4150 780 4195 est.
835 4142 927 4197 Sic
968 4157 1031 4198 se
1072 4142 1140 4197 ab
1175 4143 1332 4199 initio
1361 4143 1797 4214 Quadragesima:

207 4244 382 4297 usque
403 4230 471 4283 ad
502 4239 719 4285 octavas
739 4229 984 4295 Pascbte,
1008 4245 1130 4286 cum
1166 4231 1309 4286 diem
1340 4230 1553 4298 clausit,
1586 4232 1794 4287 habuit.

208 4321 360 4377 Inter
387 4322 560 4392 ipsam
591 4332 795 4389 autem,
834 4332 888 4378 et
917 4324 1061 4378 hunc
1090 4323 1374 4388 Joannem,
1406 4332 1460 4379 et
1486 4325 1796 4394 episcopum

211 4417 543 4484 Manassem,
572 4418 708 4472 filios
733 4419 871 4486 ejus,
905 4434 1008 4474 non
1035 4420 1193 4474 modo
1221 4418 1545 4485 simultates,
1584 4420 1675 4474 sed
1723 4420 1798 4474 le-

211 4509 383 4563 thalia
409 4510 532 4564 cdia
570 4518 749 4574 erant,
781 4519 836 4564 et
878 4510 993 4565 lucc
1020 4511 1274 4581 genuina.
1306 4513 1438 4568 Nam
1466 4527 1636 4584 genus
1669 4510 1799 4565 illud

208 4605 452 4658 vicissim
485 4604 707 4660 infestos
744 4620 802 4660 se
832 4606 1047 4660 habent.
1094 4606 1256 4663 Certe
1287 4609 1413 4662 dum
1445 4608 1512 4661 ad
1538 4606 1797 4661 tumulum

212 4695 392 4749 delata
423 4695 634 4760 fuisset,
666 4695 807 4749 inter
841 4697 1205 4766 sepeliendum
1246 4700 1378 4753 mihi
1413 4712 1596 4754 comes
1630 4698 1798 4752 isdem

213 4789 283 4843 de
305 4804 393 4853 ea,
422 4806 543 4861 qua}
567 4801 691 4846 sunt
713 4795 962 4862 superius
991 4794 1162 4848 relata
1192 4790 1466 4854 narrabat,
1496 4788 1758 4859 adjiciens
1784 4807 1797 4843 :

214 4884 382 4952 Quid,
422 4888 619 4958 inquit,
651 4905 746 4958 pro
775 4888 888 4956 ipsa
916 4885 1188 4955 dilargiar,
1218 4898 1342 4938 cum
1377 4896 1477 4952 pro
1506 4896 1602 4937 sua
1632 4881 1802 4951 ipsius

215 4981 397 5035 anima
428 4981 542 5049 ipsa
572 4980 646 5034 nil
670 4980 898 5033 voluerit
924 4978 1198 5048 dilargiri?

291 5072 625 5125 InJoaunem
640 5071 806 5131 illum,
824 5070 1067 5124 Iudaica!
1082 5068 1316 5137 perﬁdia:
1332 5076 1661 5132 sectatorem,
1675 5067 1805 5121 scri-

214 5163 318 5234 psit
341 5162 619 5217 Guibertus
648 5170 927 5214 tractatum
956 5146 1133 5213 contra
1149 5160 1804 5227 Judwos.—Dcniqueco-

1873 512 2004 566 lium
2038 512 2539 583 impr-sesumptibile
2576 523 2714 579 erat,
2752 515 2865 584 ipse
2911 517 3115 572 diceret
3160 518 3226 572 de
3263 517 3455 573 Salva-

1872 612 1991 660 tore
2020 604 2248 659 nefaria.
2297 605 2468 672 Quam
2499 606 2637 660 male
2680 616 2860 661 autem
2896 608 2949 661 in
2991 608 3186 664 calum
3215 611 3457 679 posuerit

1874 709 1936 749 os
1964 708 2121 749 suum
2152 693 2324 764 (Psat.
2371 712 2540 761 Lxxn,
2580 697 2659 763 9),
2705 698 2928 769 intelligi
2978 710 3153 768 potest
3188 700 3353 772 519
3384 717 3458 758 ex

1875 799 1997 840 meo
2035 784 2124 840 illo
2154 784 2331 840 libello
2365 802 2526 856 quem
2556 797 2745 843 contra
2776 788 2949 858 ipsum
2974 800 3163 860 rogatu
3192 791 3456 849 Bernardi

1875 876 2063 932 decani
2097 878 2310 947 scripsi.
2345 878 2475 946 Quae
2506 880 2761 949 quoniam
2799 882 2881 936 ori
2910 882 3220 939 Christiano
3264 884 3458 940 indici-

1875 968 2000 1024 bilia
2029 979 2154 1025 sunt
2192 979 2248 1024 et
2278 970 2381 1039 piis
2407 972 2628 1027 auribus
2652 973 3059 1031 exsecrabiliter
3089 976 3451 1041 exborrenda,

1876 1060 2280 1131 supprimimus.
2317 1061 2453 1116 Cum
2491 1062 2705 1119 .Iudzeos
2749 1064 3039 1130 attolleret,
3070 1082 3099 1120 a
3129 1066 3327 1122 Judzcis
3359 1082 3458 1136 pro

1876 1152 2068 1208 insano
2109 1152 2431 1219 habebatur,
2463 1153 2591 1208 dum
2631 1156 2797 1210 verbo
2827 1165 3005 1211 sectas
3036 1172 3223 1212 eorum
3266 1171 3460 1228 appro-

1876 1242 2051 1308 baret,
2077 1252 2133 1298 et
2167 1252 2351 1300 nostra
2382 1245 2437 1299 in
2465 1256 2721 1316 promptu
2747 1255 3087 1315 sequeretur.

1948 1335 2123 1402 Quam
2162 1337 2390 1407 nefanda
2440 1338 2640 1407 profert
2677 1338 2884 1409 agitque
2917 1354 3105 1393 comes.
3139 1337 3463 1394 Generosum

1877 1430 2057 1483 uxoris
2102 1429 2265 1499 ipsius
2306 1429 2608 1498 factum.—
2631 1430 2699 1484 Et
2719 1438 2868 1484 certe
2895 1431 2947 1483 in
2969 1430 3144 1483 Natali
3172 1440 3224 1484 et
3247 1430 3461 1485 Passioe

1878 1537 1948 1578 ne
1966 1520 2340 1589 Dominica,et
2360 1523 2412 1575 in
2436 1521 2742 1592 bujusmodi
2762 1531 2869 1575 tam
2893 1521 3151 1575 humilem
3179 1535 3237 1575 se
3264 1522 3462 1589 prrebe-

1881 1615 1991 1682 bat,
2026 1622 2087 1668 ut
2113 1613 2201 1667 vix
2248 1614 2514 1682 perfidum
2561 1622 2895 1682 putaremus.
2924 1611 3094 1666 Nocte
3125 1599 3364 1679 paschali
3404 1625 3471 1665 se

1881 1706 1934 1759 in
1966 1705 2197 1761 ecclesia
2235 1705 2305 1759 ad
2333 1704 2663 1775 vigilandum
2714 1703 3039 1766 contulerat,
3068 1700 3323 1771 religioso
3347 1699 3462 1753 cui~

1880 1798 2002 1851 dam
2029 1797 2251 1864 glerico,
2289 1804 2347 1849 ut
2395 1796 2460 1849 de
2490 1795 2752 1864 mysterio
2794 1794 3002 1848 dierum
3041 1792 3256 1847 illorum
3286 1789 3463 1857 aliqua

1880 1812 2002 1851 uam
2064 1812 2251 1862 teneo,
2289 1812 2347 1849 ut
2395 1812 2460 1849 ae
2490 1812 2752 1864 mysrerio
2794 1812 3002 1848 merum
3041 1812 3256 1847 tuorum
3286 1812 3463 1857 auqua

1880 1887 1982 1941 sibi
2024 1812 2259 1951 diceret,
2285 1892 2632 1955 suggesserat
2668 1899 2683 1937 :
2716 1882 2813 1949 Qui
2845 1898 2966 1937 cum
3000 1882 3233 1953 qualiter
3272 1894 3466 1949 passus

1879 1975 1953 2030 sit
1979 1975 2257 2042 Dominus,
2300 1983 2355 2029 et
2374 1975 2644 2043 quomodo
2675 1972 2989 2039 resurrexit,
3021 1971 3340 2035 intimasset,
3365 1984 3464 2022 ex-

1881 2064 2105 2119 sibilans
2141 2080 2326 2120 comes
2357 2064 2468 2118 ait:
2504 2063 2645 2117 Ecce
2667 2060 2866 2126 fabula,
2896 2074 3023 2115 ecce
3052 2068 3261 2112 ventus.
3293 2057 3350 2111 Si
3384 2067 3462 2125 tu,

1883 2156 2075 2225 inquit,
2096 2171 2194 2225 pro
2217 2164 2377 2211 vento
2403 2165 2457 2211 et
2485 2155 2690 2222 fabula,
2720 2168 2838 2223 qua:
2860 2152 3086 2207 dixerim
3117 2151 3302 2214 habes,
3336 2150 3467 2219 quid

1884 2247 1972 2303 hic
2000 2248 2234 2318 vigilas?
2261 2248 2542 2315 Pulchras,
2568 2246 2666 2312 ait,
2703 2245 2978 2310 mulieres,
3010 2258 3127 2313 qua:
3153 2243 3275 2296 istic
3304 2256 3467 2297 cocx~

1882 2341 2106 2406 cubant,
2137 2340 2369 2395 libenter
2413 2340 2655 2396 attendo.
2707 2338 2868 2393 Certe
2918 2350 3041 2390 cum
3068 2334 3354 2404 conjugem
3375 2333 3465 2402 ju-

1883 2430 2165 2484 venculam
2212 2431 2513 2501 speciosam
2542 2431 2787 2494 haberet,
2810 2442 2875 2482 ea
2902 2434 3207 2493 contempta
3234 2421 3469 2493 rugosis-

1885 2522 2077 2578 simam
2115 2521 2187 2575 ita
2227 2519 2519 2576 atl‘ectabat
2549 2536 2707 2573 anum
2735 2559 2750 2581 ,
2800 2528 2860 2572 ut
2905 2532 3026 2571 cum
3067 2517 3207 2570 intra
3251 2516 3468 2569 domum

1886 2611 2167 2679 cujusdam
2189 2610 2356 2666 Judaei
2404 2611 2600 2664 lectum
2633 2609 2754 2675 sibi,
2786 2619 2840 2664 et
2874 2607 2950 2660 illi
2995 2605 3197 2674 sacpius
3218 2602 3467 2672 apparari

1886 2702 2110 2768 faceret,
2141 2716 2415 2769 nunquam
2445 2709 2622 2753 tamen
2647 2708 2819 2753 stratu
2849 2696 3091 2752 cohiberi
3120 2704 3351 2764 poterat,
3377 2694 3471 2749 sed

1887 2794 1941 2848 in
1970 2794 2206 2862 aliquem
2234 2792 2487 2862 angulum
2520 2800 2755 2859 turpem,
2786 2796 2880 2843 aut
2899 2798 3049 2843 certe
3080 2786 3219 2840 intra
3245 2785 3469 2854 apotheg-

1887 2898 2006 2938 cam
2043 2883 2278 2953 aliquam
2316 2896 2428 2950 pra:
2473 2880 2656 2935 furore
2678 2878 2917 2933 libidinis
2946 2892 3148 2932 secum
3183 2874 3271 2929 illa
3302 2874 3472 2932 sordi-

1887 2974 2111 3030 dissima
2138 2971 2519 3028 contrudebat.
2544 2970 2705 3036 Quid,
2734 2970 2879 3038 quod
2907 2983 3031 3022 cum
3057 2982 3221 3021 uxore
3246 2979 3341 3019 sua
3377 2979 3474 3032 pas-

1890 3065 2229 3119 rasitastrum
2256 3060 2565 3130 quemdam,
2599 3058 3009 3128 exstinctisjam
3032 3066 3188 3112 nocte
3213 3055 3469 3120 lucernis,

1888 3155 1989 3209 sub
2016 3153 2197 3222 specie
2223 3152 2307 3207 sui
2332 3149 2577 3205 cubitum
2603 3150 2682 3205 ire
2705 3148 3002 3215 mandavit,
3025 3155 3084 3202 ut
3111 3145 3363 3203 adulterii
3388 3144 3474 3211 sui

1888 3247 2094 3301 crimen
2133 3244 2489 3315 impingeret?
2525 3243 2657 3309 Qum
2690 3257 2813 3297 cum
2842 3256 2948 3295 non
2977 3254 3094 3299 esse
3122 3238 3376 3295 comitem
3406 3253 3474 3299 ex

1889 3336 2134 3405 corporis
2174 3334 2437 3404 qualitate
2487 3332 2714 3387 sentiret
2757 3334 2897 3400 (erat
2924 3332 3069 3385 enim
3117 3344 3300 3389 comes
3331 3327 3475 3389 foede

1889 3426 2291 3497 pruriginosus)
2323 3439 2425 3480 suo
2444 3438 2553 3493 quo
2585 3422 2755 3477 valuit
2774 3422 2919 3485 nisu,
2947 3430 3003 3476 et
3028 3420 3474 3489 pedissequarum

1890 3516 2112 3579 auxilio,
2137 3530 2381 3571 scurram
2408 3514 2543 3568 dure
2568 3512 2786 3567 cecidit.
2818 3510 2959 3577 Quid
2979 3510 3167 3580 plura?
3202 3508 3317 3571 Non
3347 3524 3475 3567 salt-

1891 3606 2282 3670 ctimonialem,
2324 3619 2432 3660 non
2459 3603 2780 3658 monacham
2811 3616 2841 3654 a
2869 3615 2966 3655 sua
3004 3599 3267 3655 abusione
3289 3597 3474 3652 exclu-

1893 3708 2064 3761 serat,
2095 3710 2198 3751 nec
2218 3695 2457 3749 fratrum
2493 3690 2652 3763 plane
2685 3699 2996 3747 sanctorum
3028 3702 3266 3761 unquam
3293 3686 3473 3747 rivali-

1896 3788 1991 3842 tati
2021 3794 2362 3857 pepercerat.
3444 3824 3447 3839 τ

1966 3878 2291 3948 Impiissima
2310 3887 2356 3931 et
2380 3876 2580 3943 infelici
2602 3884 2766 3931 morte
2788 3873 2941 3943 periit
2963 3887 3144 3927 comes;
3158 3869 3342 3925 ille.,—-
3368 3868 3476 3926 llu-

1890 3970 1982 4041 jus
2034 3968 2365 4039 putidissimi
2412 3966 2777 4037 blasphemias
2820 3980 2944 4021 cum
2994 3964 3105 4034 pati
3161 3963 3271 4032 iam
3313 3962 3477 4031 \‘irgo

1896 4059 2090 4125 Mater,
2136 4057 2380 4116 omnium
2412 4058 2623 4128 regina,
2670 4071 2774 4110 non
2805 4062 3010 4124 posset,
3043 4053 3289 4108 redeunti
3322 4051 3373 4106 ei
3408 4051 3483 4102 ab.

1896 4149 2239 4219 espeditione
2268 4149 2437 4217 regia,
2476 4147 2803 4217 collegarum
2836 4160 3056 4205 suorum
3085 4147 3386 4211 daemonum
3412 4141 3477 4193 ad

1898 4241 2090 4295 urbem
2114 4240 2225 4309 jam
2256 4236 2641 4309 propinquanti
2666 4236 2854 4301 ingens
2879 4234 3071 4303 globus
3091 4231 3362 4301 apparuit,
3385 4230 3477 4298 qui

1900 4332 2044 4386 birta
2068 4345 2242 4396 coma,
2274 4344 2435 4384 sensu
2475 4328 2642 4384 eliero
2676 4328 2893 4382 domum
2939 4323 3185 4386 veniens,
3227 4337 3292 4376 ea
3320 4329 3476 4393 nocte

1829 4450 1877 4509 ι)
1902 4422 2131 4492 conjuge
2158 4420 2532 4490 repulsa,cum
2556 4433 2660 4472 anu
2679 4416 2935 4486 prmdicta
2957 4412 3270 4477 concubuit,
3295 4411 3346 4464 in
3375 4426 3477 4478 qua

1904 4525 1961 4570 et
1980 4515 2163 4571 lethali
2194 4522 2370 4569 morte
2390 4511 2665 4567 decubuit.
2695 4508 2938 4576 Cumque
2964 4503 3176 4560 anxiari
3202 4502 3476 4570 coepisset,

1900 4605 2217 4675 praedictum
2240 4602 2521 4669 clericum,
2548 4597 2881 4668 cumquoin
2903 4595 3097 4665 vigiliis
3112 4601 3295 4663 egerat
3319 4608 3474 4661 Sttth

1902 4697 2183 4751 uriuarum
2235 4708 2457 4750 suarum
2505 4688 2937 4748 consideratione
2966 4684 3273 4749 jcousuluit.
3302 4684 3402 4750 Qui
3428 4684 3481 4738 ei

1901 4790 1967 4846 de
1999 4798 2173 4845 morte
2221 4787 2553 4857 respondens
2577 4799 2698 4839 cum
2728 4796 2825 4841 sua
2873 4779 3070 4845 anima,
3100 4786 3155 4833 et
3181 4778 3249 4831 de
3283 4790 3469 4846 perpe-

1904 4880 2062 4934 tratis
2098 4878 2409 4935 libidinibus
2438 4892 2562 4932 eum
2593 4872 2927 4937 conveniret,
2967 4870 3057 4927 ille
3083 4867 3261 4925 intulit
3302 4884 3316 4921 :
3366 4866 3477 4931 Vis,

1903 4971 2100 5040 inquit,
2132 4979 2190 5024 ut
2214 4969 2576 5024 leccatoribus
2597 4967 2865 5036 (gulosis),
2894 4964 3101 5020 scilicet
3126 4959 3480 5031 presbyteris,

1905 5076 2024 5116 mea
2054 5067 2271 5129 erogem
2293 5060 2321 5115 ?—
2360 5073 2429 5115 ne
2453 5057 2668 5114 obolum
2699 5054 3015 5126 quidcm.-A
3055 5051 3240 5115 multis
3283 5051 3481 5111 discre-

1907 5152 2137 5207 tioribus
2158 5160 2211 5205 te
2231 5151 2391 5206 didiCI
2413 5164 2604 5204 omnes
2625 5147 2853 5203 feminas
2876 5144 3074 5203 debere
3096 5156 3218 5197 esse
3240 5153 3484 5197 commu-

218 5227 338 5310 ines
375 5256 507 5325 ipse,
536 5255 620 5309 cui
661 5261 809 5308 recte
846 5252 949 5305 dici
983 5260 1184 5322 posset,
1217 5270 1235 5300 ‹
1274 5262 1430 5319 pater
1458 5258 1583 5303 tuus
1612 5246 1808 5305 Amor-
1904 5257 2026 5307 nes,
2057 5251 2113 5297 et
2144 5242 2248 5330 hoc
2279 5239 2477 5330 nullius
2521 5236 2779 5330 momenti
2815 5227 3478 5330 essellﬁficfwm-‘qiﬁfv

220 5314 463 5403 theae-et
486 5314 658 5400 mater
680 5352 768 5398 tua
786 5314 998 5398 Cethaea
1015 5341 1208 5413 (Ezech
1245 5314 1451 5410 x-v1,5),
1478 5358 1496 5391 ι
1516 5353 1621 5392 non
1649 5339 1806 5392 modo
1868 5339 1962 5386 -ct
1990 5331 2123 5386 nihil
2154 5328 2299 5383 aliud
2334 5342 2496 5396 quam
2541 5325 2744 5379 rabiem
2776 5330 2965 5391 postea
2992 5318 3167 5413 dixit,
3214 5326 3305 5370 aut
3334 5314 3478 5413 fecit.

220 5432 303 5492 at
328 5445 604 5505 parentem
651 5434 993 5505 regeneravit
1039 5443 1349 5500 utrumque,
1383 5430 1488 5484 sed
1509 5429 1676 5483 multo
1714 5429 1797 5484 de-

221 5529 423 5584 teriora
455 5527 684 5601 peregit.
710 5527 828 5599 Ipse
854 5525 1158 5583 Iudaeorum
1190 5530 1246 5579 et
1276 5522 1651 5578 haereticorum
1679 5535 1803 5590 per-

200 5720 212 5742 ί
286 5706 429 5777 μθ)
448 5705 674 5762 lronice.

1906 5424 2042 5480 Nam
2081 5429 2347 5477 astantem
2392 5417 2494 5473 sibi
2528 5416 2811 5485 conjugem
2860 5414 2993 5480 pede
3030 5410 3215 5465 volens
3270 5405 3482 5476 propel-

1906 5516 2050 5579 lere,
2082 5511 2295 5569 cuidam
2345 5506 2505 5564 militi
2556 5505 2749 5577 (deest,
2802 5501 3037 5573 alapam,
3074 5509 3164 5554 aut
3220 5495 3480 5569 pugnum)
