3982 6346
605 331 711 390 951

1469 323 1534 378 ν.
1575 322 1896 378 GUIDERTI
1923 318 2216 376 ABBA'HS
2243 317 2298 372 Β.
2327 311 2566 372 MANE
2599 315 2689 372 DE
2720 313 3116 373 NOVIGENTO
3693 321 3764 378 ιιι

603 448 830 506 sedente
857 458 942 511 ca,
991 437 1212 510 impegit
1257 441 1514 506 grandem
1544 452 1700 503 aueo,
1725 445 1787 500 at
1812 451 1934 492 eum
1961 441 2176 490 everte-
2207 437 2250 492 Α
2282 433 2447 486 vitam
2496 446 2554 487 se
2585 431 2935 502 apostolicam
2970 439 3150 484 tenere
3163 427 3456 498 lactantes.
3479 441 3641 488 eorum
3661 449 3767 498 actm

605 548 709 594 ret.

675 629 1020 683 Tenebantur
1056 635 1186 692 ergo
1215 619 1545 675 insanissimi
1591 618 1826 674 hominis
1857 631 2069 681 manus,
2109 628 2178 670 ne

600 731 660 771 se
701 727 931 782 suosque
988 711 1292 780 disjiceret,
1339 708 1507 763 donec
1555 705 1971 776 defatigaretur,
2005 703 2178 758 donec

600 803 977 873 rirginissima:
1022 799 1280 856 Geuitrici
1328 805 1382 852 et
1419 798 1530 852 Deo
1552 795 1692 851 Filio
1735 793 1853 864 ejus
1900 794 2173 848 inimicum

601 900 795 956 diaboli
822 907 1170 967 extorqueret
1193 895 1462 966 spiritum.

1169 1050 1396 1107 CAPUT
1435 1045 1596 1103 XVII.

671 1164 964 1228 Clementii,
1001 1163 1252 1229 Ebrardt',
1282 1174 1327 1217 et
1359 1162 1644 1232 grcgalz'um
1673 1162 1922 1216 Itwt'eseos
1947 1177 2171 1214 summa.

521 1263 524 1265 λ
596 1283 668 1298 εσ-
705 1253 776 1308 Αι
827 1255 1079 1324 quoniam
1139 1253 1544 1318 hmreticormn,
1583 1268 1718 1322 quos
1775 1252 1864 1306 hic
1911 1251 2173 1306 nefandus

600 1348 844 1414 amabat,
881 1349 1242 1412 meminimus,
1285 1347 1502 1416 quidam
1551 1345 1810 1406 rusticus,
1845 1343 2174 1399 Clementius

600 1438 844 1503 nomine,
865 1454 984 1493 cum
1014 1438 1181 1492 fratre
1215 1438 1480 1502 Ebrardo,
1509 1437 1648 1504 apud
1693 1433 2007 1502 Bueiacum,
2047 1448 2177 1503 pro-

600 1511 800 1581 ﬂuam
833 1526 1108 1586 Suessioni
1155 1527 1360 1596 villam,
1389 1526 1784 1582 commanebat.
1814 1525 1938 1591 Qui,
1971 1532 2027 1577 ut
2059 1524 2174 1576 vul-

600 1614 849 1685 gabatur,
882 1617 946 1670 de
990 1615 1315 1685 primoribus
1357 1631 1468 1670 sua:
1493 1615 1762 1669 hmrescos
1792 1623 1930 1668 erat.
1970 1612 2045 1668 De
2074 1613 2174 1666 hoc

597 1703 807 1760 ferebat
833 1705 1227 1773 impurissimus
1259 1704 1346 1759 ille
1380 1717 1585 1768 comes,
1621 1703 1762 1772 quod
1790 1701 2170 1769 sapientiorem

598 1808 664 1847 eo
695 1793 963 1848 neminem
1014 1794 1437 1862 comprobasset.
1477 1792 1706 1847 lltcresis
1755 1804 1931 1846 autem
1968 1806 2038 1876 ea
2063 1771 2246 1858 est,’B

598 1897 705 1937 non
735 1897 856 1952 qua:
885 1883 1060 1952 palam
1087 1899 1240 1938 suum
1271 1884 1461 1954 dogma
1491 1883 1764 1947 defendat,
1789 1884 1881 1935 sed
1911 1897 2028 1951 qua:
2054 1895 2176 1950 per-

599 1974 776 2042 petuis
828 1974 1080 2027 damnata
1127 1975 1364 2029 susurris
1410 1974 1744 2029 clandestina
1792 1981 1992 2042 serpat.
2047 1971 2178 2041 Ejus

599 2077 732 2116 vero
758 2061 879 2116 talis
909 2061 1105 2116 dicitur
1133 2077 1254 2117 esse
1289 2078 1518 2118 sunnna.

669 2153 785 2222 ('"l
818 2154 1256 2231 Dipensationcm
1293 2155 1410 2208 Filii
1455 2154 1688 2226 Virginis
1737 2157 2054 2224 phantasma
2095 2156 2178 2210 fa-

602 2253 802 2301 ίθιὶιυΓ.

672 2335 941 2406 Baptisma
980 2338 1320 2406 parvulorum
1353 2355 1457 2393 non
1501 2339 1911 2411 intelligendum
1943 2339 2043 2395 sub
2080 2355 2176 2410 pa-

601 2425 757 2481 triuis
787 2427 1198 2499 quibuscuuque
1221 2432 1516 2485 adnullant.

670 2515 839 2570 Suum
875 2526 1053 2571 autem
1086 2520 1357 2588 appellant
1387 2519 1619 2575 \‘crbum
1654 2521 1765 2587 Dei,
1799 2520 1940 2591 quod
1968 2520 2028 2574 ftt
2068 2534 2178 2590 quo

598 2610 781 2687 nescio
809 2618 984 2664 rotatu
1016 2611 1173 2680 longo
1202 2625 1535 2667 sermonum.

668 2698 982 2769 Mysterium
1021 2703 1163 2770 quod
1193 2701 1251 2754 fit
1278 2701 1330 2754 in
1370 2702 1526 2754 altari
1567 2710 1752 2755 nostro
1784 2703 1856 2756 ita
1883 2703 2178 2757 exhorrent

598 2796 656 2841 ιιι
682 2801 776 2840 ora
811 2789 1154 2842 sacerdotum
1177 2789 1418 2841 omnium
1450 2805 1512 2842 os
1543 2789 1735 2844 inferni
1765 2791 2050 2860 appellent.

669 2878 735 2934 Et
765 2882 807 2936 si
845 2897 943 2950 pro
971 2879 1238 2936 velamine
1273 2894 1384 2936 suae
1423 2879 1692 2936 han'eseos
1724 2881 2008 2950 aliquoties
2036 2881 2176 2934 inter

599 2973 730 3030 alios
762 2983 944 3030 nostra
990 2983 1331 3028 sacramenta
1387 2975 1717 3043 suscipiant,
1765 2974 1846 3029 sic
1887 2987 1984 3044 pro
2031 2972 2173 3026 dicta

596 3065 815 3133 habent,
850 3075 907 3120 ut
935 3081 998 3121 ea
1025 3065 1112 3120 die
1144 3064 1215 3118 nil
1239 3063 1470 3134 amplius
1492 3066 1670 3119 edant.

668 3156 837 3211 Sacra
860 3155 1169 3212 ctemeteria
1199 3169 1229 3207 a
1256 3153 1460 3224 reliqua
1487 3164 1628 3208 terra
1645 3155 2042 3226 comparatione
2066 3171 2170 3209 non

597 3246 862 3306 dividunt.

665 3335 926 3406 Coniugia
957 3335 1240 3402 damnant,
1265 3343 1322 3390 et
1348 3337 1676 3393 fructificare
1704 3337 1956 3392 coitibus.

667 3425 734 3478 Et
756 3435 902 3481 certe
945 3442 1067 3481 eum
1097 3443 1195 3498 per
1231 3427 1482 3484 Latinum
1513 3430 1788 3499 conspersi
1821 3430 1928 3484 sint
1959 3429 2170 3496 orbem,

597 3516 782 3570 videas
805 3516 948 3571 viros
971 3517 1286 3573 tnulieribus
1317 3519 1628 3574 cohabitare
1658 3519 1776 3573 sine
1813 3517 2016 3581 mariti,
2039 3533 2172 3572 con-

591 3607 844 3678 jugisque
889 3609 1127 3675 nomine,
1158 3611 1232 3666 ita
1263 3621 1320 3666 ut
1359 3613 1446 3666 vir
1487 3627 1609 3666 eum
1656 3610 1884 3676 femina,
1931 3611 2172 3679 singulos

598 3711 725 3752 cum.
745 3697 954 3769 singula
991 3714 1096 3753 non
1127 3711 1398 3764 moretur,
1423 3701 1515 3755 sed
1552 3701 1654 3752 viri
1691 3715 1812 3754 cum
1839 3699 1990 3763 viris,
2021 3699 2173 3754 femi-

599 3800 680 3840 na:
706 3801 828 3841 cum
863 3787 1076 3842 feminis
1119 3789 1365 3843 cubitare
1400 3797 1711 3844 noscantur.
1743 3787 1875 3841 Nam
1908 3788 2006 3841 viri
2031 3787 2169 3856 apud

597 3889 691 3931 eos
717 3876 768 3930 in
795 3876 1048 3933 feminam
1078 3878 1230 3934 nefas
1254 3890 1356 3934 est.

666 3963 835 4026 Edula
863 3967 1103 4020 omnium
1127 3984 1246 4036 qua:
1267 3983 1329 4022 cx
1359 3969 1500 4024 coitu
1533 3979 1846 4034 nascuntur,
1867 3969 2168 4024 eliminant.

667 4054 1053 4110 Conventicula
1103 4056 1308 4112 faciunt
1337 4058 1390 4112 in
1423 4059 1680 4130 hypogeis
1729 4071 1820 4114 aut
1850 4044 2168 4128 pennalibus

599 4143 1011 4220 [penetralibus.
1041 4146 1116 4201 rel
1143 4146 1446 4219 penatibus]
1475 4148 1688 4211 abditis,
1717 4164 1878 4204 sexus
1906 4148 2063 4202 simul
2091 4148 2173 4202 in-

597 4232 880 4299 differens,
913 4235 1004 4305 qui
1047 4236 1285 4291 candelis
1327 4238 1574 4294 accensis
1597 4239 1810 4293 cuidam
1840 4236 2171 4293 mulierculae

569 4327 698 4381 ‘sub
727 4325 920 4381 obtutu
974 4327 1238 4394 omnimn,
1270 4329 1506 4392 retectis,
1556 4339 1616 4384 ut
1657 4329 1878 4395 dicitur,
1929 4329 2164 4395 natibus,

595 4417 974 4486 procumbenti
1016 4434 1108 4472 eas
1141 4434 1172 4473 a
1217 4429 1369 4490 tergo
1393 4419 1654 4487 offerunt;
1707 4421 1898 4492 hisque
1924 4435 2048 4476 mox
2075 4436 2169 4475 ex-

595 4507 809 4562 stinctis
847 4508 1014 4564 chaos
1051 4511 1406 4580 undecunque
1454 4513 1824 4578 conclamant,
1855 4522 2058 4568 etcum
2102 4527 2168 4567 ea

595 4607 716 4660 quae
743 4595 810 4651 ad
837 4610 1053 4650 manum
1085 4600 1290 4654 venerit
1321 4601 1492 4670 prima
1523 4603 1753 4672 quisque
1779 4603 1908 4657 coit.

667 4683 820 4749 Quod
868 4686 912 4738 si
955 4687 1084 4740 inibi
1137 4687 1334 4744 femina
1383 4692 1725 4760 gravidetur,
1756 4703 1914 4762 partu
1950 4693 2167 4749 demum

596 4774 720 4837 fuso
751 4773 806 4830 in
836 4773 1066 4843 idipsum
1102 4779 1330 4840 reditur.

668 4863 833 4935 520
869 4863 1011 4935 Ignis
1038 4866 1237 4922 multus
1274 4871 1618 4936 accenditur,
1645 4889 1675 4928 a
1723 4873 2168 4928 circumsedenti-

595 4955 698 5016 bus
724 4968 858 5024 puer
887 4954 955 5010 de
997 4969 1157 5008 manu
1191 4957 1242 5010 in
1274 4972 1490 5018 malum:
1521 4976 1619 5029 per
1665 4961 1907 5017 "autimas
1943 4963 2166 5032 jacitur,

596 5045 770 5104 donec
797 5043 1184 5116 exstinguitur.
1217 5048 1417 5104 Deinde
1463 5052 1516 5105 in
1547 5053 1757 5108 eineres
1782 5055 2074 5124 redigitur;
2101 5071 2168 5111 ex

596 5132 782 5190 cinere
811 5133 964 5201 panis
990 5132 1308 5199 coniicitur;
1343 5134 1538 5203 cuique
1560 5151 1686 5204 pars
1713 5153 1812 5207 pro
1840 5140 2167 5196 eucharistia

599 5223 881 5287 tribuitur,
921 5239 1028 5292 qua
1074 5233 1350 5298 assumpta
1389 5240 1660 5295 nunquam
1691 5242 1829 5300 pene
1861 5229 1930 5286 ab
1975 5229 2173 5290 haeresi

597 5313 714 5381 ipsa
745 5315 1100 5384 resipiseitur.

668 5406 770 5461 Isti
815 5410 1128 5466 Monichwis
1175 5429 1366 5482 parum
1416 5414 1713 5470 dissimiles.
1741 5445 1810 5458 --
1847 5415 1904 5472 Si
1959 5418 2168 5490 relegas

595 5497 833 5559 haereses
861 5501 928 5554 ab
952 5501 1254 5573 AuguStino
1296 5505 1558 5576 digestas,
1600 5507 1735 5562 nulli
1778 5511 1951 5580 magis
2001 5526 2164 5581 quam

597 5587 1018 5647 manichagorum
1066 5597 1304 5663 reperies
1329 5600 1640 5653 convenire.
1667 5600 1796 5668 Qua:
1825 5603 1952 5658 olim
1989 5612 2166 5672 coepta

596 5677 1016 5748 adoctioribus,
1049 5685 1320 5742 residuum
1369 5688 1588 5749 demisit
1632 5690 1701 5748 ad
1757 5694 2018 5764 rusticos,
2070 5694 2168 5764 qui.

2276 521 2420 577 solos
2443 522 2619 590 legere
2647 523 3069 591 amplectuntur.

2346 611 2426 663 Ad
2440 611 2702 679 judicium
2729 622 2984 665 vocantur
3004 609 3068 664 ab
3092 610 3331 678 episcopo
3357 607 3771 672 Suessionenu'ﬁo-

2275 714 2388 752 ram
2411 695 2658 752 Guiberto
2684 699 3092 769 interrogantur.
3109 700 3232 753 -Λ
3253 699 3592 770 dominoergo
3604 701 3770 759 Suesso-

2274 804 2391 842 rum
2424 789 2678 859 pontifice
2719 789 2838 844 viro
2875 789 3180 844 clarissimo
3216 789 3470 844 Lisiardo
3505 791 3680 859 praefati
3703 796 3772 851 dm

2275 879 2340 932 ad
2369 893 2594 932 examen
2623 887 2904 948 urgentur.
2944 879 3150 946 Quibus
3174 894 3298 933 eum
3330 879 3399 934 ab
3422 881 3650 951 episeopo
3673 886 3773 950 inge-

2273 976 2505 1034 reretur,
2528 970 2670 1038 quod
2711 977 3011 1023 conventus
3038 979 3234 1037 praeter
3263 969 3543 1023 ecclesiam
3581 970 3772 1039 facerent,

2272 1068 2327 1113 et
2359 1059 2596 1113 haeretici
2627 1059 2696 1113 ab
2733 1058 2982 1113 atlinihus
3031 1059 3376 1122 dicerentur;
3410 1061 3661 1128 respondit
3693 1064 3776 1115 Cle-

2272 1150 2509 1205 mentius
2541 1148 2722 1203 :Num
2769 1149 2995 1218 legistis,
3040 1149 3279 1216 domine,
3324 1149 3378 1202 in
3427 1149 3774 1220 Evangeliombi

2273 1243 2502 1296 dicitur:
2528 1261 2546 1292 ι
2575 1241 2725 1295 Beati
2750 1241 2945 1296 eritis?
2977 1260 2996 1293 ι
3023 1239 3175 1312 (Luc.
3203 1255 3280 1308 vr,
3299 1240 3404 1305 22;
3427 1241 3576 1294 loeti.
3595 1245 3776 1311 muli.)

2272 1331 2408 1386 Cum
2438 1339 2580 1385 esset
2627 1330 2774 1385 enim
2817 1330 3136 1395 illiteratus,
3168 1330 3315 1398 quod
3352 1347 3374 1379 ι
3409 1329 3558 1384 eritis
3589 1330 3780 1400 uiguit:-

2271 1428 2421 1475 carct
2453 1421 2738 1476 hmreticos
2761 1421 3086 1476 aestimabat.
3116 1419 3354 1473 Putabat
3381 1419 3537 1474 etiam
3567 1421 3681 1489 quod
3703 1423 3780 1475 ha-

2273 1514 2422 1568 retici
2464 1514 2796 1578 dicerentur,
2849 1511 3004 1582 quasi
3043 1510 3402 1574 hatreditarii,
3444 1509 3577 1563 haud
3622 1511 3779 1565 dubium

2271 1606 2398 1674 quin
2432 1605 2544 1660 Dei.
2593 1604 2726 1660 Cum
2765 1621 2894 1675 ergo
2921 1605 3326 1660 discuterentur
3374 1603 3499 1672 quid
3543 1603 3777 1666 crederent,

2273 1693 2736 1750 Christianissime
2781 1693 3204 1764 reSponderunt,
3243 1691 3609 1748 conventicula
3653 1701 3780 1745 tmen

2276 1801 2380 1839 non
2413 1793 2700 1856 negarunt.
2728 1785 2797 1839 At
2823 1785 2948 1855 quia
2981 1784 3166 1839 talium
3189 1791 3274 1840 est
3317 1798 3530 1854 negare,
3561 1791 3607 1837 et
3631 1797 3780 1852 semper

2277 1875 2527 1931 hebetum
2565 1876 2706 1931 clam
2745 1877 2905 1931 corda
2957 1881 3241 1942 seducere,
3272 1875 3476 1929 addicti
3512 1873 3780 1940 suntjndicio

2275 1967 2595 2021 cxorcizata:
2624 1982 2796 2036 aquae.
2826 1967 3069 2036 Cumque
3096 1966 3148 2018 in
3175 1965 3296 2034 ipso
3323 1974 3577 2034 apparatu
3607 1974 3780 2032 rogasset

2275 2073 2362 2114 me
2387 2058 2693 2129 cpiscopus,
2723 2067 2780 2112 ut
2807 2059 2874 2112 ab
2898 2058 2977 2114 eis
3006 2065 3218 2112 secreto
3239 2057 3375 2126 quid
3401 2056 3646 2110 sentirent
3669 2055 3780 2108 elice-

2275 2166 2410 2214 rem,
2439 2158 2493 2204 et
2522 2150 2603 2204 eis
2631 2150 2895 2219 baptisma
2944 2149 3232 2202 infantium
3283 2161 3644 2218 proponercm,
3679 2145 3782 2199 dixe-

2277 2251 2394 2294 runt
2435 2258 2447 2293 :
2483 2259 2500 2291 ι
2537 2239 2639 2306 Qui
2686 2239 2978 2293 crediderit
3008 2247 3064 2292 et
3099 2237 3412 2308 baptizatus
3457 2235 3623 2298 tuerit,
3654 2233 3781 2288 salua

2281 2349 2299 2382 ι
2346 2329 2450 2384 erit
2483 2328 2678 2399 (Marc.
2718 2345 2828 2396 im,
2853 2329 2930 2398 6).
2973 2347 2992 2380 ι
3024 2329 3272 2398 Cumque
3324 2330 3378 2382 in
3409 2329 3542 2382 bona
3583 2325 3777 2379 sententia

2277 2435 2528 2490 magnam
2572 2429 2833 2489 quantum
2881 2420 2947 2473 ad
2977 2420 3125 2488 ipsos
3163 2419 3516 2488 intelligerem
3561 2418 3698 2470 latere
3717 2431 3780 2467 ne-

2276 2513 2525 2580 quitiam,
2555 2511 2880 2581 interrogavi
2905 2511 3034 2580 quid
3067 2520 3326 2580 putarent
3347 2525 3508 2578 super
3527 2510 3600 2562 his
3621 2507 3692 2576 qui
3711 2505 3778 2558 sub

2275 2603 2502 2657 aliorum
2532 2601 2638 2656 title
2681 2603 3043 2672 haptizantur.
3085 2602 3150 2656 Et
3175 2601 3247 2656 iiii
3275 2616 3292 2655 :
3336 2601 3558 2670 Propter
3585 2601 3714 2653 Deum
3735 2611 3779 2648 no

2275 2708 2374 2747 nos
2398 2693 2535 2747 adeo
2564 2684 2828 2762 profunde
2851 2691 3083 2746 serutari
3117 2691 3316 2746 velitis.
3349 2691 3532 2745 Itidem
3553 2691 3611 2743 ad
3631 2687 3778 2756 singula

2275 2784 2507 2854 capitula
2530 2773 2817 2848 addentes,
2849 2797 2949 2838 nos
2981 2783 3161 2836 onmia
3187 2799 3313 2853 quae
3358 2782 3532 2836 dicitis
3561 2780 3778 2834 creditum.

2276 2875 2428 2930 Tunc
2461 2877 2753 2929 recordans
2787 2889 2972 2929 versus
2995 2873 3157 2942 illius,
3184 2875 3234 2928 in
3263 2891 3423 2944 quem
3446 2869 3779 2928 Priscillianisw

2275 2966 2401 3023 olim
2434 2975 2841 3034 consenserant,
2873 2948 3116 3022 scilicet;

2345 3057 2504 3126 Jm‘a,
2533 3058 2778 3128 perjura,
2805 3067 3059 3111 secretum
3098 3058 3322 3128 prodere
3354 3057 3462 3112 noli
3487 3075 3507 3114 :

2981 3148 3241 3219 (Aususr.
3274 3148 3354 3203 De
3379 3149 3556 3203 lateres.
3581 3161 3623 3200 c.
3641 3142 3726 3210 70.)

2273 3244 2383 3299 dixi
2425 3243 2494 3298 ad
2529 3241 2838 3313 episcopum
2887 3257 2902 3296 :
2952 3239 3218 3308 Quoniam
3291 3249 3460 3296 testes
3496 3237 3678 3298 absunt,
3714 3229 3774 3300 qui

2273 3351 2366 3392 eos
2405 3335 2532 3389 talia
2563 3334 2994 3404 degn'tatizantes
3023 3333 3349 3400 audierunt,
3380 3341 3550 3402 coepto
3573 3343 3651 3382 eos
3669 3324 3772 3378 addi-

2275 3427 2384 3480 cite
2401 3425 2640 3496 judicio;
2669 3435 2787 3479 erat
2809 3425 2956 3478 enim
2994 3433 3242 3478 matrona
3274 3423 3536 3493 quaedam,
3564 3432 3692 3490 quam
3713 3426 3776 3482 rt

2274 3533 2474 3571 annum
2523 3516 2856 3571 Cletnentius
2884 3517 3318 3570 dementaverat.
3353 3516 3478 3569 Erat
3501 3522 3552 3568 et
3586 3511 3772 3565 diaconos

2272 3607 2513 3676 quidam,
2569 3608 2659 3677 qui
2707 3622 2773 3662 ex
2821 3607 3027 3678 praefati
3059 3623 3156 3663 ore
3188 3605 3295 3660 alia
3334 3604 3557 3676 capitula
3604 3598 3770 3664 maligna

2272 3697 2538 3750 audierat.

2346 3785 2613 3840 Probatur
2637 3804 2818 3842 eorum
2857 3788 2988 3856 ﬁdes
3017 3804 3110 3856 per
3128 3797 3512 3841 sacramentum
3548 3792 3588 3835 et
3620 3791 3771 3847 aqum

2275 3875 2512 3947 Populus
2560 3878 2830 3932 Ita'relicos
2868 3879 2987 3947 igne
3027 3878 3274 3931 absumit.
3303 3908 3382 3918 --
3426 3875 3599 3928 Missas
3644 3870 3772 3932 itaque

2270 3968 2381 4037 egit
2406 3969 2710 4037 episcopus,
2739 3968 2806 4022 de
2841 3969 2997 4037 cujus
3038 3983 3202 4022 manu
3239 3967 3340 4023 sub
3381 3968 3463 4021 his
3490 3962 3645 4018 verbis
3663 3967 3768 4028 Sagra

2271 4067 2618 4126 sumpserunt
2657 4075 2670 4111 :
2713 4058 2925 4127 Corpus
2955 4069 3010 4114 et
3039 4058 3262 4128 sanguis
3307 4055 3516 4112 Domini
3543 4051 3686 4106 veniat
3708 4061 3768 4095 w-

2271 4146 2354 4202 bis
2378 4148 2444 4200 ad
2467 4147 2839 4215 probationem
2871 4147 3051 4202 hodie.
3074 4147 3195 4214 Quo
3217 4146 3390 4214 facto,
3419 4143 3657 4216 piissimus
3685 4134 3766 4201 epi-

2271 4251 2487 4306 scopus,
2518 4246 2572 4291 et
2621 4237 2816 4293 Petrus
2855 4239 3273 4293 archidiaconus
3303 4239 3392 4292 vir
3415 4237 3514 4290 fide
3558 4225 3768 4296 integerri'

2271 4341 2412 4390 mus,
2443 4327 2536 4396 qui
2564 4334 2624 4380 ut
2667 4341 2774 4381 non
2820 4325 3218 4395 subjicerentur
3255 4325 3482 4396 judicio,
3507 4331 3661 4376 eorum
3684 4326 3768 4381 im"

2207 4456 2248 4511 ο
2275 4419 2437 4474 missa
2472 4427 2775 4490 τοερυθνθίν
2797 4420 2862 4474 ad
2879 4434 3047 4488 aquas
3068 4420 3386 4488 procedunt.
3410 4417 3667 4511 Episcopus
3681 4414 3766 4457 cum

2278 4513 2464 4569 multis
2492 4513 2744 4584 lacrymis
2788 4512 3030 4568 litaniam
3083 4513 3391 4583 prarcinuit,
3446 4506 3616 4566 deinde
3655 4511 3766 4552 exor-

2273 4605 2502 4659 cismum
2535 4604 2682 4659 fecit.
2710 4605 2837 4660 Inde
2883 4614 3222 4660 sacramenta
3254 4605 3451 4660 dedere
3473 4614 3528 4655 se
3559 4600 3763 4660 nuntium

2272 4704 2460 4748 contra
2491 4693 2650 4749 fidem
2682 4705 2923 4748 nostram
2965 4693 3282 4759 credidisse,
3311 4705 3404 4748 aut
3434 4689 3662 4749 docuisse.
3683 4679 3763 4732 Cle-

2279 4786 2514 4841 mentius
2541 4787 2594 4840 in
2635 4786 2837 4840 dolium
2884 4785 3103 4852 missus,
3133 4801 3198 4839 ac
3239 4785 3286 4841 si
3315 4787 3466 4856 virga
3504 4775 3761 4850 supernatat.

2274 4876 2392 4943 Quo
2437 4877 2582 4941 viso,
2638 4875 2862 4931 infinitis
2908 4877 3119 4946 gaudiis
3164 4886 3270 4932 tota
3319 4877 3531 4932 eﬂertur
3575 4860 3757 4924 ecclesia.

2275 4965 2504 5019 Tantam
2532 4966 2677 5020 enim
2731 4981 2893 5022 sexus
2933 4966 3218 5036 utriusque
3273 4965 3605 5037 frequentiam
3632 4951 3760 5024 ορίιιῑο

2279 5056 2378 5110 ista
2407 5055 2751 5120 conflaverat,
2777 5065 3035 5126 quantam
3059 5057 3192 5112 inibi
3221 5072 3382 5113 nemo
3409 5049 3694 5127 praesentiunt
3718 5051 3756 5092 se

2270 5147 2472 5202 vidisse
2523 5149 2863 5203 meminerat.
2906 5147 3060 5205 Alter
3103 5148 3388 5204 confessus
3435 5155 3658 5203 errorem,
3693 5128 3756 5186 Sed

2272 5239 2638 5309 impaenitens,
2664 5255 2786 5294 cum
2827 5239 2996 5295 fratre
3016 5241 3266 5295 convicto
3292 5239 3346 5294 in
3385 5236 3575 5295 vincula
3591 5221 3753 5293 conjici-

2275 5340 2378 5386 tur.
2412 5332 2527 5386 Duo
2569 5331 2660 5385 alii
2690 5347 2722 5386 e
2757 5331 3090 5386 Durmantiis
3117 5331 3242 5386 villa
3275 5324 3604 5402 probatissimi
3631 5321 3752 5374 bere-

2273 5421 2364 5476 tici
2395 5420 2460 5474 ad
2490 5419 2856 5490 spectaculum
2883 5429 3161 5485 venerant,
3191 5421 3494 5490 pariterque
3519 5410 3627 5470 tenti
3647 5409 3749 5460 sunt.

2270 5511 2388 5580 (¹²¹)
2423 5509 2632 5565 Ῐηιετθίὶ
2675 5508 3016 5577 Perl‘exi-mus
3064 5509 3132 5563 ad
3173 5507 3492 5565 Belvacense
3516 5494 3749 5580 conciliant.

2269 5577 2566 5657 consulturi
2621 5602 2908 5670 episcopos
2933 5597 3063 5668 quid
3105 5597 3250 5654 facto
3285 5601 3586 5669 opus'esset.
3707 5577 3745 5628 θ’

2268 5695 2404 5750 detis
2449 5692 2668 5754 interim
2709 5691 2938 5766 populus
2981 5689 3288 5752 clericalcm
3332 5703 3511 5750 verens
3537 5677 3744 5740 mollitiem
