3982 6346
158 310 267 368 955

1154 306 1244 362 DE
1286 307 1441 362 Vl‘i‘A
1475 304 1606 362 SUA
1657 302 1835 358 LIllIil
1861 304 2061 361 TRES.
2087 336 2155 347 --
2189 304 2317 362 LIB.
2351 305 2437 363 III.

3320 318 3428 377 95‘

159 420 438 480 concurrit
470 420 536 476 ad
557 419 909 490 ergastulum,
938 420 1101 490 rapit,
1137 428 1187 474 et
1211 418 1454 488 subjecto
1483 418 1563 472 eis
1581 426 1737 470 extra
1766 425 1815 480 Λ
1842 418 2075 475 candum
2106 421 2297 475 oculus
2328 435 2357 472 a
2385 422 2583 487 fronte,
2608 423 2753 478 etab
2783 438 2886 479 ore
2927 419 3108 495 lingua
3152 432 3427 498 expromi-

160 517 355 571 urbem
388 514 510 583 igne
534 511 738 581 pariter
764 512 1153 566 concremavit.
1178 510 1419 576 Quorum
1449 524 1517 562 ne
1541 523 1744 577 propa-

159 616 387 676 garetur
410 604 684 669 carcinus,
711 603 916 674 justum
941 618 1066 675 erga
1097 618 1193 659 eos
1221 603 1397 657 zelum
1431 601 1621 656 habuit
1646 599 1741 653 Dei

159 697 409 768 populus.

729 785 957 842 CAPUT
999 785 1180 841 XVIII.

236 877 424 932 Puella
466 877 597 945 festo
642 876 726 929 die
765 875 822 930 S.
859 876 1064 930 Nicasii
1094 890 1243 931 suere
1288 891 1608 943 prwsuuteus
1656 876 1747 926 dat

158 984 361 1037 pientis.
392 966 530 1020 lluic
560 982 703 1035 opem
729 964 828 1033 [ert
857 965 924 1017 Β.
962 964 1138 1034 Virgo.
1157 965 1395 1033 ——Apud
1430 963 1747 1017 Noviomum

159 1060 394 1115 ecclesia
428 1067 511 1112 est
565 1055 921 1126 parochialis,
967 1055 1021 1109 in
1067 1055 1208 1110 beati
1259 1054 1496 1108 Ncbasii
1543 1054 1748 1107 honore

160 1153 233 1206 ab
259 1150 490 1204 Alduino
532 1147 652 1219 [al.,
687 1145 982 1215 Ilarduino]
1019 1147 1289 1214 quondam
1311 1145 1568 1213 episcopo
1598 1143 1749 1196 dedi-

160 1252 308 1297 cata.
335 1241 467 1311 Ipsa:
493 1243 656 1294 etiam
697 1238 815 1308 ejus
844 1238 1085 1306 reliquiae
1137 1238 1276 1291 istuc
1318 1251 1349 1288 a
1393 1234 1750 1289 Remensibus

162 1334 463 1403 deportata:
501 1330 809 1399 aliquandiu
862 1330 1207 1399 quieverunt,
1248 1343 1355 1381 non
1385 1327 1508 1380 dico
1536 1326 1588 1380 in
1612 1340 1750 1394 prae-

161 1424 312 1478 dicta
339 1422 590 1489 ecclesia,
647 1423 742 1476 sed
774 1424 825 1475 in
878 1422 1031 1475 urbe.
1075 1420 1215 1473 Ante
1268 1420 1372 1475 hoc
1415 1434 1547 1489 ergo
1578 1418 1749 1472 ferme

162 1515 616 1586 quinquennium,
665 1530 788 1568 cum
834 1513 1124 1567 imminens
1174 1512 1430 1582 martyris
1485 1509 1752 1564 festivitas

159 1606 311 1676 iussa
334 1616 477 1663 esset
504 1622 535 1660 a
559 1608 878 1676 presbytero
898 1605 1093 1681 debitis
1121 1604 1273 1659 feriis
1296 1603 1581 1669 honorari,
1603 1617 1751 1672 quae-

164 1700 290 1752 dam
318 1714 383 1753 ea
412 1698 499 1752 die
528 1696 853 1766 paupercula
875 1682 990 1750 scla
1012 1698 1213 1765 degens
1233 1696 1333 1750 sub
1351 1703 1526 1749 matre
1552 1692 1749 1762 puella,

1847 519 1963 577 tur;
1987 513 2174 581 sicque
2195 527 2260 569 eo
2289 514 2409 569 dam
2421 525 2571 581 nato,
2597 516 2757 571 vellet
2783 517 2970 584 nollet,
3003 520 3217 575 residua
3243 525 3425 592 prazda

1847 604 2143 658 reducitur.

1918 696 2070 751 Alter
2100 698 2338 768 contigui
2371 697 2515 753 fluvii
2564 713 2803 768 partem,
2857 702 2948 771 qui
2997 703 3189 773 Aquila
3229 720 3431 761 nuncu-

1847 794 2025 855 patur,
2079 788 2364 855 piscationi
2416 804 2526 843 sua:
2552 793 2829 847 ascribere
2877 794 3175 859 nitebatur,
3201 811 3320 865 qua!
3364 814 3427 851 ex

1847 877 2073 945 antiquo
2119 878 2331 946 praefati
2383 880 2483 933 loci
2527 879 2789 936 fratribus
2832 884 3146 939 debebatur.
3189 886 3433 955 Cumque

1847 966 2076 1021 fratrum
2125 969 2365 1037 piscator
2404 971 2471 1024 ab
2501 971 2591 1024 illa
2639 985 2795 1040 parte
2834 976 3075 1030 fluminis
3115 991 3214 1045 per
3256 980 3430 1046 ipsum

1848 1055 2076 1110 militem
2119 1058 2343 1112 omnino
2387 1059 2794 1114 absterreretur
2840 1071 2895 1114 et
2941 1078 3039 1130 pro
3065 1064 3168 1118 hoc
3194 1066 3431 1120 Ecclesia

1849 1146 2035 1200 multis
2074 1147 2290 1215 placitis
2326 1159 2645 1220 urgeretur,
2689 1166 2717 1205 a
2769 1153 2996 1205 Domina
3027 1160 3343 1225 przrpoteuti
3379 1159 3431 1211 in

1849 1237 2109 1292 membris
2137 1237 2411 1306 aliquibus
2461 1240 2776 1311 paralyseos
2810 1242 3116 1297 valetudine
3161 1261 3431 1316 conquas-

1848 1338 2022 1383 satur.
2059 1329 2166 1384 Sed
2199 1331 2303 1385 hoc
2330 1346 2452 1386 cum
2485 1332 2735 1397 fortuna,
2768 1349 2873 1389 non
2903 1336 3092 1390 ultioni
3121 1338 3316 1391 divina:
3345 1353 3433 1390 as-

1850 1421 2110 1483 criberet,
2150 1421 2440 1477 dormienti
2474 1423 2545 1476 illi
2572 1425 2817 1493 piissima
2845 1425 3009 1498 Virgo
3030 1428 3224 1491 astitit,
3251 1436 3304 1482 et
3332 1426 3433 1481 ali-

1848 1519 1981 1578 quot
2028 1510 2078 1565 ei
2110 1510 2294 1580 alapas
2346 1527 2451 1568 non
2495 1514 2615 1568 sine
2664 1517 2957 1572 severitate
2989 1518 3040 1572 in
3092 1518 3232 1572 faeie
3269 1517 3435 1572 dedit.

1851 1598 1952 1665 Qui
2003 1600 2200 1655 exinde
2253 1613 2627 1672 experrectus,
2675 1614 2729 1659 et
2772 1619 2838 1659 ex
2886 1608 3111 1661 verbere
3165 1608 3441 1661 sensatior

1856 1689 2053 1757 factus,
2106 1693 2250 1748 illico
2292 1695 2521 1764 nudipes
2575 1696 2643 1750 ad
2695 1714 2782 1751 me
2832 1699 2997 1760 venit,
3032 1699 3244 1752 veniam
3282 1699 3438 1769 petit,

163 1789 356 1845 Sueudi
398 1787 672 1858 quidpiam
719 1785 1059 1855 przesumpsit
1094 1785 1435 1855 opusculum.
1467 1783 1599 1850 Qua!
1627 1798 1749 1837 eum
1786 1773 1825 1831 Β
1856 1784 1985 1852 quid
2031 1785 2197 1858 beata
2256 1784 2424 1839 Maria
2483 1787 2854 1842 aniutositatis
2915 1790 3018 1843 sibi
3075 1789 3439 1854 intendisset,

165 1884 418 1939 manibus
441 1884 644 1939 suenda
670 1892 930 1951 coaptans
969 1883 1117 1937 ﬁlum
1167 1898 1264 1953 per
1284 1883 1544 1953 linguam,
1570 1890 1631 1936 ut
1656 1896 1748 1936 as-

163 1974 372 2037 solent,
404 1983 457 2026 et
496 1973 645 2028 labra
689 1972 1063 2041 protraheret,
1096 1972 1169 2025 fili
1201 1972 1404 2036 nodus,
1435 1972 1529 2041 qui
1569 1970 1680 2025 und
1705 1985 1752 2025 aa

163 2074 289 2119 erat
312 2064 606 2134 grossitiei,
635 2079 699 2118 ac
727 2064 771 2116 si
801 2062 849 2116 id
882 2072 1212 2131 praaacutum
1237 2062 1432 2131 lingua:
1452 2060 1750 2115 suunnitati

162 2157 306 2210 adeo
339 2154 625 2219 inseritur,
660 2163 719 2207 ut
762 2152 1069 2207 nullatenus
1114 2153 1311 2206 exinde
1343 2152 1507 2206 eximi
1545 2157 1747 2219 posset.

161 2243 303 2297 Nam
326 2245 372 2298 si
395 2245 464 2298 ab
492 2243 672 2313 aliquo
695 2254 998 2300 tentaretur
1022 2244 1199 2310 evelli,
1226 2244 1530 2298 immodicis
1554 2243 1750 2297 misera

164 2339 437 2407 angustiis
460 2348 771 2407 angeretur.
807 2337 941 2392 Cum
966 2336 1271 2407 frequentia
1317 2337 1482 2407 igitur
1507 2335 1751 2405 populari

163 2427 482 2482 calamitosa
525 2427 612 2481 illa
655 2428 723 2482 ad
767 2428 1132 2498 episcopalem
1192 2428 1501 2492 ecclesiam,
1537 2427 1755 2499 Reginae

167 2526 469 2586 martyrum
502 2517 925 2573 misericordiam
953 2526 1241 2586 precatura
1272 2532 1378 2572 non
1405 2516 1606 2580 verbis,
1629 2531 1753 2570 cum

165 2614 347 2659 matre
394 2608 756 2676 progreditur.
805 2609 974 2678 Loqui
1023 2610 1172 2664 enim
1212 2609 1303 2664 filo
1344 2609 1581 2679 linguam
1612 2617 1755 2662 tere-

166 2694 365 2748 brante
399 2710 466 2751 ac
512 2696 642 2751 inibi
667 2698 1004 2766 dependente
1025 2698 1115 2752 vix
1142 2707 1373 2768 poterat.
1404 2697 1545 2764 Quid
1567 2696 1755 2765 plura?

167 2781 355 2839 Turba
393 2786 611 2855 quidem
660 2788 804 2856 vulgi
838 2788 1143 2859 lacrymose
1168 2788 1508 2858 compatiens
1535 2786 1754 2842 domum

168 2875 358 2940 rediit,
387 2886 670 2947 postquam
693 2879 784 2933 diu
807 2878 1146 2934 laborantem
1172 2880 1464 2950 puellulam
1498 2879 1755 2933 multum-

166 2980 278 3034 que
333 2978 696 3036 spectaverat.
742 2969 836 3023 llla
882 2971 969 3026 die
1014 2971 1132 3040 ipso
1160 2988 1282 3027 cum
1310 2980 1470 3026 nocte
1509 2968 1755 3039 sequenti

166 3072 529 3126 perseverans
575 3062 628 3114 iu
673 3061 932 3129 petendo,
988 3062 1187 3117 comite
1242 3072 1417 3117 matre
1470 3060 1749 3115 remansit.

168 3146 443 3204 Postridie
486 3166 608 3205 cum
642 3152 924 3206 Dmuiuam
953 3152 1214 3207 caelorum
1242 3167 1308 3207 ac
1336 3164 1492 3207 terra:
1515 3166 1752 3221 praecur-

167 3238 488 3295 dialissimis
526 3241 777 3311 precibus
823 3242 1208 3313 pulsavissent,
1248 3252 1304 3297 et
1330 3243 1473 3298 sicut
1507 3240 1757 3296 Ansellus

166 3328 456 3399 presbyter
492 3331 738 3386 ecclesiae
800 3335 1031 3388 sacrista
1063 3333 1195 3387 mihi
1238 3332 1444 3397 retulit,
1497 3331 1754 3386 letaniam

166 3429 349 3474 matre
395 3424 821 3489 pmnuutiante,
873 3424 984 3479 ﬁlia
1032 3426 1542 3490 submurmuraute,
1593 3440 1660 3479 ac
1705 3424 1757 3478 si

169 3511 378 3565 scirent
405 3512 618 3569 litteras
649 3516 882 3570 mirabili
913 3517 1106 3572 ordine
1161 3517 1481 3583 lexuissent,
1530 3516 1637 3571 filia
1689 3526 1755 3570 ad

168 3600 365 3657 Matris
394 3603 629 3674 Virginis
648 3605 820 3660 altare
848 3608 1210 3677 progreditur,
1235 3607 1592 3676 flebiliterque
1611 3623 1752 3661 com-

169 3693 451 3763 plectitur,
478 3711 710 3765 moxque
752 3697 901 3751 filum
927 3698 1068 3751 inter
1095 3697 1281 3752 oscula
1305 3700 1498 3752 crebra
1524 3698 1757 3751 laxatur.

168 3784 257 3840 Ad
288 3787 557 3841 theatrum
609 3799 772 3843 tanta:
800 3790 989 3858 gratia:
1024 3790 1204 3845 clerus
1228 3804 1284 3845 et
1315 3790 1544 3861 populus
1570 3803 1758 3844 accer-

172 3874 265 3935 sit,
294 3874 517 3931 infinitis
545 3876 793 3932 laudibus
823 3893 945 3933 cum
976 3879 1086 3933 Deo
1117 3881 1279 3949 Virgo
1332 3880 1507 3934 Mater
1560 3879 1760 3933 attolli-

175 3974 288 4032 tur,
319 3966 475 4036 521
509 3985 629 4038 quae
671 3970 723 4023 iu
763 3985 828 4025 eo
850 3970 1109 4041 Reginam
1143 3982 1442 4043 martyrum
1482 3987 1540 4027 se
1562 3972 1761 4041 proba-

172 4058 274 4123 vit,
302 4062 444 4127 (μιυά
463 4061 808 4115 commissam
840 4062 891 4115 in
926 4073 1217 4133 martyrem
1238 4064 1450 4133 culpam
1471 4077 1570 4133 pro
1598 4078 1655 4117 se
1681 4063 1761 4116 sic

173 4150 291 4205 ulta
323 4160 424 4215 est,
454 4152 592 4206 sicut
618 4163 821 4207 motum
844 4155 1078 4225 denique
1105 4172 1261 4211 suum
1306 4157 1360 4210 in
1390 4155 1762 4212 satisfactione

175 4243 406 4313 placuit.
436 4244 543 4299 Nec
596 4260 786 4313 parum
816 4248 1072 4317 martyris
1110 4250 1368 4304 nobilitas
1418 4249 1638 4313 claruit,
1669 4248 1760 4316 qui

178 4332 234 4384 in
266 4346 334 4386 eo
378 4334 521 4401 quod
562 4334 942 4403 pauperculam
969 4337 1227 4392 humilem
1256 4338 1453 4407 puniit,
1501 4344 1761 4407 quantum

1855 1854 2088 1943 aperuit,
2120 1886 2380 1945 usurpata
2413 1877 2641 1930 remisit.
2692 1877 2805 1933 Hoc
2836 1894 3001 1933 unum
3047 1878 3209 1933 didici
3237 1919 3252 1942 ,
3297 1879 3443 1947 quod

1854 1980 2016 2023 nemo
2045 1966 2135 2021 isti
2164 1967 2422 2022 Ecclesia:
2458 1967 2706 2024 infensus
2730 1970 2942 2039 fuitqui
2977 1986 3083 2024 non
3122 1973 3187 2024 ad
3219 1971 3443 2025 evidens

1854 2058 2240 2113 detrimentum
2272 2061 2500 2124 venerit,
2532 2062 2578 2115 si
2608 2077 2960 2131 perseverare
2985 2063 3269 2133 delegerit.

1923 2146 2119 2201 Itidem
2143 2150 2460 2217 compendii.
2493 2179 2563 2190 —
2590 2152 2747 2221 Apud
2784 2150 3177 2222 Compendium
3218 2153 3441 2221 quidam

1852 2239 2178 2308 praepositus
2209 2240 2394 2310 regius
2424 2241 2816 2296 adversabatur
2841 2243 3087 2297 ecclesia:
3110 2242 3284 2297 beatae
3326 2242 3438 2296 Illa-

1854 2330 1969 2395 riac,
2002 2338 2057 2385 et
2094 2331 2376 2386 beatorum
2407 2332 2644 2387 Cornelii
2683 2343 2739 2387 et
2780 2333 3060 2405 Cypriani.
3107 2334 3277 2400 Quem
3320 2350 3442 2389 cum

1855 2418 1976 2475 foro
2012 2422 2190 2477 medio
2214 2422 2396 2477 clerici
2447 2426 2830 2488 convenirent,
2857 2434 2914 2479 et
2936 2440 3003 2479 ex
3035 2426 3254 2479 nomine
3283 2433 3447 2479 tanta:

1856 2512 2120 2576 Dominae,
2170 2522 2555 2583 tantorumque
2596 2526 2973 2583 patronorum,
3033 2533 3102 2571 ne
3143 2517 3194 2570 id
3242 2517 3449 2570 fureret

1856 2605 2274 2672 denuntiarent,
2326 2607 2417 2661 ille
2462 2608 2641 2662 sacris
2690 2609 2743 2662 in
2781 2609 2930 2663 nullo
2978 2609 3233 2664 deferens
3269 2612 3449 2663 nomi-

1856 2697 2039 2761 nibus,
2084 2697 2229 2752 fozde
2259 2699 2571 2768 rogantium
2615 2714 2712 2754 ora
2742 2702 3126 2770 exprobrando
3155 2700 3403 2755 confudit
3428 2717 3443 2765 ;

1857 2786 1950 2839 sed
1994 2787 2137 2841 inter
2184 2788 2297 2857 ipsa
2336 2790 2502 2844 verba
2531 2829 2547 2854 ,
2588 2806 2712 2844 cum
2773 2805 2914 2860 equo
2958 2792 3215 2846 insideret
3242 2831 3256 2855 ,
3304 2794 3448 2856 ruit,

1856 2885 1913 2928 et
1958 2877 2076 2947 (η’)
2130 2877 2541 2933 sordidissimas
2585 2880 2803 2945 bracas,
2861 2881 3061 2951 quibus
3106 2882 3446 2952 cingebatur,

1858 2972 2067 3025 ventris
2088 2972 2354 3040 profluvio
2386 2989 2510 3028 mox
2544 2976 2643 3029 sub
2673 2991 2734 3030 se
2764 2977 3025 3045 respexit.

1930 3059 1989 3115 S.
2021 3060 2053 3113 J
2063 3062 2162 3115 usti
2185 3063 2431 3131 reliquias
2460 3066 2753 3131 percutiens
2790 3066 3094 3120 mulctatur.
3119 3094 3194 3111 --
3213 3067 3275 3120 Et
3317 3066 3447 3136 quia

1859 3154 1927 3208 de
1968 3153 2280 3207 reverentia
2327 3155 2530 3208 sanctis
2571 3155 2878 3209 exhibenda
2930 3157 3112 3209 dicere
3154 3156 3440 3224 raepimus,

1862 3244 2218 3314 municipium
2260 3253 2342 3301 est
2375 3246 2428 3299 in
2472 3246 2662 3301 eodem
2694 3262 2834 3317 pago
2858 3247 3206 3302 Bclvaceusis
3236 3248 3451 3317 episco-

1859 3335 1955 3404 pii,
1988 3337 2131 3405 quod
2170 3336 2358 3391 Sancti
2397 3334 2535 3390 Justi
2566 3346 2810 3391 vocatur.
2849 3337 2905 3391 In
2933 3354 3063 3407 quo,
3096 3353 3221 3392 cum
3251 3339 3451 3393 seditio

1860 3436 2007 3480 mota
2061 3426 2293 3491 fuisset,
2340 3437 2394 3481 et
2445 3428 2654 3481 enormi
2709 3428 2995 3482 insolentia
3056 3429 3191 3484 viles
3244 3428 3447 3497 quique

1860 3519 2101 3574 clientuli
2166 3534 2289 3573 cum
2346 3519 2713 3589 burgensibus
2767 3521 3201 3582 baccharentur,
3263 3519 3448 3573 clerici

1862 3610 2038 3664 sancti
2065 3610 2218 3678 pueri
2270 3625 2334 3663 ac
2370 3610 2630 3679 martyris
2662 3609 2798 3664 Iusti
2858 3610 3118 3680 reliquias
3146 3611 3212 3664 ad
3257 3611 3453 3664 seden-

1864 3703 1990 3755 dum
2035 3702 2291 3770 populum
2356 3702 2408 3755 in
2466 3702 2646 3756 loculo
2697 3703 3031 3757 detulerunt.
3085 3703 3185 3757 Cui
3230 3702 3455 3771 quidam

1864 3792 2228 3859 Opportunior
2256 3790 2472 3844 caneris
2521 3806 2711 3846 revera
2744 3792 3022 3860 parasitus
3051 3803 3173 3845 cum
3214 3806 3272 3844 se
3308 3799 3459 3843 retuq

1864 3882 2022 3937 lisset
2048 3883 2288 3941 obvium.
2320 3883 2558 3952 gladium
2588 3884 2897 3938 irreverens
2924 3892 2981 3937 et
3008 3898 3240 3952 nequam
3268 3896 3459 3935 sacra.

1868 3974 2077 4029 tissimo
2122 3973 2301 4029 loculo
2357 3973 2560 4028 intulit.
2608 3974 2709 4041 Qui
2751 3974 2898 4029 dicto
2945 3974 3110 4029 citius
3149 3975 3202 4028 in
3242 3983 3451 4027 terram

1868 4081 2058 4129 ruens,
2109 4065 2300 4131 fetida,
2325 4072 2384 4118 ut
2411 4064 2499 4119 ille
2523 4066 2798 4134 superius,
2828 4066 2932 4119 alvi
2968 4065 3283 4119 manatione
3308 4078 3455 4117 com-

1867 4157 2096 4225 putruit.

1940 4242 2224 4315 Presbyter
2251 4261 2380 4313 pene
2412 4261 2607 4299 veneno
2658 4246 2945 4299 exstinctus
2978 4244 3046 4297 Β.
3080 4242 3321 4296 Marcelli
3349 4258 3459 4295 me-

1870 4337 1986 4389 ritis
2025 4337 2267 4403 sospitati
2317 4337 2571 4388 redditur.
2620 4365 2692 4375 —
2742 4335 2798 4387 In
2843 4336 3035 4389 eodem
3083 4332 3453 4386 Bellovacensi

177 4424 464 4492 superbos,
490 4426 581 4494 qui
613 4425 714 4479 sibi
743 4426 1123 4494 adversantur,
1159 4429 1477 4483 adversetur
1504 4428 1759 4482 innotuit.
1798 4468 1841 4523 Β
1872 4443 2008 4498 pago
2043 4429 2185 4495 apud
2243 4428 2537 4495 quamdam
2584 4426 2766 4480 villam
2797 4427 3017 4496 quidam
3050 4427 3334 4495 presbyter
3373 4441 3453 4479 re-

182 4513 299 4569 lloc
329 4514 381 4566 in
404 4515 590 4569 eadem
616 4532 722 4585 qua
753 4516 955 4573 factum
984 4530 1067 4572 est
1088 4519 1340 4584 ecclesia,
1375 4520 1504 4573 mihi
1543 4529 1598 4574 ct
1622 4519 1758 4573 rela-

181 4615 339 4670 tum,
383 4617 438 4661 et
484 4606 632 4661 filum
691 4609 842 4665 lllil'm
896 4611 1164 4679 grossitiei
1219 4627 1343 4667 cum
1397 4612 1540 4666 nodo
1590 4610 1767 4663 adhuc

180 4707 417 4753 cruento
472 4716 501 4753 a
575 4701 800 4769 praefato
850 4704 1168 4772 presbytero
1213 4715 1516 4759 ostensum.
1578 4701 1766 4756 Simile

180 4791 314 4860 quid
341 4791 503 4846 etiam
532 4793 585 4846 in
612 4793 699 4848 die
721 4794 1164 4850 Aummtiatiouis
1187 4797 1355 4849 beata:
1379 4795 1559 4849 Maria:
1582 4803 1765 4848 nostra

179 4891 349 4936 artate
393 4893 477 4937 est
523 4894 727 4949 actum,
760 4885 901 4953 quod
954 4902 985 4939 a
1034 4885 1278 4940 liatbodo
1320 4886 1470 4941 urbis
1513 4885 1768 4954 episcopo

182 4981 404 5028 constat
431 4975 712 5044 scriptum.

259 5064 457 5117 Milites
515 5066 604 5132 qui
653 5064 930 5135 Novigenti
970 5083 1050 5120 res
1092 5066 1412 5121 abstulerant
1467 5083 1501 5120 a
1543 5066 1769 5132 Deipara

185 5155 509 5225 plectuntur.
533 5186 606 5198 —
632 5157 688 5211 In
720 5159 821 5212 hac
849 5158 963 5225 ipsa
1016 5158 1323 5228 Novigenti,
1371 5159 1456 5212 cui
1497 5159 1607 5213 Deo
1636 5174 1767 5211 auc-

189 5258 310 5303 tore
343 5250 632 5314 servimus,
665 5250 928 5314 Ecclesia,
963 5250 1116 5305 miles
1153 5252 1374 5318 quidam
1403 5253 1647 5319 rapinam
1688 5249 1770 5304 fe-

189 5349 366 5405 cerat,
400 5340 630 5395 fratrum
654 5342 863 5397 scilicet
892 5343 1056 5395 boves
1085 5343 1401 5409 abduxerat,
1429 5342 1771 5397 Calviaeum-

190 5444 302 5498 que
328 5440 567 5486 castrum
598 5434 911 5496 deveniens,
941 5448 1105 5486 unum
1152 5434 1218 5487 de
1266 5434 1436 5488 bobus
1484 5434 1775 5487 comeden-

190 5524 323 5578 dum
371 5539 401 5577 a
442 5539 521 5588 se,
570 5534 629 5578 ut
677 5526 921 5595 putabat,
960 5525 1423 5593 complicibusque
1461 5526 1769 5579 decoxerat.

191 5616 275 5671 Ad
327 5618 559 5684 primum
589 5634 718 5689 ergo
746 5620 887 5689 quod
916 5620 982 5673 de
1013 5620 1268 5673 carnibus
1317 5620 1422 5673 illis
1456 5620 1536 5672 ori
1570 5619 1771 5686 intulit,

196 5707 381 5765 divina
411 5711 611 5767 virtute
640 5712 969 5781 percutitur,
997 5720 1051 5767 et
1081 5722 1308 5782 uterque
1340 5712 1389 5768 ei
1418 5713 1559 5769 inter
1587 5716 1774 5770 masti-

1868 4519 2027 4587 gebat
2054 4516 2377 4571 Ecclesiam.
2408 4515 2579 4581 Quem
2610 4516 2737 4569 dum
2768 4515 2987 4583 quidatn
3019 4514 3255 4567 rusticus
3288 4512 3457 4565 nimis

1868 4610 2229 4664 insectaretur
2282 4609 2444 4672 odio,
2513 4608 2650 4662 adeo
2702 4607 2930 4661 invaluit
2977 4617 3036 4659 ut
3086 4622 3208 4660 eum
3243 4606 3465 4667 tradere

1872 4702 2142 4756 niteretur
2197 4701 2387 4756 exitio.
2448 4701 2586 4767 Quia
2642 4715 2774 4770 ergo
2833 4698 3011 4768 palam
3070 4713 3175 4753 non
3223 4705 3467 4769 poterat,

1875 4796 2020 4849 hunc
2063 4794 2328 4849 veneficio
2380 4808 2735 4863 corrumpere
2786 4801 2962 4861 parat.
3014 4790 3279 4846 Bufouem
3325 4803 3466 4859 ergo.

1873 4903 1971 4956 per
2002 4888 2249 4941 membra
2278 4888 2568 4943 discissum
2595 4886 2649 4940 in
2692 4885 2914 4940 fictilem
2936 4884 3053 4953 ejus
3079 4882 3465 4953 ampullulam,

1872 4998 1978 5052 qua
2006 4984 2193 5035 vinum
2245 4983 2311 5036 ad
2344 4983 2541 5036 missas
2591 4994 2811 5035 servare
2843 4986 3228 5039 consueverat,
3277 4973 3457 5028 trusit.

1874 5073 2064 5128 Solent
2090 5081 2270 5125 autem
2297 5071 2602 5139 huiusmodi
2630 5078 2695 5127 ad
2729 5078 2779 5129 id
2824 5073 3006 5141 operis
3055 5083 3183 5121 vasa
3231 5065 3369 5129 fieri,
3404 5074 3465 5120 ut

1881 5174 2036 5218 arcto
2060 5172 2114 5216 et
2142 5164 2427 5231 productili
2453 5164 2610 5224 collo,
2636 5176 2827 5217 ventre
2853 5160 3175 5234 projectiora
3201 5157 3465 5215 existant.

1870 5255 1952 5309 Ad
1996 5255 2187 5308 missas
2237 5269 2370 5323 ergo
2421 5255 2709 5324 presbyter
2757 5253 3001 5313 veniens,
3056 5251 3179 5302 vino
3225 5246 3316 5299 illo
3347 5243 3462 5313 jam

1874 5344 2174 5398 veneficato
2233 5344 2488 5413 mysteria
2561 5359 2715 5397 sacra
2774 5343 2908 5412 egit.
2967 5341 3177 5406 Quibus
3231 5336 3466 5407 expletis

1878 5434 2156 5488 mortifera
2228 5436 2392 5502 erepit
2442 5434 2847 5488 exanimatione
2901 5433 3175 5497 deiicere,
3216 5427 3466 5483 fastidire

1877 5527 2058 5589 cibos,
2097 5540 2285 5578 mansa
2322 5524 2602 5594 bibitaqne
2636 5525 2862 5594 rejicere
2887 5564 2902 5589 ,
2937 5533 2991 5579 et
3020 5523 3243 5577 onmino
3286 5520 3469 5577 tabes-

1878 5614 2363 5683 cereuPostquam
2394 5626 2575 5668 autem
2616 5615 2707 5669 diu
2742 5615 2883 5669 lecto
2927 5614 3292 5676 decubuerat,
3342 5620 3468 5663 tan-

1881 5708 2004 5764 dem
2036 5706 2126 5763 vix
2156 5704 2455 5761 elaboravit
2483 5719 2797 5774 exsurgere,
2835 5704 3170 5777 veniensque
3198 5700 3267 5757 ad
3290 5697 3467 5757 cccle-
