4018 6324
575 280 682 339 955

1394 280 1456 337 v.
1496 284 1820 343 cotesnrt
1848 288 2141 345 ABBATIS
2163 288 2220 344 s.
2255 250 2495 349 nit-rtus
2533 294 2621 352 ne
2658 294 3052 357 NOVIGENTO
3674 322 3755 381 πθ

576 398 739 461 siam,
778 410 875 450 vas
894 394 1036 450 unde
1065 394 1239 449 morbi
1267 394 1532 463 originem
1554 411 1614 451 se
1638 400 1937 469 sumpsisse
1958 416 2159 471 cogno-
2185 405 2232 460 A
2260 410 2381 461 ture
2408 406 2607 465 adime.
2641 411 2807 478 Dixit,
2841 423 2897 467 et
2944 429 3013 471 an
3046 416 3218 473 oculis
3258 418 3371 488 ejus
3407 436 3464 479 se
3489 426 3757 493 subtrahens

571 498 763 554 verat,
810 489 1008 554 tenuit,
1041 488 1325 557 cultroque
1354 496 1550 544 tottum
1589 490 1846 548 obterens
1892 493 2156 562 quidquid

579 583 731 638 intro
761 581 970 636 latebat
991 580 1236 634 humoris
1260 595 1357 650 per
1383 582 1692 650 pavimenta
1729 584 1987 654 profudit.
2023 587 2157 639 Erat

576 684 759 730 autem
789 674 931 728 idem
961 673 1145 728 videre
1165 671 1277 740 jam
1306 689 1374 728 et
1405 679 1932 733 consecratione"...
1965 694 2149 734 semen

576 759 891 815 bufunculis
920 759 1193 813 uberrime
1222 760 1460 828 plenum.
1493 762 1774 833 Comperit
1810 765 1972 820 homo
2013 767 2157 835 quod

574 848 878 918 praecordia
926 864 1022 903 sua
1070 850 1341 904 mortibus
1388 861 1573 907 essent
1626 854 1837 908 addicta
1865 897 1881 922 ,
1935 865 1990 910 et
2028 857 2156 911 dum

573 940 1021 1009 desperatissime
1052 942 1396 1011 prastoiatur
1434 944 1771 1000 imminentia
1803 948 1933 1013 fata,
1961 950 2161 1019 accipit

576 1032 693 1087 haec
742 1047 772 1084 a
816 1034 1051 1101 quodam
1099 1034 1345 1088 consilia.
1398 1034 1456 1091 Si
1496 1037 1597 1100 vis,
1625 1037 1721 1100 ait,
1754 1040 2008 1107 pestifera
2037 1056 2157 1108 quae

573 1122 871 1190 concepisti
910 1137 1164 1192 egerere,
1203 1134 1298 1179 aut
1345 1124 1412 1179 de
1459 1127 1707 1195 sepulcro
1738 1128 1977 1184 Marcelli
2007 1130 2158 1184 Pari-

573 1213 780 1268 siorum
830 1214 1125 1284 pontiﬁcis,
1169 1225 1262 1270 aut
1292 1218 1358 1271 de
1399 1217 1557 1271 altari
1587 1218 1704 1287 ejus
1748 1221 2022 1289 pulverem
2058 1224 2151 1279 tibi

574 1303 757 1357 alferri
792 1320 975 1372 qurere
998 1346 1012 1370 ,
1064 1321 1225 1375 quem
1262 1307 1388 1360 dum
1420 1323 1542 1361 cum
1575 1324 1717 1378 aqua
1750 1312 2004 1369 hauseris
2030 1354 2046 1379 ,
2091 1316 2158 1370 de

580 1406 673 1451 tua
723 1399 969 1466 protinus
1029 1398 1344 1453 salubritate
1393 1401 1625 1456 conﬁde.
1684 1402 1838 1469 Quod
1896 1420 2018 1459 cum
2071 1407 2161 1463 ille

578 1487 759 1542 facere
802 1498 1167 1554 maturasset,
1211 1504 1399 1544 sacros
1428 1507 1549 1545 cum
1586 1493 1773 1549 multis
1803 1496 1869 1549 ad
1907 1506 2156 1552 sanctum

540 1578 869 1657 'aﬁ'ectibus
911 1583 1164 1650 pulveres
1216 1587 1416 1654 ebibit;
1479 1606 1581 1645 nec
1633 1607 1781 1647 mora
1832 1610 1953 1649 cum
2009 1597 2159 1651 omni

575 1668 954 1727 circumstanti
988 1672 1278 1730 virulentia
1312 1677 1643 1733 inﬁnitarum
1668 1682 1941 1751 reptilium
1971 1686 2160 1754 globos

2258 495 2312 550 in
2337 497 2504 552 multa
2537 502 2737 557 mentis
2764 503 3037 560 hominem
3069 511 3416 576 perversitate
3445 516 3651 588 reliquit.

2327 587 2409 642 Ad
2453 590 2748 660 hospitium
2792 595 2960 665 igitur
3006 607 3167 653 nocte
3200 587 3756 679 perveniens,idiabolo,

2256 693 2364 734 non
2397 691 2457 735 ut
2494 684 2736 751 putabat,
2770 687 3036 754 apostolo,
3071 690 3162 757 qui
3195 705 3254 745 se
3284 707 3552 751 monuerat
3589 702 3763 763 obedire

2257 781 2648 840 praeproperat.
2687 774 3100 834 Dormientihus
3132 780 3313 850 itaque
3342 787 3496 839 sociis
3527 796 3760 852 mentulam

2256 858 2359 914 sibi
2387 863 2563 930 primo
2590 864 2856 932 praecidit,
2883 867 3082 922 deinde
3118 870 3349 925 cultrum
3378 879 3566 943 gutturi
3592 880 3761 938 immer-

2257 950 2353 1020 git.
2410 951 2545 1006 Cum
2600 954 2892 1010 stridorem
2944 958 3248 1023 morientis,
3306 970 3358 1016 et
3407 967 3645 1034 crepitum
3674 987 3766 1026 san-

2258 1041 2438 1111 guinis
2478 1046 2884 1112 prorumpentis
2926 1048 3155 1103 comites
3185 1050 3573 1120 subaudissent,
3600 1060 3767 1114 exciun-

2259 1144 2351 1187 tur
2378 1149 2407 1188 a
2442 1150 2671 1201 somno,
2722 1147 2778 1193 et
2804 1179 2819 1203 ,
2861 1139 3065 1194 lumine
3094 1142 3359 1208 adhibito,
3393 1146 3512 1213 quid
3552 1150 3675 1204 circa
3700 1153 3783 1209 hoc.

2259 1225 2463 1280 minem
2496 1227 2698 1282 factum
2749 1230 2918 1285 fuerit
2942 1232 3152 1287 vident.
3183 1233 3411 1291 κων-ειη
3440 1237 3663 1308 denique,
3689 1254 3767 1299 tant

2259 1316 2505 1374 funestos
2538 1321 2741 1374 sodalis
2785 1324 2869 1377 sui
2902 1325 3081 1379 exitus
3121 1327 3481 1393 attendentes,
3520 1331 3600 1384 sed
3627 1336 3726 1402 quid
3750 1354 3770 1391 ε

2258 1411 2504 1468 daemone
2560 1415 2771 1469 consilii
2823 1416 3098 1485 acceperit
3149 1418 3472 1474 nescientes.
3519 1420 3636 1487 Quia
3676 1440 3771 1495 ergo

2259 1502 2445 1571 quaid
2480 1518 2645 1559 causa
2694 1506 2743 1560 ei
2792 1507 3111 1575 contigerit,
3159 1508 3495 1578 ignorarunt,
3542 1520 3691 1567 tamen
3719 1517 3770 1570 illi

2260 1608 2450 1647 curam
2481 1597 2869 1665 exsequiarum
2899 1614 3005 1652 non
3047 1610 3356 1671 negarunt;
3384 1602 3617 1672 quodque
3640 1606 3773 1660 taliter

2263 1695 2479 1740 mortuo
2533 1688 2831 1744 indebitutn
2887 1691 3088 1758 fuerat,
3146 1710 3245 1762 pro
3304 1696 3775 1765 comperegrino,ut

574 1761 798 1828 egessit,
847 1763 1162 1834 malumque
1193 1770 1507 1824 universum
1539 1773 1746 1828 reddita
1779 1778 2041 1845 sospitale
2075 1793 2160 1834 re-
2192 1749 2234 1808 Β
2265 1776 2570 1842 videbatur,
2607 1794 2705 1833 suo
2746 1781 3036 1835 missarum
3087 1784 3261 1837 ofﬁcia
3298 1785 3559 1840 celebrari
3604 1792 3772 1843 manda-

573 1852 760 1905 ccssit.
792 1852 903 1908 Nec
952 1858 1148 1911 mirum
1197 1861 1239 1914 si
1287 1861 1396 1916 Deo
1431 1878 1670 1931 praesens
1714 1852 1999 1923 Marcellus
2048 1872 2163 1927 hzec

573 1948 844 2013 peragat’,
887 1949 978 2016 qui
1010 1949 1079 2001 ab
1109 1966 1176 2004 eo
1201 1956 1449 2022 corporis
1482 1956 1775 2012 interstitio
1803 1961 2003 2017 absens
2031 1963 2159 2017 oiim

575 2048 683 2089 non
717 2036 932 2093 minora
965 2041 1020 2096 in
1050 2043 1216 2098 simili
1252 2060 1308 2099 re
1337 2057 1603 2116 patrarat.

1151 2217 1380 2273 CAPUT
1430 2220 1570 2275 XIX.

648 2322 879 2389 Quidum
928 2329 1181 2383 damonis
1227 2333 1474 2386 suasione
1518 2335 1617 2388 sibi
1652 2348 1869 2392 mortem
1892 2341 2160 2407 conscivit,

580 2416 674 2468 sed
724 2433 817 2485 per
860 2417 920 2472 S.
977 2418 1236 2473 Jacobum
1278 2423 1346 2474 ad
1393 2425 1549 2477 vitam
1599 2438 1891 2482 revocatur.
1928 2459 2003 2470 —
2035 2431 2164 2497 Qua:

576 2505 822 2559 dicturus
863 2521 981 2561 sum
1029 2511 1230 2563 nostris
1260 2512 1498 2566 inaudita
1530 2517 1865 2583 temporibus
1900 2519 2162 2575 relatione

576 2591 857 2659 cujusdam
893 2597 1126 2665 religiosi
1158 2615 1223 2653 ac
1249 2615 1374 2673 vere
1402 2604 1620 2657 humilis
1662 2608 1910 2659 monachi
1952 2609 2159 2676 accepi.

578 2685 682 2750 Qui
716 2687 935 2755 quidem
972 2686 1238 2745 Jotl‘redus
1287 2703 1529 2748 vocatur.
1581 2695 1929 2753 Sanmrensis
1988 2716 2164 2769 quon-

581 2777 706 2830 dam
763 2781 929 2833 castri
987 2791 1043 2835 et
1101 2783 1334 2837 aliormn
1389 2797 1692 2842 castrormu
1750 2790 1803 2844 in
1854 2791 2163 2862 Burgundia

580 2867 836 2924 dominus
893 2869 1017 2935 fuit,
1062 2872 1221 2943 cujus
1263 2875 1371 2929 vita
1417 2877 1542 2945 quia
1584 2892 1714 2931 vero
1748 2880 1908 2949 522
1938 2891 2166 2952 cognata

577 2957 936 3028 dignoscitur,
979 2964 1142 3018 verba
1187 2980 1422 3020 sua......
1458 2966 1548 3037 ΗΖ,
1580 2983 1675 3037 per
1719 2973 1801 3040 sel
1840 2972 2165 3027 conferenda

579 3058 859 3117 putamus.
891 3050 1105 3107 Relatio
1131 3063 1313 3108 autem
1341 3056 1421 3109 sic
1454 3072 1513 3111 se
1546 3057 1728 3112 habet.
1760 3058 1983 3114 Juveuis
2015 3062 2165 3129 quis-

579 3138 723 3207 piam
775 3141 827 3195 in
882 3144 1258 3211 superioribus
1308 3155 1575 3202 terrarmn
1632 3149 1733 3204 sibi
1789 3152 2164 3222 contiguarum

579 3230 828 3299 partibus
866 3231 1070 3299 fuerat,
1107 3236 1201 3304 qui
1252 3234 1470 3292 femina:
1524 3239 1740 3294 cuidam
1796 3257 1902 3297 non
1954 3244 2164 3307 uxorio,

580 3322 636 3377 id
681 3334 765 3379 est
814 3328 1016 3392 debito,
1051 3331 1147 3384 sed
1194 3332 1468 3397 usurario,
1499 3342 1559 3387 ut
1593 3334 1891 3389 secundum
1920 3334 2166 3391 Solimi...

581 3414 795 3485 loquar,
829 3419 882 3474 id
911 3430 1016 3487 est,
1066 3423 1310 3479 indebita
1360 3440 1547 3480 amore
1585 3427 1906 3481 cohaeserat.
1962 3427 2011 3481 ls
2067 3428 2168 3481 ali-

579 3510 798 3576 quando
826 3511 1226 3584 aliquantisper
1256 3517 1581 3587 resipiscens
1624 3520 1689 3572 ad
1719 3518 1982 3573 Sanctum
2009 3520 2170 3575 Jaco-

578 3597 707 3651 bmn
734 3598 997 3654 Galiciam
1028 3604 1295 3658 orationis
1321 3607 1496 3677 gratia
1532 3609 1826 3662 meditatur
1854 3610 2028 3665 abire.
2059 3610 2166 3665 Sed

580 3688 637 3742 in
660 3688 772 3758 ipsa
802 3690 903 3759 pice
932 3692 1254 3749 intentionis
1284 3712 1460 3751 massa
1494 3699 1752 3766 quiddam
1790 3700 2042 3756 ferntenti
2088 3704 2171 3758 in-

582 3784 816 3849 seritur;
855 3801 978 3839 nam
1007 3786 1283 3858 cingulum
1318 3789 1561 3844 mulieris
1598 3806 1780 3845 srcum
1816 3792 1867 3846 iu
1899 3794 1983 3846 illa
2014 3809 2169 3862 prce-

584 3873 893 3943 grinatione
959 3887 1286 3946 asportans,
1346 3893 1412 3933 eo
1464 3896 1561 3949 pro
1619 3881 1737 3948 ejus
1793 3884 2171 3937 recordatione

585 3964 850 4028 abutitur,
883 3977 941 4019 et
982 3978 1127 4022 recta
1167 3968 1283 4037 ejus
1318 3970 1521 4024 oblatio
1557 3987 1663 4024 non
1706 3969 1818 4039 jam
1865 3983 2009 4027 recte
2035 3973 2088 4026 di
2130 3973 2173 4025 i-

587 4056 756 4110 ditttr.
797 4057 943 4113 Inter
987 4061 1222 4115 eundum
1269 4076 1399 4132 ergo
1442 4063 1689 4117 diabolus
1718 4064 2057 4117 occasionem
2092 4064 2173 4116 in-

586 4151 843 4205 cursandi
904 4153 1176 4206 hominem
1234 4165 1455 4217 nactus,
1510 4164 1728 4224 apparet
1784 4157 1831 4208 ci
1889 4156 1941 4208 in
1990 4157 2172 4224 specie

583 4238 791 4305 Jacobi,
824 4228 879 4297 et
909 4245 986 4296 ait
1028 4260 1041 4296 :
1094 4243 1211 4310 Quo
1242 4247 1462 4299 tcntlis?
1504 4246 1584 4299 Ad
1643 4246 1925 4311 Sanctum,
1974 4246 2171 4315 inquit,

584 4333 869 4389 Jacobum.
908 4334 1023 4391 Non
1062 4336 1217 4402 bene,
1264 4338 1361 4403 ait,
1414 4339 1584 4391 vadis.
1628 4339 1738 4407 Ego
1777 4353 1895 4391 sum
1936 4337 2174 4393 Jacohus

2264 1876 2411 1921 runt.
2444 1866 2651 1933 Quibus
2696 1871 2763 1923 ad
2810 1873 2977 1925 Deum
3018 1873 3252 1927 ﬁdeliter
3300 1875 3453 1940 fusis,
3489 1877 3663 1946 placuit
3700 1882 3775 1937 [tuo

2263 1967 2322 2011 ut
2354 1961 2616 2015 resarcito
2648 1961 2867 2016 vulnere
2896 1965 3129 2033 gutturis
3156 2006 3169 2029 ,
3203 1967 3375 2020 vitam
3417 1982 3513 2036 per
3540 1973 3775 2038 apostolum

2264 2065 2420 2103 suum
2466 2062 2749 2120 repararet
2785 2055 3076 2109 exstincto.
3112 2056 3425 2127 Exsurgens
3461 2060 3609 2128 igitur
3642 2063 3778 2127 homo,

2264 2149 2320 2194 et
2349 2142 2562 2196 cunctis
2598 2158 2762 2212 supra
2805 2160 2969 2213 quam
3013 2145 3121 2201 dici
3169 2157 3350 2218 potest
3396 2152 3666 2205 redivivum
3697 2165 3779 2207 stu-

2264 2232 2520 2301 pentibus
2549 2232 2650 2286 fari
2685 2235 2896 2304 incipit.
2939 2236 3366 2294 Sciscitantibus
3401 2239 3575 2308 itaque
3609 2244 3681 2311 qui
3715 2245 3779 2298 atl-

2264 2330 2421 2375 erant
2470 2322 2600 2391 qttid
2632 2323 2799 2377 animi
2846 2326 2899 2378 in
2948 2340 3009 2380 se
3045 2327 3431 2384 interﬁciendo
3486 2330 3782 2393 habuerintle

2263 2410 2532 2466 diabolica
2580 2414 2682 2467 sub
2712 2415 2942 2483 apostoli
2975 2417 3196 2471 nomine
3245 2421 3580 2489 apparitione
3617 2422 3782 2476 fatetur.

2264 2499 2559 2570 lnquisitus
2607 2505 2749 2572 quod
2791 2503 3056 2571 judicium
3085 2518 3208 2575 post
3261 2512 3350 2562 sui
3398 2510 3709 2565 homicidium
3748 2514 3782 2565 in

2265 2593 2457 2662 spiritu
2488 2609 2718 2650 censura
2769 2598 3021 2662 subierit,
3072 2599 3147 2653 ait
3194 2619 3206 2652 :
3252 2602 3398 2655 Ante
3450 2603 3538 2656 Dei
3592 2604 3785 2658 thronum

2266 2683 2368 2737 sub
2393 2684 2679 2751 praesentia
2703 2688 3010 2741 communis
3039 2688 3272 2744 dominre
3302 2691 3398 2744 Dei
3445 2694 3690 2757 genitricis
3713 2696 3786 2746 vir-

2266 2774 2408 2848 ginis
2437 2775 2641 2840 Mariae,
2673 2778 2764 2831 ubi
2794 2787 2848 2832 et
2871 2789 3131 2847 patronus
3155 2797 3310 2837 meus
3337 2785 3603 2852 apostolus
3622 2796 3788 2840 sanctus

2265 2864 2501 2921 Jacobtts
2523 2868 2733 2933 aderat,
2764 2869 2976 2925 delatus
3024 2887 3164 2926 sum.
3210 2874 3325 2927 Illic
3364 2892 3487 2928 cum
3516 2876 3633 2946 quid
3656 2877 3709 2931 de
3731 2892 3789 2929 me

2269 2956 2429 3011 ﬁeret
2462 2973 2646 3013 coram
2678 2959 2789 3014 Deo
2840 2970 3167 3017 tractaretur
3189 3004 3206 3029 ,
3254 2974 3311 3019 et
3357 2965 3543 3021 beatus
3578 2968 3789 3037 apostolus

2271 3061 2482 3102 memor
2512 3048 2829 3105 intentionis
2859 3066 3015 3118 meae,
3050 3053 3173 3107 licet
3202 3057 3548 3123 peccatricis,
3575 3068 3617 3110 et
3660 3058 3791 3110 adhuc

2270 3145 2557 3205 corruptae,
2624 3154 2723 3208 pro
2777 3155 2861 3194 me
2909 3139 3256 3197 Benedictam
3315 3145 3466 3198 illam
3522 3154 3791 3215 precaretur,

2271 3227 2388 3296 ipsa
2417 3241 2481 3281 ex
2506 3243 2605 3283 ore
2648 3229 2967 3285 dulcissimo
3000 3236 3330 3288 sententiam
3371 3237 3605 3305 protulit,
3638 3237 3792 3292 homini

2271 3322 2475 3375 misero
2503 3320 2889 3391 indulgendum
2939 3323 3077 3389 fore,
3106 3336 3269 3395 quem
3310 3324 3614 3398 malignitas
3643 3328 3793 3382 diaboli

2269 3414 2371 3468 sub
2401 3424 2587 3469 sancta
2624 3415 2806 3483 specie
2834 3415 2914 3469 sic
2949 3417 3181 3485 contigit
3223 3419 3525 3473 corruisse.
3551 3418 3633 3473 Sic
3665 3432 3731 3471 me
3757 3418 3794 3470 in

2271 3508 2528 3562 saeculum
2562 3509 2677 3563 haec
2704 3508 2792 3579 [f.,
2830 3508 2952 3581 hoc]
2985 3512 3170 3565 evenit
3195 3512 3262 3566 ad
3300 3514 3411 3567 mei
3442 3514 3796 3575 correctionem,

2272 3609 2328 3653 et
2381 3598 2576 3654 hormn
2624 3601 3095 3657 denuntiationem
3122 3646 3136 3669 ,
3191 3605 3298 3659 Deo
3343 3605 3565 3674 jubente
3607 3606 3798 3659 rediisse.

2275 3688 2472 3744 Senior
2504 3706 2658 3759 ergo,
2700 3692 2792 3761 qui
2838 3695 2953 3747 haec
2986 3695 3117 3749 mihi
3150 3696 3360 3758 retulit,
3399 3698 3469 3751 ab
3495 3712 3558 3751 eo
3593 3698 3670 3767 qui
3692 3699 3799 3749 redi-

2275 3781 2456 3835 vivmn
2484 3783 2698 3836 viderat
2740 3798 2799 3837 se
2844 3785 3062 3839 audisse
3089 3790 3360 3840 narravit.
3408 3789 3540 3842 Nam
3582 3786 3803 3841 ferebatur

2272 3872 2439 3926 etiam
2462 3874 2605 3942 quod
2631 3874 2856 3928 cicatrix
2884 3877 3107 3930 evidens
3135 3887 3187 3931 et
3226 3878 3464 3949 insignis
3495 3880 3565 3933 illi
3598 3878 3804 3931 remansit

2277 3962 2330 4015 in
2363 3971 2581 4031 gutture
2600 4002 2616 4029 ,
2657 3980 2778 4033 qua:
2806 3964 3127 4018 miraculum
3155 3967 3560 4031 circumferret,
3585 3975 3635 4021 et
3658 3966 3806 4020 abrasa

2279 4056 2483 4125 tentigo
2513 4057 2874 4125 pertulusnm,
2914 4067 2974 4112 ttt
3009 4059 3089 4113 sic
3133 4059 3337 4127 dicam,
3379 4061 3447 4114 ad
3497 4061 3669 4115 urinas
3709 4057 3809 4111 resi-

2276 4148 2441 4201 duum
2473 4148 2768 4202 habuisset.

2351 4237 2638 4291 Monachus
2659 4239 2798 4307 quod
2826 4240 3203 4293 monasterium
3234 4251 3510 4305 mutasset,
3543 4242 3669 4294 obita
3687 4246 3811 4291 morte

2275 4328 2346 4380 ad
2395 4329 2642 4382 thronum
2672 4329 2767 4383 Dei
2809 4330 3113 4394 adducitur,
3160 4332 3486 4402 jubcturque
3519 4332 3584 4384 nd
3611 4330 3811 4384 sa'culum

588 4424 657 4477 ad
706 4440 866 4493 quem
901 4440 1186 4495 properas,
1216 4429 1309 4482 sed
1346 4444 1458 4482 rem
1507 4444 1640 4483 mea:
1675 4404 1934 4498 dignitati
1992 4438 2167 4483 tecum

2280 4426 2450 4479 redire
2478 4427 2694 4495 agenda
2721 4444 2881 4480 causa
2906 4429 3239 4495 paenitentia'.
3268 4458 3338 4468 —
3367 4428 3611 4483 Celebris
3631 4404 3813 4493 quoque

587 4516 1019 4588 indignissimam
1050 4527 1257 4587 portas.
1286 4519 1420 4574 Cum
1448 4521 1592 4574 enim
1628 4521 1681 4573 in
1726 4522 1893 4575 totius
1937 4521 2176 4576 fornica-

588 4606 755 4661 tionis
783 4607 1069 4661 volntabro
1117 4609 1383 4663 hactenus
1416 4608 1674 4677 jacueris,
1704 4612 1865 4664 modo
1906 4611 2175 4679 paenitens

590 4696 674 4750 vis
717 4697 912 4763 videri,
940 4709 994 4753 et
1020 4701 1178 4767 quasi
1224 4700 1459 4768 aliquem
1493 4701 1616 4754 boni
1649 4702 1788 4755 initii
1835 4704 2177 4770 pra-tendens

591 4785 851 4853 fructum,
877 4790 941 4841 ad
966 4806 1140 4844 meam
1175 4799 1225 4844 te
1251 4793 1471 4845 tendere
1510 4793 1852 4861 pnesentiam
1881 4794 2175 4861 proliteris,

591 4893 715 4932 cum
770 4879 946 4932 adlmc
991 4880 1135 4935 illius
1182 4883 1430 4937 obscena:
1469 4884 1802 4940 muliercula:
1849 4895 1952 4939 tua:
1999 4887 2177 4940 balteo

594 4970 922 5038 accingaris.
978 4970 1208 5026 Erubuit
1254 4974 1412 5029 homo
1464 4976 1529 5029 ad
1564 4976 1799 5044 objecta,
1851 4985 1900 5029 et
1950 4979 2179 5030 credens

595 5075 785 5113 revera
818 5061 1146 5129 apostolum,
1195 5064 1376 5117 infert.
1431 5066 1581 5129 Scio,
1619 5068 1857 5127 domine,
1904 5067 2176 5134 quondam

596 5167 684 5205 tne
738 5160 793 5206 et
837 5168 980 5207 nunc
1033 5154 1196 5208 etiam
1246 5153 1670 5223 ﬁagitiosissime
1721 5169 2026 5225 operatum,
2072 5158 2182 5223 dic,

595 5263 805 5319 quaeso,
836 5250 963 5318 quid
993 5250 1060 5305 ad
1091 5260 1238 5304 tuam
1267 5250 1611 5305 clementiam
1650 5252 2016 5320 proﬁciscenti
2047 5266 2181 5305 cou-

596 5340 702 5394 silii
736 5342 912 5395 dabis.
944 5342 1001 5396 Si
1055 5344 1154 5407 vis,
1196 5344 1295 5407 ait,
1329 5343 1521 5411 dignos
1564 5358 1664 5412 pro
1705 5344 2030 5412 perpetratis
2064 5351 2180 5395 tur-

597 5431 932 5499 pitudinibus
974 5431 1184 5490 fructus
1225 5433 1583 5502 posuitudinis
1622 5432 1838 5499 facere,
1876 5434 2181 5487 membrum

598 5514 729 5577 illud
767 5525 909 5578 unde
950 5524 1212 5593 peccasti,
1247 5534 1518 5579 veretrum
1551 5524 1797 5590 scilicet,
1844 5539 1942 5593 pro
1973 5538 2090 5579 mea
2129 5530 2186 5576 et

605 5614 697 5669 Dei
745 5613 1008 5670 ﬁdelitate
1044 5616 1139 5670 tibi
1183 5617 1435 5671 abscinde
1462 5657 1476 5681 ,
1529 5627 1585 5671 et
1615 5617 1961 5685 postmodum
2011 5616 2182 5685 ipsam

602 5708 789 5774 vitam,
820 5725 985 5779 quant
1018 5708 1158 5763 ntalc
1186 5709 1407 5773 tinxisti,
1442 5707 1536 5763 tibi
1584 5708 1787 5779 pariter
1808 5710 2033 5764 desecto
2062 5712 2183 5778 gut-

2282 4520 2474 4573 relatio
2499 4530 2603 4583 est,
2636 4520 2729 4573 sed
2762 4521 2947 4574 nescio
2978 4530 3157 4572 utrum
3199 4520 3422 4590 syllabis
3464 4520 3661 4590 uspiam
3701 4528 3812 4567 (⁸0111-

2280 4611 2555 4676 mendata,
2606 4611 2748 4680 quod
2790 4611 3010 4680 quidam
3056 4611 3169 4680 (m)
3217 4612 3283 4665 ad
3333 4621 3538 4665 sancta:
3578 4621 3818 4664 conversa-

2281 4702 2445 4756 tionis
2492 4701 2738 4756 habitmn
2781 4716 2848 4754 ex
2889 4700 3048 4766 laico,
3092 4701 3196 4755 nisi
3248 4701 3427 4765 fallor,
3466 4712 3757 4759 conversus,
3779 4696 3815 4745 in

2282 4794 2469 4862 aliqtto
2503 4791 2840 4845 monasterio
2876 4800 3206 4855 accesserat,
3241 4792 3692 4861 prolessionisque
3719 4783 3816 4839 inibi

2279 4894 2339 4935 se
2390 4887 2741 4933 sacramento
2782 4877 3119 4930 devinxerat.
3156 4877 3259 4943 Qui
3310 4877 3577 4930 minorem
3630 4874 3727 4927 illic
3757 4882 3818 4922 re-

2280 4971 2417 5040 gulae
2462 4968 2906 5031 observantiam,
2961 4982 3124 5035 quam
3180 4967 3435 5032 volebat,
3498 4965 3817 5020 considerans.

2279 5071 2469 5115 exacta
2500 5059 2569 5113 ab
2611 5058 2805 5112 abbate
2857 5058 3072 5111 licentia
3117 5061 3169 5111 in
3200 5059 3342 5112 aliud
3371 5059 3531 5127 quasi
3568 5051 3820 5123 religiosius

2281 5169 2339 5207 se
2379 5149 2653 5214 contulit,
2688 5147 2869 5217 ibique
2915 5147 3201 5202 devotione
3252 5145 3650 5217 quamplurima
3698 5140 3818 5193 vixit.
3870 5192 3873 5195 ν

2282 5244 2383 5309 Qui
2412 5249 2538 5312 post
2576 5247 2791 5307 tempus
2819 5238 3037 5306 aliquod
3073 5239 3124 5290 in
3151 5238 3523 5292 valemdinent
3564 5232 3752 5296 incidit,
3773 5241 3822 5280 ει

2285 5334 2595 5389 valetudine
2629 5328 2784 5386 obiit.
2839 5329 2945 5394 Qui
2989 5346 3015 5380 a
3064 5330 3427 5398 prmsentihus
3470 5324 3725 5381 excedens
3761 5318 3823 5371 di-

2281 5442 2564 5482 versarum
2627 5428 2962 5495 potestatum
3020 5424 3429 5477 altercationem
3481 5433 3605 5472 nios
3650 5412 3822 5468 incidit.

2283 5518 2421 5576 Nam
2451 5517 2750 5573 contrariis
2782 5516 3078 5571 virtutibus
3105 5516 3295 5585 prima:
3338 5508 3694 5583 professionis
3720 5505 3826 5559 irru-

2284 5610 2526 5681 ptionem
2576 5608 2964 5675 causantibus,
3019 5607 3154 5662 lucis
3205 5606 3492 5676 spirituum
3549 5601 3701 5661 ratio,
3736 5604 3826 5662 qua!

2292 5719 2457 5776 super
2481 5702 2638 5760 bona:
2661 5700 2897 5760 actionis
2932 5701 3047 5768 eius
3088 5699 3469 5757 testiﬁcatione
3518 5693 3825 5751 innitebatur.
