4018 6324
553 322 660 379 939

1046 319 1105 375 V.
1144 320 1464 377 GUIBERTI
1506 320 1656 375 ABB.
1691 320 1749 376 S.
1791 319 2030 376 ΜΑΠΙᾹΞ
2070 319 2159 374 DE
2191 316 2415 375 NOVIO.
2459 323 2546 379 DE
2583 324 2741 382 VITA
2785 327 2908 386 SUA
2957 329 3084 385 LIB.
3124 331 3323 389 TRES.
3706 334 3786 394 960

556 436 681 489 dam
719 441 776 488 et
808 448 949 488 nunc
1000 446 1215 500 quoque
1240 430 1580 499 prodigiosos
1617 431 1824 485 existit.
1856 430 2035 486 Taceo
2068 430 2137 485 de
2166 432 2212 491 Α
2243 429 2360 484 sine
2391 431 2575 489 dolore
2608 435 2841 492 delituit.
2888 438 3054 506 Cujus
3088 442 3164 496 rei
3194 457 3358 497 causa
3389 420 3674 512 quotannis
3695 462 3787 503 om.

555 523 672 591 ejus
699 538 922 592 rorpore
962 522 1257 591 pigmentis
1289 536 1392 575 non
1424 520 1724 587 hominum,
1767 522 1862 575 sed
1896 521 2134 576 cwlesti-

554 616 657 669 bus
686 616 948 668 hactenus
974 611 1309 680 incorrupto,
1349 611 1401 665 in
1433 626 1541 681 quo
1583 626 1647 687 ac
1684 612 1726 665 si
1760 610 1923 683 524
1947 612 2135 665 viven-

556 706 625 756 tis
655 703 908 772 unguium
941 716 1002 755 ac
1033 701 1264 755 crinium
1318 711 1661 758 excrementa
1700 702 1977 755 miramur.
2027 702 2134 755 Sed

555 793 682 846 illud
723 793 904 846 dicere
944 800 1045 857 est,
1091 793 1231 860 quod
1279 791 1329 844 in
1362 800 1512 844 tanto
1553 791 1816 846 miraculo
1864 791 2071 860 positus
2103 805 2134 844 a

554 883 774 938 nctnine
809 884 1011 953 patitur
1038 899 1096 939 se
1125 883 1317 939 videri.
1360 882 1511 937 Abba
1540 881 1657 950 ejus
1687 881 1787 936 loci
1824 892 2132 936 nostrorum

555 984 854 1042 temporum
882 974 1098 1042 quidam
1144 988 1241 1042 per
1268 989 1328 1028 se
1358 974 1499 1028 scire
1537 972 1728 1038 voluit,
1760 981 1939 1026 utrum
1973 978 2138 1041 caput

552 1063 679 1115 olim
704 1063 755 1115 in
783 1064 1037 1133 passione
1061 1064 1303 1118 decisum
1343 1064 1557 1131 corpori
1589 1061 1743 1122 f0”et,
1775 1062 1848 1115 uti
1881 1061 2136 1131 vulgaba-

555 1163 661 1217 tur,
691 1155 923 1207 unitum.
968 1155 1117 1209 Actis
1156 1156 1338 1225 itaque
1374 1170 1494 1208 cum
1543 1170 1641 1208 suo
1687 1154 1962 1222 eapellano
1996 1152 2135 1220 jeju-

552 1245 659 1305 uiis
685 1245 923 1311 detexit,
958 1247 1166 1315 aspexit
1200 1262 1321 1316 qua:
1358 1246 1714 1315 prmtulimus,
1747 1246 2003 1299 carnibus
2031 1261 2135 1298 nu-

552 1351 744 1405 squam
781 1336 1151 1402 ﬂacceutibus,
1207 1351 1270 1391 ac
1320 1336 1365 1389 si
1397 1336 1716 1391 dormientis
1757 1336 1938 1390 omnia
1990 1335 2136 1389 visus

554 1437 609 1482 et
633 1438 808 1483 tactus
842 1430 1081 1500 periculo
1111 1429 1389 1495 addidit-it,
1448 1427 1584 1482 alter
1623 1444 1653 1482 a
1685 1429 1879 1497 rapite,
1920 1427 2059 1482 alter
2102 1443 2134 1481 a

554 1520 780 1587 pedibus
808 1530 987 1573 utrum
1030 1520 1253 1574 haberet
1280 1519 1526 1576 attraxit.
1564 1518 1909 1587 solidumque
1938 1532 2136 1587 cogno-

554 1610 650 1675 vit,
682 1611 774 1664 sed
804 1626 926 1666 mox
953 1613 1234 1682 utriusque
1257 1627 1450 1667 manus
1476 1620 1734 1682 perpetua
1765 1609 2137 1665 imbecillitate

552 1703 853 1757 contabuit.

624 1791 757 1846 Mira
793 1793 968 1849 adhuc
1013 1793 1210 1849 dicam.
1240 1794 1560 1865 Capreolum
1588 1794 1642 1849 in
1670 1794 2000 1850 monasterio
2027 1807 2133 1847 mo-
2167 1783 2209 1839 Β

552 1882 715 1935 nachi
745 1899 773 1935 a
800 1898 970 1951 parvo
992 1886 1313 1940 nutrierant.
1349 1884 1451 1952 Qui
1488 1901 1612 1941 cum
1650 1885 1859 1953 pecuali
1890 1883 2131 1948 lascivia,

554 1972 658 2027 hac
687 1974 915 2045 illucque
940 1992 1037 2046 per
1061 1978 1308 2047 aedilicia,
1340 1981 1619 2049 ipsamque
1657 1976 1944 2035 ecclesiam
1977 1979 2137 2033 ober-

553 2077 721 2132 raret,
755 2083 883 2123 casu
936 2070 1117 2124 tibiam
1151 2070 1327 2142 fregit.
1363 2072 1607 2142 Cumque
1635 2072 1803 2127 tribus
1824 2070 2135 2126 claudicans

556 2158 784 2225 pedibus
838 2161 1109 2228 pedentim
1167 2177 1274 2230 quo
1321 2171 1536 2232 poterat
1585 2162 1743 2217 modo
1796 2160 2037 2237 excursit
2071 2175 2137 2216 ns

554 2247 658 2303 loci
690 2250 869 2303 omnia
903 2262 1237 2323 peragraret,
1276 2252 1415 2309 forte
1442 2254 1720 2322 ingressus
1753 2251 2037 2307 ecclesiam
2069 2251 2135 2305 ad

556 2339 814 2408 martyris
840 2340 1101 2395 feretrum
1131 2342 1211 2396 ire
1237 2344 1536 2398 contendit.
1560 2343 1656 2399 Cui
1685 2359 1807 2398 mox
1836 2352 1893 2397 ut
1925 2342 2135 2397 besﬁali

557 2430 876 2486 curiositate
900 2447 958 2488 se
981 2433 1239 2503 subdidit,
1269 2435 1413 2490 tibiae
1434 2436 1718 2491 sanitatem
1751 2436 1973 2506 recepit.
1999 2435 2136 2502 Quid

557 2519 722 2575 faciet
752 2523 871 2591 pius
899 2534 1127 2595 martyr,
1178 2526 1221 2581 si
1268 2537 1483 2595 petatur
1534 2527 1766 2582 ﬁdeliter
1805 2529 1859 2582 in
1900 2529 2137 2582 humana

558 2621 777 2679 natura,
833 2615 922 2685 qui
973 2616 1351 2674 liberalitatem
1406 2620 1720 2688 ingenitam,
1754 2630 1808 2675 et
1838 2630 1896 2672 ut
1938 2620 2140 2674 rectius

559 2701 761 2767 dicam,
819 2707 1164 2764 serenitatem
1199 2711 1396 2779 regiam
1437 2710 1516 2764 sic
1555 2712 1790 2765 ostendit
1830 2712 1880 2764 in
1924 2709 2071 2763 fera?

632 2790 692 2847 S.
732 2792 945 2849 Vilonus
993 2797 1253 2852 ulcrratas
1279 2816 1465 2853 manus
1487 2811 1642 2854 sanat
1673 2802 1946 2854 monacho.
1978 2829 2038 2840 ο
2074 2799 2142 2852 Et

561 2878 797 2937 Sanctus
816 2882 1069 2941 Witonus
1103 2888 1241 2955 apud
1276 2890 1460 2944 urbem
1493 2889 1827 2945 Wlntonium
1868 2905 1927 2945 se
1975 2891 2027 2944 in
2062 2892 2140 2946 si-

558 2974 681 3044 gnis
718 2974 824 3029 huc
859 2991 1029 3046 usque
1069 2980 1303 3048 prmbuit
1338 2981 1633 3037 efﬁcacem.
1687 2982 1819 3036 Nam
1873 2998 1978 3037 non
2016 2992 2142 3038 ante

559 3065 730 3118 multa
768 3076 1009 3138 tempora
1043 3072 1341 3126 monachus
1372 3081 1658 3141 utramque
1690 3072 2026 3127 horribiliter
2049 3088 2139 3128 ex-

560 3156 833 3213 ulceratos
864 3175 1081 3214 manum
1115 3173 1173 3215 ut
1208 3163 1309 3218 hac
1339 3164 1389 3218 in
1419 3174 1574 3233 parte
1599 3174 1743 3220 esset
1773 3164 2140 3234 elephantioso

559 3248 707 3301 omni
758 3248 1016 3317 deterior,
1046 3266 1111 3306 eo
1140 3268 1361 3322 prorsus
1389 3255 1453 3309 ad
1495 3257 1675 3312 omnia
1707 3266 1828 3312 erat
1855 3257 2143 3313 destitutus

559 3335 755 3392 ofﬁcio.
790 3339 885 3394 Cui
917 3352 1158 3409 sanctus,
1191 3359 1313 3399 cum
1344 3361 1374 3398 a
1410 3347 1525 3401 suis
1563 3347 1907 3402 absentatum
1945 3346 2143 3418 vigiliis

563 3428 668 3490 hac
699 3431 764 3485 de
786 3447 948 3487 causa
982 3443 1141 3491 nocte
1166 3435 1501 3505 offendisset,
1531 3440 1802 3508 apparuit,
1826 3447 1883 3494 et
1904 3440 2141 3510 generali

562 3536 660 3575 cur
693 3523 909 3578 abesset
938 3526 1226 3595 psallentio
1253 3530 1556 3598 acquisivit.
1588 3528 1733 3584 Illico
1759 3529 1847 3584 ille
1878 3539 2140 3585 torturanl

562 3622 618 3667 ct
655 3614 1017 3683 purulentiam
1064 3633 1319 3673 manuum
1349 3620 1692 3674 occasionem
1731 3621 1990 3677 absentia:
2018 3637 2145 3677 san-

563 3714 653 3759 cto
688 3707 978 3776 suggessit.
1016 3708 1262 3779 Porrige,
1313 3710 1508 3777 inquit,
1561 3711 1665 3767 huc
1697 3727 1907 3767 manus.
1934 3712 2143 3779 Quibus

563 3797 920 3862 exporrectis,
972 3807 1193 3852 sanctus
1225 3806 1515 3868 utramque
1557 3802 1882 3855 constrinxit
1932 3810 1986 3855 et
2029 3802 2144 3855 uni-

561 3898 776 3938 versam
809 3886 1111 3942 scabiosam
1169 3889 1314 3942 illam
1344 3898 1536 3947 ,cutem
1578 3892 1645 3945 ab
1684 3907 1750 3946 eo
1772 3893 1934 3961 quasi
1966 3892 2144 3947 chiro-

567 3976 753 4031 thecas
807 3980 1078 4045 extraxit,
1126 3989 1180 4033 et
1222 3980 1480 4037 leviorem
1530 3984 1741 4053 pueruli
1792 3999 1960 4039 carne
2019 3985 2147 4040 sub-

564 4066 757 4121 stituit.

638 4156 769 4226 lgne
800 4158 1091 4226 probantur
1118 4161 1352 4233 reliquiae
1380 4162 1438 4219 S.
1463 4164 1741 4234 Arnulphi.
1768 4163 2146 4219 Consobrinum

564 4246 801 4305 Cuiberti
838 4251 1186 4306 incolumitati
1230 4257 1531 4310 restituunt.
1575 4287 1647 4297 —
1681 4256 1972 4312 Brachium
2002 4258 2146 4313 beati

562 4341 770 4404 Armdﬁ
824 4345 1079 4413 martyris
1129 4344 1181 4398 in
1221 4347 1447 4415 oppido,
1487 4348 1627 4402 unde
1672 4362 1822 4401 eram
1860 4349 2145 4414 oriundus,

2238 534 2336 575 nes
2366 521 2617 590 clericos,
2646 526 2738 595 qui
2768 526 2885 597 ejus
2929 526 3209 584 festivitati
3259 531 3560 597 intersunt,
3600 550 3662 590 eo
3699 537 3785 603 die,

2238 614 2415 681 quoad
2446 616 2601 681 vixit,
2628 616 2925 673 lautissime
2952 620 3121 688 pavit,
3148 622 3375 690 ejusque
3404 625 3606 691 posteri
3637 624 3785 686 facere

2239 703 2506 772 hodieque
2543 721 2647 759 non
2676 708 2949 761 desinunt.
2983 709 3134 775 Quod
3165 712 3447 767 brachium
3473 715 3557 766 avi
3582 717 3677 771 mei
3701 736 3781 774 non

2241 813 2399 861 uxor,
2432 799 2525 852 sed
2558 798 2841 857 familiaris
2890 805 3137 872 quazdam
3169 807 3235 858 ad
3290 807 3427 861 tales
3458 806 3649 863 femina
3678 815 3783 868 satis

2236 888 2411 943 solers
2467 890 2533 944 ad
2583 891 2839 946 sarculum
2891 893 3072 963 opimo
3114 910 3247 949 auro
3287 896 3655 969 lapidibusque
3684 917 3783 956 cou-

2237 980 2393 1033 texit.

2307 1071 2469 1124 Aliud
2491 1072 2751 1141 Arnulplti
2779 1074 3113 1128 miraculum.
3139 1107 3210 1117 —
3232 1075 3399 1132 Gusia
3432 1076 3633 1147 (ϐαίη)
3659 1081 3782 1149 hujus

2238 1160 2612 1216 Lauduneusis
2641 1164 2762 1232 pagi
2786 1164 3065 1220 castellum
3093 1176 3198 1231 est,
3224 1168 3278 1222 in
3308 1183 3417 1237 quo
3450 1169 3589 1223 beati
3611 1171 3778 1229 Amulli

2238 1249 2423 1305 itidem
2454 1251 2739 1306 brachium
2773 1269 2895 1309 esse
2927 1255 3143 1309 dicitur.
3174 1256 3328 1323 Quod
3376 1256 3526 1313 fures
3573 1274 3684 1315 cum
3720 1265 3779 1317 di-

2237 1354 2388 1413 repto
2418 1344 2661 1400 ecclesiae
2705 1346 2963 1403 thesauro
2990 1350 3199 1417 pariter
3236 1351 3477 1420 diripere
3509 1352 3776 1419 voluissent,

2235 1431 2450 1502 jamque
2488 1441 2754 1499 tenerent,
2806 1436 2871 1491 de
2919 1452 3107 1492 eorum
3143 1454 3265 1493 sese.
3294 1439 3546 1495 manibus
3571 1445 3775 1506 extorsit,

2236 1537 2337 1577 nec
2367 1524 2576 1593 uspiam
2606 1523 2735 1578 ferri
2770 1526 2962 1595 quivit.
3010 1526 3124 1582 lloc
3161 1528 3261 1597 ipsi
3308 1528 3481 1592 fures,
3535 1544 3647 1584 cum
3676 1534 3777 1585 resi-

2236 1612 2359 1668 duis
2386 1629 2506 1684 qme
2536 1626 2953 1684 asportaverant
2981 1618 3329 1688 deprehensi,
3379 1621 3511 1674 hora
3545 1621 3668 1690 ipsa,
3698 1639 3775 1690 qua

2238 1715 2396 1761 erant
2419 1703 2674 1761 etl‘erendi
2702 1708 2753 1763 in
2782 1707 2986 1775 furcas,
3014 1711 3246 1765 confessi
3279 1720 3426 1765 sunt.
3454 1711 3511 1765 In
3540 1726 3678 1775 auro,
3698 1730 3777 1783 quo

2236 1795 2412 1865 ipsum
2443 1797 2641 1853 colitur
2672 1799 2983 1863 brachium,
3014 1801 3165 1856 locus
3196 1810 3300 1864 est,
3337 1816 3444 1871 qua
3476 1802 3617 1856 nullo
3642 1803 3775 1857 inclu-

2238 1898 2423 1939 sorum
2455 1887 2685 1941 artificio
2710 1903 2921 1958 gemma
2952 1889 3057 1944 ulla
3095 1893 3270 1961 potuit
3298 1892 3562 1947 cohiberi.
3611 1893 3775 1949 Inserta

2236 1977 2382 2030 cnim
2411 1993 2509 2033 nec
2535 1995 2682 2034 mora
2713 1980 3013 2035 laxabatur.
3030 1982 3232 2037 Mutata
3251 1999 3373 2038 cum
3392 1984 3600 2055 opiﬁce,
3621 1996 3669 2039 et
3687 1988 3778 2055 opi-

2236 2064 2325 2120 fex
2354 2083 2419 2122 ac
2443 2070 2717 2137 opificium
2747 2072 3086 2127 cassabatur.

2305 2157 2373 2212 Β.
2415 2158 2726 2231 Leodegarii
2770 2164 2971 2217 meritis
3009 2181 3041 2217 a
3073 2164 3206 2233 febri
3250 2164 3459 2219 levatur
3505 2164 3770 2223 Guibemu.

2237 2279 2309 2289 —
2332 2249 2723 2323 Leodegarium
2753 2264 3049 2325 martyrem
3077 2256 3252 2324 signis
3274 2257 3573 2327 egregium,
3600 2259 3659 2311 ad
3683 2260 3779 2313 sub-

2238 2340 2525 2396 ventioues
2561 2341 2798 2398 alacrem
2836 2357 2944 2398 non
2978 2345 3272 2400 nesciums.
3319 2345 3432 2415 Ego
3477 2346 3615 2399 enim
3642 2347 3779 2401 adhuc

2239 2431 2416 2500 pusio,
2442 2433 2642 2502 optime
2666 2443 2840 2487 tamen
2868 2435 3060 2488 horum
3087 2450 3318 2497 memor,
3343 2435 3443 2489 sub
3467 2445 3631 2488 matre
3650 2450 3778 2504 agens

2240 2525 2431 2579 diebus
2457 2527 2802 2595 paschalibus
2829 2528 2979 2582 febre
3000 2527 3315 2598 quotidiana
3347 2528 3606 2583 atrociter
3626 2537 3780 2580 :estua-

2240 2615 2388 2669 bam.
2421 2616 2534 2672 Sub
2578 2619 2775 2687 Oppido
2806 2629 2986 2673 autem
3017 2625 3136 2674 erat
3177 2618 3410 2673 ecclesia
3466 2620 3564 2672 sub
3604 2620 3780 2673 nomine

2243 2703 2567 2761 Sanctorum
2613 2708 2930 2778 Leodegarii
2972 2717 3027 2762 et
3076 2708 3339 2771 Machuti,
3384 2708 3473 2761 cui
3513 2708 3778 2762 continuum

2240 2797 2342 2853 olei
2382 2798 2559 2853 lumen
2585 2806 2759 2851 mater
2789 2812 2905 2850 mea
2935 2796 3039 2851 fide
3068 2796 3259 2851 humili
3290 2797 3643 2851 ministrabat.
3672 2795 3776 2851 Cum

2241 2903 2371 2958 ergo
2410 2888 2669 2958 quidquid
2696 2903 2836 2958 pene
2866 2898 2950 2943 est
2980 2887 3245 2953 victuum,
3277 2887 3597 2953 fastidirem,
3625 2903 3779 2943 evoca-

2246 2980 2316 3035 tis
2348 2980 2460 3049 ipsa
2493 2979 2702 3035 duobus
2731 2979 2964 3043 clericis,
3010 2979 3291 3049 capellano
3317 2993 3438 3040 suo,
3467 2988 3523 3032 et
3569 2978 3783 3047 magistro

2249 3087 2391 3135 meo,
2431 3072 2532 3127 sub
2567 3087 2756 3126 eorum
2802 3071 3047 3126 custodia
3103 3085 3169 3125 eo
3201 3068 3288 3125 me
3333 3070 3533 3126 deferri
3566 3069 3783 3138 pnedpit.

2247 3160 2410 3216 Juxta
2441 3161 2762 3231 pravitatem
2804 3176 2935 3215 vero
2963 3162 3166 3215 veteris
3194 3175 3345 3224 usus,
3379 3160 3604 3214 ecclesia
3636 3158 3712 3211 illa
3738 3159 3786 3209 ad

2239 3252 2329 3322 jus
2362 3250 2480 3318 ejus
2502 3252 2826 3321 pertinebat.
2844 3250 3137 3306 Venientes
3163 3251 3288 3306 illuc
3310 3266 3440 3318 ergo
3463 3249 3658 3311 clerici,
3680 3257 3787 3302 stra-

2246 3352 2359 3398 tum
2408 3353 2534 3398 ante
2565 3344 2736 3397 altare
2774 3343 2876 3398 sibi
2927 3352 2981 3397 et
3023 3344 3153 3397 mihi
3188 3353 3346 3397 nocte
3377 3342 3464 3395 illa
3499 3341 3610 3394 fieri
3656 3340 3789 3407 impc-

2244 3443 2477 3490 trarunt.
2514 3435 2651 3489 Ecce
2692 3443 2850 3488 nocte
2882 3434 3057 3487 media
3091 3434 3231 3487 intra
3262 3433 3508 3487 eamdem
3546 3430 3789 3485 ecclesiam

2244 3529 2410 3597 cmpit
2441 3538 2586 3583 terra
2629 3526 2785 3597 quasi
2841 3525 3047 3581 malleis
3093 3524 3333 3585 concuti,
3371 3522 3654 3591 aliquoties
3686 3535 3792 3574 sera

2245 3632 2496 3671 arearum
2528 3631 2650 3671 cum
2692 3614 2861 3669 multo
2912 3614 3142 3683 strepitu
3189 3612 3547 3675 circumvelli,
3596 3610 3794 3678 crepitus

2245 3709 2537 3779 aliquando
2566 3707 2720 3777 quasi
2768 3707 3045 3776 virgarum
3081 3719 3246 3774 super
3290 3719 3451 3758 arcas
3481 3702 3669 3757 audiri.
3695 3700 3793 3755 Cle-

2247 3802 2343 3856 rici
2377 3816 2505 3855 vero
2551 3816 2579 3854 a
2621 3800 2798 3855 sonitu
2826 3798 3155 3868 experrecti,
3188 3805 3473 3865 coeperunt
3516 3794 3795 3848 multumue

2248 3895 2412 3947 timor
2464 3894 2516 3946 in
2569 3892 2809 3946 deterius
2866 3907 2955 3946 me
3008 3899 3269 3951 verteret,
3325 3887 3636 3941 formidare.
3684 3883 3797 3950 Quid

2247 3982 2438 4051 plura?
2466 3981 2545 4035 eis
2575 3979 2987 4035 mussitantibus
3009 3977 3293 4033 subaudivi
3320 3984 3524 4039 tamen,
3548 3990 3611 4028 ex
3643 3988 3796 4027 eorum

2247 4071 2626 4136 contubernio,
2660 4080 2717 4125 et
2752 4070 3014 4140 lampadis
3044 4067 3393 4139 prmlucentis
3422 4066 3635 4127 solatio,
3670 4076 3804 4132 parce

2250 4163 2423 4218 timui.
2449 4163 2506 4217 In
2538 4163 2623 4218 his
2649 4171 2862 4217 noctem
2894 4162 3188 4226 transiens,
3215 4161 3286 4213 ita
3309 4175 3499 4228 sospes
3525 4158 3589 4212 ad
3612 4167 3805 4211 matrem

2251 4255 2410 4320 redii,
2443 4270 2507 4310 ac
2536 4256 2579 4310 si
2609 4255 2741 4310 nihil
2774 4254 3101 4309 incommodi
3135 4252 3507 4322 pertulissem,
3542 4259 3595 4305 et
3615 4249 3698 4318 qui
3721 4247 3806 4315 pri-

2249 4347 2369 4401 dem
2409 4345 2705 4400 lautissima
2750 4346 3095 4408 horrueram,
3147 4357 3494 4399 communem
3516 4338 3627 4407 jam
3657 4352 3808 4407 prom-

564 4430 889 4496 habebatur,
934 4435 1075 4501 quod
1115 4449 1145 4487 a
1184 4437 1416 4504 quodam
1449 4436 1581 4491 locis
1614 4436 1717 4491 illis
1765 4436 1970 4493 illatum
2023 4454 2145 4493 cum
2173 4461 2226 4521 D
2253 4446 2378 4505 plus
2415 4436 2481 4490 ad
2513 4436 2716 4500 cibum,
2756 4451 2861 4489 non
2896 4435 3076 4489 minor
3106 4448 3223 4486 sum
3269 4439 3519 4501 repertus
3561 4431 3624 4483 ad
3653 4427 3804 4521 pilam.

561 4523 859 4592 oppidanos
918 4525 1243 4582 reddidisset
1295 4527 1602 4600 ambiguos,
1651 4528 1719 4583 ad
1769 4532 2142 4599 probationem

563 4615 779 4685 ignibus
820 4624 906 4669 est
952 4616 1233 4684 injectum,
1275 4619 1369 4673 sed
1418 4620 1615 4675 eximie
1664 4619 1804 4674 saltu
1850 4621 2030 4675 subito
2063 4629 2146 4675 est

564 4715 827 4776 ereptum.
865 4706 1132 4763 Succiduo
1159 4709 1390 4780 denique
1438 4720 1699 4779 tempore,
1746 4711 1966 4781 quidam
2015 4726 2147 4766 con-

565 4799 821 4854 sobrinus
870 4814 1045 4866 meus,
1102 4799 1170 4855 de
1221 4802 1387 4855 castri
1424 4803 1778 4871 primoribus,
1827 4802 2148 4872 gravissima

566 4900 651 4945 est
681 4891 930 4961 passione
957 4907 1264 4961 percussus.
1290 4892 1386 4946 Cui
1417 4893 1699 4947 brachium
1730 4893 1872 4948 beati
1894 4892 2149 4962 martyris

565 4998 688 5035 cum
745 4982 935 5038 fuisset
981 4983 1271 5051 ingestmn,
1304 4982 1542 5037 valitudo
1591 4983 1710 5038 loco
1745 4998 1803 5038 se
1834 4992 2049 5037 mutans
2083 4983 2150 5036 ad

569 5078 771 5125 tactum
802 5072 919 5139 ejus
956 5074 1131 5127 locum
1170 5073 1447 5128 ferebatur
1478 5075 1529 5127 in
1558 5073 1749 5128 alium.
1780 5076 2026 5144 Cumque
2070 5076 2153 5130 vis

568 5160 657 5215 illa
700 5161 1003 5232 diliugeret.
1035 5172 1089 5216 et
1122 5162 1344 5233 fugienti
1382 5177 1413 5216 e
1461 5164 1690 5233 vestigio
1748 5163 1892 5217 sacri
1942 5163 2151 5217 brachii

571 5263 749 5310 tactus
778 5255 1054 5310 insisteret
1088 5257 1155 5310 ad
1207 5256 1458 5311 ultimum
1501 5264 1625 5326 post
1665 5254 1871 5323 aliquot
1921 5255 1975 5309 in
2001 5255 2154 5309 vultu

570 5345 940 5414 membrisque
966 5346 1264 5411 discursus,
1293 5347 1346 5400 in
1379 5344 1680 5416 ipsojuguli
1702 5344 2156 5414 scapularumque

571 5441 829 5508 confinio,
860 5454 969 5500 tota
1001 5447 1174 5500 morbi
1204 5446 1345 5502 illius
1376 5446 1628 5501 violentia
1658 5460 1913 5514 evagaus,
1946 5443 2157 5499 sublata

572 5533 847 5601 paululum
894 5538 946 5592 in
980 5540 1195 5595 modum
1232 5541 1400 5596 muris
1438 5548 1579 5608 cute,
1620 5540 1826 5611 pariter
1859 5540 2158 5612 glomerata

644 5712 757 5784 (50)
798 5712 1059 5769 Obscura.

2326 4526 2440 4580 Rex
2470 4524 2764 4595 Anglorum
2795 4524 2978 4578 senior
3004 4521 3325 4577 Guillelmus
3361 4520 3558 4573 turrim
3588 4519 3637 4572 in
3667 4515 3809 4570 eecle

2253 4616 2331 4671 sia
2363 4613 2633 4681 magniﬁci
2670 4612 2909 4683 Dionysii
2943 4611 3147 4683 (cujus,
3175 4625 3337 4679 quam
3377 4607 3558 4662 futura
3591 4606 3811 4677 plurima,

2254 4708 2300 4763 si
2342 4707 2698 4776 perficeretur
2736 4719 2802 4757 ac
2837 4703 3177 4773 persisteret,
3210 4702 3391 4755 fuerat
3420 4696 3741 4769 magnitudo)
3758 4708 3810 4745 ex

2257 4801 2369 4855 suis
2398 4799 2535 4855 strui
2568 4797 2773 4853 fecerat
2803 4796 2941 4865 (50).
2978 4794 3129 4861 Quod
3157 4809 3293 4864 cpus
3319 4795 3579 4863 quoniam
3618 4790 3682 4844 ab
3707 4787 3809 4841 arti-

2258 4890 2453 4944 ficibus
2496 4888 2682 4941 minus
2723 4894 2844 4940 erat
2873 4886 3123 4939 ordinate
3167 4890 3510 4945 contextum,
3564 4880 3811 4933 videbatur

2257 4983 2418 5055 525
2454 4983 2506 5038 in
2539 4983 2655 5037 dies
2680 4981 2762 5036 sui
2795 4979 3064 5049 parturire
3105 4978 3339 5031 ruinam.
3390 4977 3633 5043 Cumque
3669 4968 3812 5040 pluri-

2258 5090 2406 5129 mum
2435 5075 2502 5128 ab
2526 5073 2686 5129 lvone
2726 5082 2853 5125 tunc
2881 5069 3141 5139 temporis
3184 5068 3381 5121 abbate
3424 5075 3476 5117 et
3510 5081 3539 5118 a
3568 5059 3816 5117 monachis

2261 5169 2575 5230 timeretur,
2607 5180 2675 5219 ne
2721 5164 2887 5219 veleri
2935 5163 3190 5217 damnum
3235 5159 3476 5213 basilica:
3514 5156 3634 5211 novi
3663 5150 3817 5222 aperis

2263 5258 2417 5312 ruina
2454 5255 2717 5327 inﬂigeret
2753 5256 2894 5326 (erat
2922 5262 3102 5306 autem
3134 5251 3204 5306 ibi
3236 5251 3378 5304 beati
3424 5245 3713 5303 Eadmundi
3754 5241 3816 5292 al-

2263 5360 2401 5414 tare,
2431 5360 2486 5403 et
2505 5363 2736 5417 quorum
2779 5346 2962 5400 nescio
2991 5344 3242 5408 aliorum)
3275 5343 3396 5396 talis
3444 5342 3584 5394 visio
3608 5334 3812 5392 sollicito

2264 5441 2444 5496 abbati
2489 5456 2548 5495 se
2591 5439 2789 5493 intulit.
2837 5436 3089 5492 Honeste
3120 5434 3349 5488 multum
3382 5428 3704 5487 habitudinis
3737 5426 3813 5475 do-

2267 5533 2471 5589 minam
2516 5532 2567 5586 in
2626 5530 2803 5585 medio
2856 5528 3007 5585 Beati
3056 5525 3294 5603 Dionysii
3325 5522 3572 5579 ecclesia:
3610 5523 3811 5574 stantem
