3982 6346
193 357 293 414 961

1054 351 1344 410 APPEND.
1380 351 1472 407 AD
1492 349 1618 406 LIB.
1649 347 1714 402 ΙΙΙ
1751 347 2073 404 GUIBERTI
2103 349 2192 405 DE
2219 348 2379 407 VITA
2427 349 2581 408 SUA.

3359 320 3465 409 902

191 471 443 536 videbat,
496 485 614 540 quae
667 466 988 525 sacerdotali
1044 480 1195 521 more
1225 464 1588 519 exorcismum
1622 476 1775 530 aqua“:
1803 468 1850 526 Α
1881 460 2148 533 lapidibus
2179 465 2518 535 adopertam,
2555 463 2907 519 humanitatis
2944 481 3107 520 causa
3147 467 3458 536 congeriem

191 560 450 614 faciebat.
478 559 721 628 Cumque
771 559 906 612 abba
950 554 1166 610 feminae
1197 553 1575 608 auctoritatem
1608 550 1776 604 mira-

191 660 366 710 retur.
397 667 517 720 qua:
564 651 779 705 insolita
832 648 1054 713 faceret,
1101 644 1596 713 contemplabatur;
1633 643 1775 713 quod

189 749 314 809 post
346 754 500 808 aquae
525 739 958 794 benedictionem
995 751 1116 791 eam
1164 736 1266 789 hac
1297 735 1529 804 illaeque
1556 734 1774 802 disper-

191 840 367 901 geret,
397 839 626 900 postque
673 829 1092 901 dispersionem,
1127 835 1230 894 qua
1283 827 1631 895 disperserat,
1662 827 1776 900 cir-

193 932 539 988 cumquaque
574 919 787 987 signum
833 918 1016 972 crucis
1067 915 1415 985 exprimeret.
1469 913 1578 970 Nec
1625 929 1774 969 mora

193 1009 459 1079 temporis
493 1011 658 1064 turris
695 1011 836 1074 ruit,
885 1008 978 1063 sed
1011 1005 1209 1061 nullam
1251 1004 1496 1060 ecclesia:
1542 1015 1774 1074 partem,

193 1103 324 1157 dum
358 1110 560 1166 rueret,
592 1101 750 1156 laesit.
789 1100 882 1156 Illa
915 1085 1057 1164 enim
1087 1097 1380 1152 Benedicta
1412 1097 1552 1150 inter
1581 1095 1774 1150 mulie-

193 1205 309 1254 res,
337 1191 492 1260 cujus
515 1191 722 1246 ventris
749 1189 1060 1244 benedictus
1084 1195 1166 1241 est
1195 1184 1401 1240 fructus
1421 1184 1572 1254 (Luc.
1598 1200 1637 1249 ι,
1661 1184 1774 1256 22).

193 1296 292 1336 sua
325 1297 442 1336 eam
479 1281 852 1336 benedictione
887 1281 1040 1350 juxta
1085 1278 1296 1333 abbatis
1327 1277 1773 1332 visa-munierat.

192 1373 348 1427 Alias
385 1388 517 1444 ergo
547 1389 708 1428 ruens
739 1372 1009 1427 hominem
1041 1369 1230 1436 subter
1258 1367 1620 1423 ambulantem
1650 1382 1775 1436 ope—

197 1465 331 1519 ruit.
372 1465 505 1520 Cum
546 1466 729 1534 itaque
769 1472 1100 1533 compertum
1134 1468 1282 1516 esset
1308 1459 1560 1515 omnibus
1595 1460 1774 1514 virum

1881 554 1950 607 ab
1981 568 2046 607 eo
2077 553 2356 608 dimovere
2395 563 2696 623 cmperunt.
2734 553 2972 610 Tandem
3022 557 3305 612 exhaustis
3349 573 3460 613 caa-

1879 644 2047 699 menti
2092 653 2148 700 ct
2193 659 2450 699 saxorum
2499 647 2795 712 montibus,
2826 648 3139 717 pervenitur
3167 650 3236 704 ad
3275 649 3461 716 illum;

1844 727 2066 806 'quem,
2118 736 2314 790 mirum
2365 737 2533 803 dictu,
2587 740 2866 808 sospitem,
2911 739 3256 810 alacremque
3304 755 3463 812 repe—

1880 827 2027 880 riunt
2054 841 2116 880 ac
2146 827 2190 880 si
2221 827 2362 880 domi
2393 828 2710 883 desedisset.
2739 829 2936 895 Quadri
2962 846 3152 900 nempe
3179 846 3210 886 e
3237 833 3462 902 regione

1880 916 2017 971 alter
2045 916 2198 970 alteri
2237 929 2358 970 sese
2391 919 2860 987 compaginantes,
2894 920 2991 989 ipsi
3021 921 3302 976 azdiculam
3333 937 3459 977 con-

1880 1007 2146 1062 fecerunt.
2195 1007 2310 1062 Non
2339 1022 2468 1078 ergo
2489 1008 2538 1063 ei
2570 1009 2672 1062 sub
2697 1010 2904 1064 diutina
2955 1013 3140 1067 nescio
3183 1021 3317 1082 quot
3351 1013 3464 1068 die-

1882 1113 1999 1152 rum
2033 1097 2163 1152 inibi
2195 1113 2344 1153 mora
2375 1097 2585 1163 fames,
2624 1113 2732 1152 non
2782 1109 2976 1164 metus,
3009 1117 3116 1156 non
3158 1103 3466 1158 insolentis-

1883 1189 2053 1244 simus
2079 1187 2300 1243 excluso
2328 1189 2533 1242 homini
2574 1187 2740 1242 calcis
2780 1191 2916 1244 odor
2940 1190 3138 1245 offecit.

1953 1277 2476 1333 Excellentissimam
2513 1277 2678 1347 igitur
2712 1277 2939 1333 Mariam
2970 1281 3232 1334 caelorum
3272 1295 3338 1336 ac
3365 1291 3464 1334 ter-

1880 1384 1953 1424 ra:
1979 1376 2283 1438 patronam,
2316 1382 2438 1420 cum
2469 1367 2724 1438 Dionysio
2759 1371 2921 1424 totius
2961 1369 3206 1426 Francia:
3237 1371 3464 1424 domino

1880 1457 1982 1529 [{.,
2022 1454 2398 1528 invocantes],
2421 1455 2542 1512 libri
2577 1472 2844 1526 ponamus
2871 1460 3194 1516 clausulam.

1746 1608 1922 1685 IFINIS.

198 1965 806 2120 APPENDIX
911 1963 1070 2116 Al)
1147 1961 1590 2118 LIBRUM
1693 1961 1848 2115 ιιι
1954 1877 2502 2119 tantum
2609 1969 2754 2122 ut
2863 1971 3145 2125 uti
3222 1971 3441 2126 snt

853 2335 1892 2475 EEBMANNI‘
1930 2347 2778 2462 MONACHI

378 2567 560 2681 DE
647 2561 1416 2678 MIRACULIS
1503 2561 1619 2677 s.
1710 2563 1809 2702 M

1891 2553 2202 2676 tRI/E
2284 2564 3275 2682 LAUDUNENSIS

1529 2777 1680 2866 DE
1756 2775 2162 2866 GESTIS

861 2948 1310 3005 VENEllABlLlS
1342 2941 1862 3003 BARTHOLOMEI
1891 2942 2194 3000 EPISCOPI
2229 2943 2315 2998 ET
2341 2943 2398 2999 S.
2433 2943 2823 3002 NORTBERTI

1359 3101 1791 3230 LIBRI

1890 3099 2297 3225 TRES

437 3498 774 3558 EPISTOLA
815 3493 1172 3554 lllSRMANNl
1201 3486 1507 3548 MONACHI
1536 3485 1630 3541 AD
1652 3481 2251 3540 BARTHOLOMIEUM
2285 3481 2799 3541 LAUDUNENSIS“
2831 3487 3236 3547 EPISCOPUM.

281 3677 446 3749 526
479 3673 763 3730 Venerabli
789 3671 934 3726 Patri
965 3680 1020 3725 et
1043 3669 1258 3724 domino
1281 3679 1402 3729 suo,
1432 3661 1632 3717 domno
1655 3658 1790 3712 Baa-
1815 3663 1858 3718 B
1898 3657 2072 3749 Quare
2103 3677 2287 3714 nomen
2321 3677 2472 3714 suum
2506 3660 2650 3715 haud
2679 3663 2964 3734 pra'ﬁxerit
3003 3674 3209 3719 αηειον,
3241 3695 3313 3706 __
3338 3663 3451 3720 Ba,-

211 3785 536 3835 1uot.ou.£o,
592 3768 684 3821 Dei
720 3765 889 3836 gratia
921 3762 1290 3816 Laudunensis
1335 3756 1485 3813 urbis
1515 3754 1785 3823 episcopo,

209 3862 381 3916 frater
404 3861 749 3918 "summus.
775 3855 1015 3910 omnium
1053 3852 1436 3908 monachorum
1461 3847 1788 3920 peripsema,

207 3949 438 4006 summis
472 3946 811 4018 pontificibus
841 3945 892 3998 in
922 3941 1127 3998 cmlesti
1159 3938 1350 3994 sociari
1381 3941 1548 3993 curia.

287 4039 457 4104 Quam
491 4037 862 4105 nobingenere
894 4045 1038 4087 ortus
1069 4030 1508 4084 Barllzoloma'us.
1552 4057 1624 4069 —
1654 4027 1790 4083 Cum

213 4131 417 4183 dudum
445 4129 496 4182 in
531 4127 841 4196 Hispaniam
869 4125 933 4178 ad
964 4123 1248 4178 videndum
1277 4121 1568 4191 gloriosmn
1607 4133 1790 4189 regem

211 4217 612 4281 lliltlefonsum,
647 4215 860 4269 Felicia:
896 4222 1198 4268 matertera:
1226 4222 1418 4264 vestrm
1445 4209 1636 4270 filium,
1663 4221 1789 4276 pro-

207 4312 412 4376 fectus,
442 4310 812 4366 felicissimum
852 4309 919 4363 ab
947 4323 1012 4364 eo
1055 4307 1378 4376 promissum
1419 4304 1793 4374 suscepissetis

207 4402 356 4471 quod
403 4401 446 4455 si
499 4401 736 4455 secundo
769 4400 991 4454 adeum
1021 4397 1311 4452 videndum
1358 4395 1789 4460 reverteremini,

211 4494 369 4547 daret
399 4494 552 4547 vobis
577 4507 772 4561 corpus
809 4491 870 4544 Β.
907 4489 1174 4544 Vincentii
1222 4489 1394 4544 levita:
1425 4497 1478 4543 et
1511 4487 1791 4559 martyris,

210 4600 314 4639 nec
353 4600 458 4638 non
491 4592 547 4638 et
595 4582 833 4636 casulam
890 4580 1375 4650 pretiosissimam,
1428 4596 1588 4649 quam
1634 4579 1789 4634 beata

211 4676 309 4731 Dei
344 4675 585 4730 Grnitrix
630 4673 687 4728 S.
746 4671 1058 4729 llildefonso
1107 4671 1378 4727 Toletana:
1421 4672 1658 4726 civitatis
1697 4687 1788 4724 ar-

210 4767 558 4835 chiepiscopo
603 4765 845 4828 dederat,
887 4765 956 4819 ob
985 4765 1474 4819 remunerationem
1524 4763 1682 4816 trium
1725 4761 1791 4814 li-

206 4857 478 4913 bellorum
529 4872 662 4926 quos
696 4856 762 4910 de
790 4855 1110 4928 Virginitale
1133 4874 1226 4911 sua
1254 4869 1652 4927 composuerat,
1684 4870 1790 4910 ca:-

209 4945 372 5017 pislis
399 4964 428 5000 a
461 4962 577 4998 mea
625 4945 892 5014 parvitate
923 4963 1166 5015 quaerere
1219 4957 1397 5000 utrum
1436 4963 1530 5001 eos
1559 4947 1788 5015 denique
1817 4979 1864 5042 ο

209 5035 423 5090 libellos
452 5035 644 5088 alicubi
671 5031 946 5102 vidissem,
974 5046 1137 5106 utque
1165 5052 1259 5092 eos
1286 5039 1482 5107 ubique
1509 5039 1784 5106 perquire-

209 5138 328 5178 rem
386 5123 677 5177 studiosius
727 5125 1078 5193 praecepistis.
1110 5125 1241 5180 Cum
1277 5142 1403 5180 vero
1438 5141 1532 5180 eos
1564 5127 1614 5179 in
1659 5131 1788 5182 urbe

217 5211 601 5267 Catalaunensi
645 5213 786 5268 forte
813 5215 1133 5282 reperissem
1181 5224 1236 5269 et
1291 5217 1440 5270 vobis
1492 5218 1790 5272 renuntias-

214 5317 358 5368 sem,
385 5303 631 5373 protinus
673 5318 1056 5373 pergamenum
1100 5314 1467 5374 comparatum
1523 5309 1651 5360 mibi
1688 5317 1792 5360 tra-

213 5392 467 5462 didistis,
520 5410 712 5466 tneque
758 5398 824 5450 ad
871 5395 1146 5466 prmfatam
1193 5399 1380 5454 urbem
1431 5409 1653 5470 prapter
1696 5415 1790 5454 eos

211 5487 659 5542 transcribendos
694 5487 988 5559 direxistis.

290 5573 627 5630 Ilermannus
671 5575 844 5632 Vitam
871 5566 919 5633 et
951 5578 1111 5633 libros
1153 5578 1214 5634 S.
1267 5579 1563 5648 Ilildcfonsi
1589 5583 1792 5637 descri-

213 5665 350 5735 psit;
392 5665 579 5736 quibus
629 5665 893 5724 Miracula
946 5669 1014 5726 Β.
1091 5668 1316 5740 Virginis
1375 5672 1668 5742 subjuna'it.
1720 5704 1790 5713 —

1893 3748 2158 3804 tholomwi
2211 3767 2339 3804 cura
2389 3768 2482 3822 per
2520 3751 2626 3808 SS.
2682 3753 3000 3808 Norbertum
3043 3765 3090 3809 et
3137 3754 3470 3810 Bernardum

1892 3843 2067 3895 decem
2096 3843 2412 3896 monasteria
2439 3854 2738 3898 constructa
2785 3844 2839 3897 in
2871 3845 3078 3899 dicrcesi
3108 3844 3469 3901 Laudunensi.

1891 3963 1960 3970 —
1991 3932 2196 4002 Scripsi
2234 3935 2585 4008 ergo,primo
2619 3935 2794 3989 Vitam
2843 3935 3084 4006 ejusdem
3137 3937 3468 4004 llildefonsi;

1893 4024 2085 4079 deinde
2117 4025 2370 4094 praefatos
2412 4024 2526 4093 ejus
2556 4026 2766 4082 libellos
2807 4027 3081 4096 subjunxi.
3110 4029 3316 4097 Quibus
3341 4032 3474 4086 scri-

1893 4118 2018 4187 ptis,
2059 4117 2240 4171 addidi
2278 4118 2561 4184 miracula,
2600 4135 2720 4188 qua:
2748 4119 2970 4189 praefata
2999 4131 3184 4176 sancta
3227 4123 3322 4177 Dei
3363 4122 3471 4178 Ge-

1894 4207 2056 4260 nitrix
2106 4208 2156 4260 in
2200 4207 2452 4274 Francia,
2501 4217 2556 4262 et
2597 4209 2785 4278 Anglia
2839 4208 3043 4279 fecerat
3087 4226 3184 4280 per
3214 4212 3474 4281 reliquias

1893 4312 2040 4362 suas,
2069 4313 2188 4366 quae
2231 4298 2284 4352 in
2314 4297 2656 4351 Laudunensi
2693 4308 2985 4353 servantur
3023 4299 3191 4367 ipsius
3216 4299 3469 4354 ecclesia.

1896 4384 2020 4440 Haec
2048 4402 2178 4455 ergo
2205 4387 2462 4442 miracula
2485 4387 2637 4456 jussu
2661 4385 2877 4456 quidem
2905 4387 3247 4456 paternitatis
3275 4399 3471 4443 vestrae

1893 4477 2191 4546 composui,
2240 4480 2332 4533 sed
2377 4487 2434 4532 ut
2485 4476 2706 4544 ma‘joris
2749 4479 3090 4533 auctoritatis
3121 4488 3304 4534 essent
3347 4489 3400 4534 et
3439 4496 3471 4534 a

1894 4570 2040 4624 nullo
2069 4579 2287 4639 propter
2311 4570 2623 4624 dictaminis
2653 4571 3007 4624 rusticitatem
3037 4570 3470 4642 despicerentur,

1895 4663 2183 4734 parvitatis
2213 4678 2343 4716 meae
2373 4677 2565 4716 nomen
2599 4661 2702 4717 illis
2728 4663 3138 4732 praetermittere
3164 4664 3332 4732 nolui,
3377 4665 3473 4720 sed

1893 4756 1996 4810 sub
2029 4754 2246 4807 nomine
2273 4753 2658 4808 canonicorum
2691 4753 2809 4823 ejus
2841 4753 3096 4810 Ecclesiae
3133 4771 3193 4810 ea
3224 4757 3443 4827 praetitu

1893 4847 2017 4901 lavi-
2058 4845 2185 4900 Post
2216 4846 2327 4914 ipsa
2359 4859 2574 4914 quoque
2597 4843 2853 4898 miracula
2879 4845 3149 4916 subjunxi,
3177 4863 3282 4916 quo
3312 4848 3475 4900 modo

1895 4940 2072 4992 divina
2107 4936 2475 4991 misericordia
2524 4935 2576 4989 in
2619 4933 2809 4990 diebus
2856 4937 3050 4989 vestris
3093 4953 3318 5000 novem,
3362 4936 3472 4989 imo

1897 5031 2082 5084 decem
2139 5027 2464 5083 monasteria
2518 5035 2701 5081 vestro
2751 5025 2937 5080 labore
2985 5025 3223 5079 construi
3278 5025 3469 5081 fecerit

1895 5139 1990 5194 per
2033 5124 2288 5175 domuum
2336 5118 2684 5183 Norbcrtum,
2732 5117 3097 5186 domnumque
3133 5116 3472 5172 Bernardum

1897 5215 2146 5268 abbatem
2196 5210 2685 5274 Clarmvallcnsem,
2742 5222 2974 5277 quorum
3033 5207 3237 5260 nullum
3292 5207 3474 5262 fuerat

1899 5315 2139 5376 tempore
2174 5303 2531 5375 quadraginta
2565 5301 2726 5354 trium
2763 5300 3139 5369 episcoporum
3171 5299 3478 5368 prtedeces,

1896 5413 2077 5452 sorum
2124 5405 2462 5456 vestrorum;
2511 5406 2610 5445 vos
2652 5401 2830 5444 autem
2878 5388 3105 5459 singulis
3146 5391 3473 5445 constructis

1893 5489 2117 5544 abbates
2155 5485 2494 5556 prmfecistis,
2540 5497 2639 5536 nec
2671 5492 2849 5536 tamen
2882 5481 3190 5550 antiquiora
3239 5497 3358 5552 qua:
3391 5482 3467 5535 in-

1892 5578 2118 5633 venistis
2136 5576 2405 5646 cortigere
2442 5572 2743 5629 destitistis.
2789 5573 2854 5627 Et
2882 5573 2923 5626 si
2956 5573 3063 5626 vita
3095 5572 3226 5626 mihi
3264 5587 3468 5638 comes,

1893 5672 2004 5726 Deo
2034 5670 2245 5724 volente
2286 5666 2469 5735 fuerit,
2512 5665 2676 5720 etiam
2707 5665 2810 5721 alia
2839 5680 2958 5720 uua:
2987 5666 3039 5719 in
3069 5665 3256 5722 diebus
3276 5666 3472 5721 vestris
