3982 6346
597 311 704 366 963

1457 305 1747 361 APPEND.
1779 304 1871 359 Al)
1906 304 2033 359 ue.
2072 302 2132 358 Ill
2177 302 2501 358 GUIBERTI
2542 302 2627 358 ne
2668 302 2825 359 Vl'l‘A
2865 303 3024 361 sua.
3333 270 3337 274 ’
3684 317 3757 374 9“

599 424 962 493 contigerunt,
991 419 1074 476 vel
1105 419 1421 490 contingere
1446 419 1653 483 videro,
1698 417 2019 473 subnectere
2046 433 2173 487 pro-
2202 428 2247 488 Α
2278 416 2610 486 pusillitatis,
2670 427 2731 472 ut
2767 418 3044 490 particeps
3083 418 3187 473 siin
3228 418 3477 475 bonorum
3498 436 3601 492 quae
3641 425 3682 481 in
3711 446 3755 485 ea

596 515 771 584 posui.
815 513 967 567 Hune
994 525 1123 579 ergo
1150 510 1344 565 librum
1390 518 1585 564 vestra:
1618 507 1931 577 paternitati
1982 516 2038 562 et
2069 507 2172 563 Ee-

596 605 774 660 clesize
837 600 1187 657 Laudunensi
1239 600 1485 668 relinquo
1544 599 1598 653 in
1663 598 1981 663 memoriam
2035 612 2170 654 mea:

597 742 682 769 β

686 739 2476 765 Μ

2277 509 2422 565 facta
2449 510 2674 566 fuerint.

2484 739 3756 769 ﬂ

1524 872 2109 964 CAPITULA
2180 873 2506 960 LIBRI
2585 871 2981 959 PRIMI.

699 1094 856 1166 527
896 1094 1025 1150 Cit).
1064 1094 1104 1148 I.
1144 1094 1221 1148 De
1264 1095 1607 1166 prosperitate
1631 1104 1693 1166 Aet
1732 1093 2043 1166 adversitate
2078 1090 2443 1166 Laudunensis
2502 1086 2787 1166 Ecclesiae;
2823 1096 2870 1166 et
2910 1084 3266 1154 interiectione
3297 1083 3550 1138 Gitaldriei
3578 1086 3756 1155 episcopi,

1202 1175 1250 1218 et
1283 1156 1499 1218 Girardi
1522 1167 1584 1216 de
1615 1163 1913 1230 Cyrisiaco,
1946 1173 1992 1215 et
2020 1163 2354 1215 succensione
2382 1156 3043 1230 duodecitniecclesiarum.

892 1234 1021 1289 CAP.
1072 1233 1134 1289 II.
1176 1233 1254 1288 De
1287 1235 1533 1289 electione
1571 1227 1768 1287 domini
1795 1232 2169 1287 Bartholomtei
2199 1229 2446 1297 episcopi,
2474 1238 2520 1280 et
2554 1227 2825 1287 nobilitate
2849 1227 2985 1296 ejus.

897 1305 1025 1357 CAP.
1068 1305 1149 1357 III.
1195 1304 1268 1356 De
1294 1304 1559 1357 miraculis
1598 1314 1791 1356 sancta:
1829 1302 2018 1356 Marica
2048 1317 2138 1369 per
2166 1298 2470 1369 Franciam.

894 1374 1020 1427 (ΣΑΡ.
1062 1373 1142 1426 ιν.
1192 1374 1265 1427 De
1292 1374 1494 1425 duobus
1532 1374 1811 1426 contractis
1845 1364 2057 1424 sanatis
2086 1370 2225 1439 apud
2244 1367 2593 1439 ilssuldunum
2624 1364 2921 1439 castellum.

889 1444 1015 1495 CAP.

887 1514 1016 1566 CAP.

886 1582 1013 1635 CAP.

884 1651 1013 1705 CAP.

1064 1443 1124 1495 V.
1158 1443 1229 1495 De
1248 1444 1440 1512 juvene
1458 1443 1619 1496 surdo
1647 1455 1695 1494 et
1726 1453 1870 1494 muto
1899 1435 2251 1512 curataapud
2277 1436 2505 1512 ﬂuceiisi
2537 1435 2834 1490 castellum.

1062 1512 1145 1565 VI.
1182 1508 1261 1566 De
1294 1529 1422 1581 pace
1458 1514 1601 1581 facta
1629 1514 1766 1564 inter
1786 1512 1891 1581 duo
1919 1510 2135 1563 castella
2157 1508 2494 1561 dissidentia.

1058 1581 1164 1635 VII.
1209 1580 1527 1637 Demuliere
1563 1590 1759 1651 a’grota
1798 1580 2021 1651 Turonis
2047 1588 2253 1651 curata.

1060 1651 1188 1705 VIII.
1229 1652 1307 1705 De
1321 1652 1512 1720 juvene
1537 1649 1697 1704 surdo
1726 1660 1771 1702 et
1802 1661 1943 1720 muto
1973 1649 2195 1720 Turonis
2217 1662 2421 1720 estate.

888 1723 1017 1774 CAP.
1060 1721 1149 1774 IX.
1192 1721 1267 1773 De
1293 1714 1518 1773 vindicta
1554 1730 1749 1773 sanclw
1781 1719 1968 1772 Μανία»
1994 1719 2135 1786 facta
2164 1734 2229 1770 aa
2260 1716 2510 1771 Sanctum
2532 1715 2874 1771 Laurentium
2897 1716 2961 1770 de
2984 1714 3135 1771 Cala.

895 1793 1023 1843 CAP.
1066 1790 1134 1841 Χ.
1178 1789 1254 1842 De
1282 1792 1496 1843 muliere
1522 1789 1846 1859 parturiente
1870 1787 2160 1859 Andegavis
2191 1797 2403 1841 sanata.

889 1859 1020 1913 ΟΑΡ.
1061 1859 1152 1914 XI.
1198 1860 1270 1913 De
1299 1856 1531 1912 muliere
1544 1858 1706 1913 sterili
1736 1856 2046 1910 Cenomanis
2074 1856 2377 1925 fecundam.

891 1928 1020 1983 CAP.
1063 1929 1176 1983 XII.
1213 1928 1290 1982 De
1328 1929 1583 1983 miraculo
1608 1928 1748 1996 apud
1782 1939 2003 1980 montem
2030 1924 2342 1996 de_Cuarda
2374 1925 2668 1980 castellum.

896 1999 1025 2055 CAP.
1065 1997 1200 2053 XIII.
1240 1997 1320 2052 De
1355 1998 1519 2051 tribus
1546 1994 1815 2052 miraculis
1838 1997 1891 2049 in
1928 1997 2052 2051 urbe
2075 1994 2387 2051 Carnotensi
2409 1996 2563 2065 factis
2594 2012 2686 2065 per
2704 2006 2941 2051 sanctam
2976 1994 3231 2050 Mariam.

604 2149 3737 2176 ——-————_————-————————_———_———

1663 2296 2080 2412 LIBER
2164 2299 2738 2415 PRIMUS.

577 2656 708 2729 Cui.
734 2653 779 2729 l._
796 2683 866 2729 -—_-
888 2651 965 2706 De
984 2651 1327 2729 prosperitate
1352 2659 1402 2703 et
1448 2647 1764 2729 adversante
1786 2647 2154 2729 Londiniensi;
2191 2639 2235 2698 Β
2263 2660 2485 2719 experta
2513 2660 2596 2707 est
2622 2653 3173 2712 animadversionem.
3213 2658 3369 2713 Sicut
3394 2657 3530 2713 enim
3558 2658 3754 2729 quondam

654 2723 935 2786 Ecclesitv,
980 2715 1027 2775 et
1069 2715 1429 2788 interfectione
1490 2715 1764 2789 Gualdrici
1812 2720 2069 2789 episcoyi,
2112 2729 2160 2772 et

648 2793 862 2848 Girardi
913 2792 977 2845 de
1023 2789 1325 2859 Cyrisiaco,
1386 2798 1435 2842 et
1493 2788 1847 2842 succensione
1884 2789 2160 2843 duodecim

646 2863 1005 2918 ecclesiarum.

646 2953 760 3024 (5i)
780 2950 1063 3007 Universis
1090 2959 1296 3006 sanctae
1319 2947 1510 3004 Matris
1529 2948 1789 3004 Ecclesiae
1814 2948 1941 3003 liliis
1969 2963 2067 3018 per
2085 2956 2162 3003 to-

579 3056 690 3100 tum
720 3030 907 3100 orbem
944 3051 1217 3098 terrarum
1249 3041 1548 3111 dispersis,
1589 3041 1770 3095 Beata:
1803 3040 1988 3104 Maria:
2016 3040 2157 3094 Lan-

577 3136 834 3190 duuensis
861 3133 1108 3190 ecclesia:
1132 3131 1405 3195 canonici,
1438 3131 1624 3185 videre
1653 3131 1819 3185 Deum
1847 3131 2075 3186 deorum
2103 3128 2157 3183 in

576 3227 728 3282 Sion.
745 3227 1012 3293 Quoniam
1035 3225 1190 3293 juxta
1207 3224 1432 3278 Beatum
1458 3221 1685 3277 Paulum
1713 3223 2023 3291 apostolum
2048 3230 2158 3276 tota

576 3326 764 3372 sancta
817 3306 1264 3371 Eeelesia‘unum
1304 3312 1507 3367 Christi
1554 3327 1756 3381 corpus
1802 3322 1887 3366 est
1932 3310 2082 3381 (Col.
2118 3327 2158 3377 ι,

573 3408 691 3479 94),
721 3419 779 3463 et
806 3407 967 3476 hujus
995 3406 1242 3475 corporis
1270 3405 1514 3460 membra
1556 3413 1685 3458 sunt
1712 3403 1940 3458 diversa:
1971 3402 2161 3458 Eccle-

574 3505 687 3569 siae,
717 3505 800 3559 vel
828 3502 1023 3573 singuli
1054 3500 1263 3570 ﬁdeles,
1290 3500 1528 3568 dumque
1557 3499 1765 3567 patitur
1791 3512 1959 3551 unum
1991 3512 2160 3551 mem-

574 3597 754 3662 brum,
784 3594 1192 3663 compatiuntur
1227 3592 1407 3646 omnia
1438 3591 1705 3653 membra,
1737 3596 1793 3643 et
1830 3588 1956 3643 dum
1992 3588 2158 3659 glori-

574 3685 766 3738 ﬁcatur
794 3699 962 3736 unum
996 3682 1295 3736 membrum
1334 3681 1679 3750 congaudent
1702 3678 1884 3732 omnia
1915 3678 2159 3732 membra

574 3772 625 3843 (l
653 3772 778 3826 Cur.
821 3788 922 3837 xu,
968 3771 1092 3841 26),
1139 3771 1544 3826 tribulationem
1590 3778 1646 3824 et
1691 3769 1958 3830 dolorem,
1995 3783 2155 3837 quem

574 3862 780 3914 invenit
806 3860 1046 3915 Ecclesia
1077 3870 1261 3915 nostra
1290 3862 1343 3913 in
1370 3859 1565 3914 diebus
1587 3859 1789 3912 nostris
1815 3856 1987 3927 (Psal.
2011 3872 2154 3923 cxw,

554 3953 651 4022 ὅ),
698 3961 754 4005 et
798 3952 1247 4016 consolationem,
1278 3966 1440 4019 quam
1474 3964 1569 4017 per
1598 3948 1881 4002 Dominam
1910 3957 2153 4002 nostram

571 4050 814 4095 sanctam
859 4040 955 4096 Dei
996 4041 1327 4096 Genitricem
1377 4049 1499 4108 post
1536 4038 1902 4093 tribulationis
1950 4040 2152 4094 luctum

571 4133 809 4202 recepit,
862 4141 1060 4188 vestra:
1107 4133 1398 4187 scribendo
1452 4129 1802 4184 notitieamus
1850 4130 2151 4199 dilectioni,

569 4229 837 4289 quatenus
880 4230 937 4275 et
976 4236 1075 4275 vos
1122 4221 1527 4289 congaudentes
1572 4218 1747 4282 nobis,
1784 4218 1913 4285 Deo,
1951 4227 2007 4274 et
2052 4221 2154 4290 piae

567 4311 724 4367 Matri
753 4312 872 4382 ejus
904 4314 1110 4384 gratias
1144 4312 1341 4383 agatis.

637 4404 1057 4460 Laudunensem
1088 4406 1273 4471 itaque
1303 4402 1604 4458 Ecelesiam
1635 4413 1846 4457 certum
1877 4413 1963 4459 est
2008 4404 2153 4458 inter

563 4497 867 4567 praecipuas
916 4497 1070 4567 regni
1125 4495 1461 4550 Francorum
1520 4494 1794 4550 Ecclesiae
1852 4496 2152 4565 antiquitus

566 4592 734 4648 fuisse
762 4593 1031 4647 celebrem
1055 4631 1070 4657 ,
1104 4605 1267 4659 quam
1299 4590 1493 4645 beatus
1536 4590 1811 4660 Remigius
1856 4588 2148 4643 Remorum

565 4683 1032 4753 archiepiscopus,
1080 4683 1221 4736 sicut
1265 4681 1317 4734 in
1350 4680 1468 4748 ejus
1512 4681 1633 4737 Vita
1674 4681 1891 4751 legitur,
1922 4694 1990 4733 ex
2026 4695 2150 4749 pro-

565 4775 699 4844 priis
720 4774 885 4844 528
912 4772 1213 4828 redditibus
1239 4771 1610 4843 locupletavit,
1644 4772 2148 4841 nobilissimumque

563 4872 621 4917 et
648 4863 1085 4917 strenuissimum
1132 4862 1309 4917 virum
1351 4872 1601 4917 sanctum
1651 4861 2040 4917 Genebaudum
2093 4860 2145 4914 in

564 4966 627 5005 ea
676 4951 910 5023 primum
962 4952 1279 5023 episcopum
1333 4952 1677 5008 consecravit
1724 4969 1737 5004 :
1790 4965 2025 5021 cumque
2077 4954 2145 5006 ab

562 5042 680 5110 ejus
711 5051 952 5111 tempore
995 5057 1165 5112 usque
1211 5043 1277 5098 ad
1309 5052 1554 5097 nostram
1585 5050 1831 5107 aetatem,
1862 5056 1961 5111 per
1988 5041 2146 5110 quin-

565 5142 756 5203 gentos
784 5131 897 5187 fere
920 5142 975 5189 et
999 5149 1065 5190 eo
1092 5135 1327 5204 amplius
1351 5147 1542 5195 annos,
1575 5132 1628 5185 in
1653 5147 1846 5201 magna
1873 5130 2146 5201 prosperi-

567 5232 680 5278 tate
709 5222 1001 5290 ﬂoruisset,
1029 5241 1159 5281 ecce
1189 5227 1242 5278 in
1272 5222 1465 5278 diebus
1496 5222 1759 5277 Ludovici
1798 5223 1939 5292 regis
1966 5221 2143 5277 Fran-

565 5325 777 5377 corum,
825 5314 917 5383 qui
961 5314 1064 5369 fuit
1103 5314 1248 5368 lilius
1297 5311 1528 5383 Philippi
1562 5313 1728 5381 regis,
1779 5322 1935 5383 pater
1962 5320 2141 5369 autem

564 5401 818 5459 Ludovici
859 5403 1121 5471 Junioris,
1150 5405 1340 5460 duram
1366 5404 1497 5475 justi
1522 5404 1725 5475 judicis
1762 5402 1925 5475 Regis
1955 5419 2139 5476 regum

2262 2756 2358 2810 per
2398 2740 2567 2796 David
2601 2757 2780 2813 regem
2814 2742 3094 2814 liliumque
3130 2745 3254 2816 ejus
3287 2746 3605 2803 Salomonem
3638 2747 3757 2801 omni-

2261 2842 2453 2900 potens
2501 2832 2643 2887 Deus
2695 2836 2885 2888 urbem
2934 2834 3274 2892 Ilierusalem
3316 2839 3615 2893 excellenter
3647 2835 3757 2908 glori-

2261 2920 2468 2984 ﬁcavit,
2501 2922 2596 2975 sed
2642 2924 2988 2991 postmodum
3026 2937 3252 2997 propter
3288 2939 3503 2999 peccata
3530 2929 3756 2982 inhabitan-

2264 3016 2395 3067 tium
2416 3053 2429 3077 ,
2461 3027 2559 3081 per
2588 3012 3090 3072 Nabuchodonosor
3135 3035 3323 3090 regem
3356 3019 3612 3090 Babylonis
3635 3016 3755 3070 fundi-

2263 3112 2348 3159 tus
2375 3106 2576 3162 destrui
2626 3111 2898 3179 permisit,
2930 3111 3011 3166 sic
3051 3112 3219 3166 etiam
3260 3112 3537 3167 Ecclesium
3564 3120 3754 3172 nostram,

2259 3212 2445 3267 quam,
2478 3210 2537 3255 ut
2559 3202 2877 3271 praedictum
2905 3212 3012 3268 est,
3045 3218 3143 3273 per
3175 3203 3347 3258 multa
3381 3213 3597 3273 tempora
3619 3200 3754 3269 insigni

2259 3290 2428 3361 gloria
2456 3292 2881 3359 sublimaverat,
2913 3295 2967 3348 in
3000 3295 3193 3350 diebus
3226 3295 3427 3350 nostris
3471 3309 3565 3349 non
3602 3291 3755 3363 quidem

2258 3398 2324 3436 ex
2357 3392 2469 3438 toto
2511 3385 2742 3453 destrui,
2790 3389 2885 3442 sed
2932 3386 3100 3441 nimia
3141 3402 3340 3457 passus
3368 3397 3449 3443 est
3494 3384 3755 3441 tribulatione

2257 3474 2467 3540 vexari,
2497 3475 2570 3529 ita
2596 3486 2656 3529 ut
2681 3477 2746 3530 de
2772 3479 2886 3546 ipsa
2914 3492 3131 3547 quoque
3160 3479 3434 3533 veraciter
3452 3477 3566 3532 illud
3589 3475 3753 3547 proplie

2261 3564 2426 3618 ticum
2483 3565 2591 3620 dici
2638 3567 2809 3636 possit
2846 3586 2857 3621 :
2908 3586 2926 3619 ι
2959 3567 3232 3635 Quoniam
3286 3570 3514 3639 suscepit
3555 3569 3609 3621 de
3644 3577 3753 3618 manu

2259 3656 2471 3711 Domini
2507 3658 2745 3729 duplicia
2789 3676 2891 3731 pro
2944 3663 3199 3719 omnibus
3245 3664 3478 3733 peccatis
3522 3661 3617 3717 suis
3652 3656 3750 3730 (lu.

2259 3764 2349 3813 XL,
2380 3748 2455 3820 ‘2).
2498 3769 2517 3803 ι

2329 3862 2480 3916 [lane
2519 3870 2700 3917 autem
2757 3863 3160 3919 tribulationem
3209 3864 3455 3935 quaedam
3494 3853 3750 3932 perturbatio

2181 3988 2222 4044 Ο
2257 3955 2554 4023 praecessit,
2574 3969 2693 4022 qure
2720 3955 2912 4007 futura:
2934 3954 3264 4010 calamitatis
3288 3955 3440 4024 quasi
3460 3946 3750 4007 seminarium.

2256 4054 2309 4098 et
2332 4044 2504 4106 radix,
2537 4059 2600 4097 ac
2645 4046 2944 4112 praenuntia
2986 4045 3100 4098 visa
3153 4055 3237 4099 est
3281 4044 3559 4099 exstitisse.
3586 4034 3749 4104 Quidam

2254 4131 2298 4184 si
2326 4132 2543 4199 quidem
2595 4131 2793 4185 nobilis
2849 4131 3103 4200 princeps
3148 4141 3202 4184 et
3250 4131 3563 4186 castellanos
3601 4119 3750 4176 Laud!!-

2252 4222 2458 4286 nensis,
2485 4223 2703 4277 nomine
2755 4222 3030 4277 Gcrardus
3058 4224 3125 4277 de
3153 4222 3465 4293 Cyrisiaco,
3506 4220 3612 4272 dum
3634 4214 3748 4267 inea-

2251 4313 2372 4367 dem
2406 4313 2623 4367 Sancta:
2667 4314 2964 4368 Genitricis
2994 4315 3223 4369 ecclesia
3257 4313 3477 4385 genibus
3508 4307 3633 4363 ﬂexis
3661 4316 3746 4368 sup-

2248 4405 2465 4475 pliciter
2502 4414 2706 4471 oraret,
2748 4404 2817 4459 ab
2866 4406 3103 4460 inimicis
3146 4407 3285 4469 suis,
3316 4405 3404 4475 qui
3447 4416 3556 4457 eum
3591 4387 3746 4466 aggredi

2250 4512 2358 4551 non
2389 4495 2679 4560 audebant,
2724 4496 2910 4552 dolose
2941 4498 3368 4561 circumventus,
3399 4493 3537 4549 etab
3562 4484 3745 4543 oratione

2248 4602 2498 4658 surgens,
2545 4588 2776 4644 diversis
2821 4589 3121 4659 gladiorum
3174 4589 3349 4659 plagis
3389 4585 3567 4641 ibidem
3606 4574 3745 4632 estin-

2250 4682 2506 4736 terlectus
2534 4681 2668 4751 (52).
2700 4680 2867 4751 Cujus
2895 4682 3160 4752 sanguine
3192 4683 3542 4751 pavimentum
3565 4665 3745 4727 cecinit

2248 4788 2580 4842 respersum,
2610 4790 2734 4829 eum
2763 4775 3041 4829 multoties
3067 4790 3210 4845 aqua
3241 4772 3514 4845 superfusa
3550 4779 3635 4821 non
3658 4771 3745 4827 pos'

2245 4875 2328 4920 set
2356 4866 2423 4919 ad
2455 4867 2670 4935 plenum
2701 4867 2867 4931 ablui,
2899 4867 3194 4937 pluresque
3220 4874 3512 4937 spectatum
3535 4855 3741 4944 venient?

2248 4970 2355 5009 non
2386 4970 2579 5024 parum
2614 4970 2781 5026 super
2809 4957 2913 5011 hoc
2939 4957 3363 5020 admirarentur,
3392 4954 3473 5006 vir
3490 4939 3743 5026 sapientiai?

2246 5060 2367 5099 mus
2416 5025 2692 5115 magister
2721 5047 3035 5111 Anselmus,
3086 5055 3220 5101 tunc
3265 5042 3512 5114 temporis
3553 5025 3739 5091 Εαειαίι

2245 5143 2445 5189 nostrae
2466 5136 2764 5190 canonicus
2787 5144 2841 5190 et
2870 5138 3131 5201 decanus,
3157 5150 3255 5205 per
3282 5144 3444 5189 totum
3470 5140 3587 5198 pene
3605 5117 3736 5205 0M

2244 5224 2495 5279 Latinum
2542 5226 2784 5281 scientia:
2827 5236 2883 5281 et
2922 5203 3243 5295 eloquentiae
3280 5239 3388 5280 sine
3425 5220 3550 5275 fama
3579 5203 3735 5267 notisﬁ‘

2247 5330 2398 5381 mus,
2463 5316 2738 5371 nonnullis
2797 5325 3007 5371 secrete
3067 5299 3378 5386 colloquens
3428 5299 3737 5381 praenuntin

2245 5404 2418 5460 l‘ertur
2450 5406 2596 5462 illam
2627 5408 2908 5479 sanguinis
2940 5408 3257 5464 elfusionem
3278 5447 3293 5473 ,
3323 5400 3519 5460 nonnisi
3558 5388 3732 5462 eiusde”

633 5559 745 5647 (βε)
786 5559 1128 5647 Herma‘nnus
1169 5560 1261 5617 hic
1308 5559 1546 5647 loquitur
1597 5561 1698 5617 sub
1758 5561 1976 5618 nomine
2025 5543 2437 5622 canonicorum'
2465 5563 2935 5629 Laudunensium,
2984 5532 3048 5618 ut
3116 5562 3231 5632 ipse
3296 5552 3534 5615 iudicavit
3574 5548 3616 5602 in
3653 5533 3731 5606 εΡί·

563 5630 697 5684 stola
726 5630 1133 5697 unucupatoria.

631 5699 745 5770 (52)
785 5699 969 5757 Latius
1002 5701 1113 5758 Ιιτερ
1141 5700 1232 5758 lib.
1267 5718 1324 5757 Ill
1366 5700 1500 5759 Vita:
1524 5701 1769 5761 Guiberti
1794 5710 2133 5758 attexuntur.
