3982 6346
254 365 362 421 965

866 424 871 433 ,
948 361 1301 419 HERMANNI
1327 361 1414 417 DE
1443 359 1674 416 MIRAC.
1696 359 1755 414 S.
1794 358 1840 413 Μ

1950 359 2031 413 UE
2065 361 2362 419 lAUllUN.
2400 395 2465 404 —
2492 363 2618 419 LIB.
2663 366 2701 420 Ι.

3406 374 3509 432 966

250 479 501 533 ecclesiae
523 476 959 533 concrematione
981 477 1309 538 diluendam,
1340 477 1594 546 quoniam
1621 484 1827 530 tantum
1862 477 1903 533 Α
1938 481 2157 543 tutaque
2206 489 2340 542 pene.
2380 475 2543 547 529
2593 476 2846 548 Hispania
2898 480 2998 535 sibi
3036 481 3316 554 subiugata
3372 487 3508 542 adeo

258 568 438 622 scelus
476 583 581 622 non
624 582 781 637 aqua,
823 567 916 620 sed
945 567 1123 635 potius
1152 568 1273 636 igne
1303 565 1442 620 foret
1482 565 1833 634 expiandum.

332 655 442 711 Nec
483 655 676 710 fefellit
723 655 897 708 virum
946 656 1265 725 prudentem
1316 669 1414 708 sua
1451 654 1657 723 opinio.
1709 654 1836 709 Post

261 748 537 803 modicum
565 747 769 801 etenim
807 756 1036 815 tempus,
1068 746 1178 800 Deo
1202 744 1580 815 permittente,
1621 743 1836 800 diabolo

261 838 614 901 stimulante,
685 838 913 891 domnus
964 836 1332 901 Gualdricus,
1387 836 1627 906 ejusdem
1686 837 1835 892 urbis

262 931 567 998 episcopus,
600 929 865 982 seditione
911 928 1088 983 subita
1120 942 1151 981 a
1190 928 1400 982 civibus
1426 929 1693 983 concitata
1714 970 1729 993 ,
1782 929 1834 983 in

261 1023 424 1075 domo
450 1036 541 1073 sua
561 1036 680 1075 cum
700 1020 1019 1087 quibusdam
1040 1032 1105 1073 ex
1133 1019 1397 1073 militibus
1414 1020 1527 1074 suis
1547 1020 1837 1074 crudeliter

262 1116 550 1178 occiditur,
580 1112 802 1183 prtet‘ata
833 1112 1048 1167 Sanctae
1080 1112 1261 1167 Maria:
1285 1112 1510 1168 ecclesia
1538 1112 1673 1183 (55),
1706 1127 1829 1169 cum

265 1198 389 1262 aliis
430 1206 904 1278 propinquioribus
945 1206 1133 1261 decem
1180 1205 1296 1261 fere
1335 1205 1601 1269 ecclesiis,
1644 1205 1835 1261 domus

264 1313 483 1368 quoque
538 1298 851 1368 adiacentes
899 1298 1137 1368 episc0pi
1201 1306 1361 1367 atque
1419 1312 1835 1364 cauomcorum,

265 1388 668 1455 multorumque
704 1385 903 1441 civium
936 1388 1059 1456 igne
1087 1387 1366 1456 supposito
1400 1395 1833 1441 concrementur.

266 1474 402 1529 Tela
457 1476 678 1545 insuper
718 1476 848 1530 urbs
890 1476 1260 1529 Landunensis
1309 1475 1518 1531 civibus
1567 1491 1661 1545 per
1690 1477 1836 1530 varia

265 1564 382 1619 lora
408 1566 685 1634 dispersis,
716 1580 856 1635 pene
878 1581 1050 1634 usque
1078 1566 1144 1619 ad
1170 1566 1597 1620 internecionem
1628 1567 1836 1620 destrui

264 1655 501 1719 videtur,
531 1655 602 1707 ita
635 1664 695 1708 ut
732 1655 883 1709 multi
929 1670 1025 1723 per
1054 1669 1175 1709 eam
1228 1664 1591 1720 transeuntes,
1629 1657 1840 1710 ruinas-

266 1758 371 1810 que
398 1742 514 1810 ejus
539 1752 595 1798 et
621 1744 835 1799 cineres
867 1746 1227 1813 aspicientes,
1256 1761 1366 1812 pra!
1395 1745 1559 1799 nimia
1590 1760 1837 1815 compas-

1937 564 2174 617 nominis
2219 565 2302 618 sui
2344 568 2649 636 Opinionem
2698 569 2941 625 dilatavit
2987 581 3045 625 ut
3091 575 3159 627 ab
3208 575 3329 630 aliis
3368 575 3509 631 alter

1936 653 2125 716 Julius,
2154 655 2226 709 ab
2250 656 2373 712 aliis
2402 661 2670 715 secundus
2695 660 2921 716 Carolus
2946 672 3251 730 vocaretur,
3291 666 3361 720 ob
3396 681 3511 721 me-

1937 745 2165 799 moriam
2191 746 2333 802 illius
2376 749 2619 817 praeclari
2648 750 2826 806 Caroli
2855 753 3190 810 Francorum
3221 756 3384 827 regis,
3414 756 3507 827 qui

1936 835 2209 901 quondam
2234 834 2547 905 Hispaniam
2578 840 2753 894 victor
2777 842 3011 911 subegit.

2007 924 2309 980 Secundam
2341 926 2503 981 tiliam
2534 927 2767 985 Hilduini
2794 933 3006 989 comitis
3033 933 3186 989 duxit
3225 937 3507 1008 coniugem

1941 1017 2237 1072 Botboldus
2262 1033 2443 1075 comes
2482 1019 2824 1086 Perticensis,
2854 1025 2920 1077 de
2943 1040 3046 1094 qua
3069 1028 3253 1097 genuit
3284 1028 3509 1085 Rothol-

1938 1108 2064 1163 dum
2092 1109 2345 1163 comitem
2392 1119 2447 1164 et
2479 1110 2749 1166 Julianam
2801 1125 3026 1169 matrem
3073 1119 3385 1189 Margaretae
3425 1137 3512 1177 re-

1936 1203 2075 1270 gina:
2103 1201 2475 1256 Navarrensis.
2504 1203 2708 1265 Tertia,
2738 1192 2955 1259 nomine
2976 1206 3300 1278 Margareta,
3330 1215 3514 1281 nupsit

1935 1286 2149 1358 Hugoui
2196 1289 2379 1343 comiti
2424 1289 2876 1358 Claromontensi,
2927 1295 2992 1349 dc
3021 1310 3126 1364 qua
3172 1299 3381 1367 genitus
3428 1311 3513 1355 est

1938 1377 2232 1432 Rainaldus
2260 1392 2468 1442 comes,
2496 1380 2586 1448 qui
2629 1395 2695 1433 ex
2736 1382 2968 1436 Adelada
3010 1382 3394 1441 Vermandensi
3428 1403 3513 1442 co-

1939 1467 2145 1522 mitissa
2174 1467 2360 1537 genuit
2401 1467 2755 1538 Margaretam
2793 1471 3071 1541 coniugem
3100 1473 3240 1528 illius
3270 1474 3512 1544 praeclari

1937 1557 2116 1613 Caroli
2162 1558 2570 1612 Flandrensium
2619 1562 2852 1615 comitis.
2897 1563 3123 1629 Quarta,
3171 1566 3385 1620 nomine
3419 1566 3517 1620 Er-

1939 1649 2262 1713 mentrudis,
2296 1650 2478 1719 nupsit
2507 1650 2818 1705 Theobaldo
2858 1654 3041 1707 comiti
3089 1655 3155 1709 de
3189 1654 3403 1720 Risnel,
3449 1657 3515 1711 de

1939 1754 2045 1809 qua
2081 1740 2264 1809 gemuit
2296 1738 2636 1794 lleldiardem
2686 1753 2912 1797 matrem
2947 1743 3232 1799 Bertranni
3278 1748 3513 1810 comitis,

264 1833 420 1886 sione
456 1834 725 1903 lacrymas
758 1834 1081 1899 funderent,
1112 1836 1259 1889 illam
1302 1835 1549 1889 Jeremia:
1579 1813 1839 1891 lamenta-
1871 1813 1913 1866 Β
1938 1832 2030 1899 qui
2059 1831 2110 1883 in
2140 1829 2396 1900 Hispania
2421 1831 2711 1888 defullcms
2746 1842 2859 1898 est.
2890 1836 3200 1904 sororisque
3234 1836 3349 1904 ejus
3376 1838 3515 1892 Bea-

267 1923 466 1977 tionem
512 1939 674 1986 super
703 1939 766 1979 ea
792 1941 897 1978 non
931 1926 1225 1996 incongrue
1255 1926 1577 1996 replicantes
1603 1948 1615 1982 :
1650 1946 1669 1979 t
1697 1930 1838 1995 Quo-

267 2014 429 2067 modo
475 2014 627 2067 sedet
675 2014 791 2068 sola
841 2016 1033 2069 civitas
1084 2016 1239 2085 plena
1286 2017 1522 2086 populo?
1566 2017 1706 2074 facta
1758 2028 1841 2073 est

266 2103 419 2170 quasi
460 2103 619 2156 vidua
654 2104 868 2158 domina
898 2105 1138 2175 gentium
1179 2105 1395 2176 (Thren.
1419 2122 1458 2170 ι,
1492 2107 1563 2178 l).
1596 2126 1615 2160 ι
1644 2108 1842 2175 Quem-

267 2193 554 2248 admodum
602 2204 782 2249 autem
835 2195 967 2249 olim
1018 2196 1296 2251 Dominus"
1325 2198 1512 2251 urbem
1542 2196 1839 2253 Jerusalem

266 2283 499 2347 destrui,
551 2296 604 2337 et
655 2284 794 2338 ﬁlios
842 2284 1010 2339 Israel
1052 2285 1314 2353 captivari
1368 2286 1721 2356 permittens,
1775 2290 1841 2343 ad

267 2373 698 2428 consolationem
732 2384 911 2429 tamen
963 2390 1292 2442 paucorum,
1323 2378 1414 2444 qui
1447 2388 1841 2444 remanserant,

267 2460 558 2517 Jercmiam
599 2463 915 2533 prephetam
963 2464 1161 2519 ibidem
1210 2481 1334 2520 cum
1372 2466 1452 2520 eis
1483 2466 1719 2535 reliquit,
1767 2467 1845 2521 sic

269 2564 323 2603 et
354 2552 508 2606 nobis
538 2552 590 2606 in
617 2562 766 2607 tanta
793 2553 1103 2608 calamitate
1124 2554 1487 2623 positis,dnos
1515 2556 1845 2626 sapientissi-

270 2658 389 2697 mos
421 2644 584 2707 viros,
619 2645 902 2714 prmfatum
934 2646 1138 2701 scilicet
1166 2648 1480 2716 magistrum
1510 2647 1844 2713 Ansehnum,

269 2752 693 2808 germanumque
737 2740 854 2809 ejus
884 2743 1202 2812 magistrum
1254 2744 1596 2814 Radulphum
1631 2747 1846 2802 miseri-

270 2829 506 2884 corditer
550 2833 873 2897 reservavit,
903 2835 994 2902 qui
1045 2844 1154 2887 tam
1205 2834 1434 2891 clericos
1474 2852 1635 2905 quam
1683 2837 1849 2895 laicos

271 2922 500 2977 dulciter
526 2924 886 2992 consolantes,
906 2936 958 2979 et
982 2925 1212 2980 diversis
1238 2928 1522 2983 sententiis
1549 2928 1849 2997 Scriptura-

272 3028 391 3066 rum
425 3013 749 3078 refoventes,
792 3031 859 3069 ne
902 3016 953 3069 in
988 3014 1389 3071 tribulationem
1422 3018 1848 3075 adversitatibus

272 3102 586 3170 deficerent,
618 3106 1063 3160 exhortabantur.

272 3216 403 3270 Car.
444 3216 508 3272 ll.
534 3248 604 3258 —
632 3217 705 3271 De
763 3214 1020 3292 electione
1045 3219 1268 3292 domini
1320 3220 1691 3276 Bartholomwi
1733 3221 1843 3292 epi-

644 3288 816 3356 scopi;
860 3297 906 3341 et
937 3290 1202 3343 nobilitate
1228 3292 1479 3360 ejusdem.

353 3378 498 3433 Inter
550 3379 976 3433 consolationum
1032 3389 1208 3435 tamen
1250 3382 1537 3452 colloquia,
1589 3398 1709 3436 cum
1757 3397 1847 3436 sa-

271 3471 546 3542 pientibus
590 3480 645 3524 et
693 3471 966 3541 religiosis
1016 3473 1147 3527 viris
1197 3475 1481 3543 diligenter
1523 3485 1579 3530 et
1622 3476 1850 3531 sollicite

272 3561 652 3626 discutientes,
687 3571 995 3615 utrumnam
1041 3564 1275 3632 aliquem
1325 3566 1563 3620 invenire
1608 3576 1847 3635 possent,

273 3665 372 3719 per
402 3665 560 3719 quem
600 3658 706 3704 tam
740 3652 1066 3706 miserabilis
1110 3662 1163 3706 et
1194 3654 1462 3707 horrenda
1490 3656 1669 3709 clades
1698 3671 1853 3724 repa-

273 3742 387 3795 rari
443 3742 665 3796 valeret.
703 3742 965 3809 Tandem,
1021 3744 1317 3813 inspirante
1369 3746 1502 3809 Deo,
1536 3756 1854 3815 repererunt

206 3852 212 3857 ·
273 3834 493 3888 salubre
519 3834 825 3900 consilium,
857 3845 915 3888 ut
944 3837 1010 3890 ad
1042 3836 1282 3902 eiusdem
1313 3834 1463 3891 urbis
1485 3838 1850 3909 episcopatum

272 3923 537 3991 eligerent
563 3925 822 3978 domuum
856 3926 1328 3991 Bartholomicum,
1363 3926 1644 3982 Remensis
1674 3928 1852 3983 cccle-

273 4013 369 4066 siae
402 4012 577 4077 Beata:
614 4013 796 4069 Maria:
841 4017 1159 4071 canonicum
1200 4026 1254 4071 et
1287 4018 1709 4081 thesanrarium,
1742 4028 1851 4072 tam

274 4102 491 4170 generis
528 4102 764 4156 notabile
803 4117 964 4171 quam
994 4115 1047 4158 et
1086 4121 1294 4159 morum
1326 4107 1615 4174 probitate,
1646 4107 1699 4159 in
1747 4105 1854 4161 Re-

276 4191 491 4255 mensi,
556 4190 1005 4262 Laudnnensique
1062 4196 1334 4264 provincia
1408 4194 1851 4253 famosissimum.

273 4280 640 4349 Cognatorum
689 4285 952 4353 siquidem
999 4286 1116 4353 eius
1145 4288 1491 4349 excellentia,
1538 4304 1645 4343 non
1679 4289 1853 4343 solum

276 4371 334 4423 in
373 4370 620 4433 Francia,
650 4372 742 4426 sed
783 4381 837 4426 et
883 4374 936 4427 in
969 4374 1248 4444 Hispania,
1282 4378 1585 4447 llurgundia
1615 4393 1853 4446 quoque,

272 4468 334 4513 et
403 4459 745 4530 Lotharingia
802 4464 1215 4531 przedicahatur.
1279 4465 1561 4519 llilduinus
1616 4480 1852 4534 namque

271 4564 462 4605 comes
501 4551 785 4605 Rociensis
831 4567 963 4608 avus
1001 4551 1117 4621 eius
1155 4555 1308 4607 duxit
1338 4554 1617 4623 coniugem
1657 4554 1854 4610 Adcla-

274 4641 402 4693 dam
452 4658 769 4711 germanam
807 4645 987 4699 domni
1038 4643 1284 4698 Manasse
1333 4642 1624 4697 Remorum
1670 4646 1854 4700 archi-

273 4730 542 4801 episcopi,
574 4748 640 4787 ex
688 4749 792 4802 qua
828 4733 1018 4803 genuit
1047 4733 1274 4786 Ebalum
1315 4734 1569 4788 comitem
1606 4734 1673 4789 de
1700 4735 1854 4800 Roci,

275 4831 335 4874 et
377 4821 648 4877 Andream
695 4826 951 4879 comitem
996 4824 1062 4879 de
1095 4823 1414 4889 Ratiieruth,
1463 4835 1672 4893 patrem
1704 4825 1854 4879 Ebali

277 4908 691 4968 Catalauneusis
749 4914 1017 4983 episcopi,
1073 4925 1388 4983 septemque
1440 4914 1598 4968 tilias.
1654 4913 1854 4969 Harum

279 5015 468 5064 unam,
500 5004 718 5058 nomine
741 5004 1021 5065 Feliciam,
1041 5004 1093 5058 in
1118 5002 1374 5073 llispania
1396 5004 1549 5059 duxit
1574 5007 1854 5077 coniugem

278 5086 516 5143 Sanctus
548 5104 642 5145 rex
686 5092 1097 5160 Arragonensis,
1137 5102 1193 5146 et
1236 5107 1303 5147 ex
1336 5109 1399 5149 ea
1444 5097 1630 5164 genuit
1676 5096 1858 5152 llilde-

279 5177 492 5233 fonsum
526 5194 706 5250 regem
746 5181 1201 5250 potentissimum,
1239 5183 1330 5250 qui
1372 5185 1513 5252 patri
1559 5187 1857 5241 succedens

234 5290 239 5295 ι
279 5267 335 5321 in
387 5283 587 5338 regno,
640 5270 963 5323 fortissimas
1009 5270 1206 5336 urbes,
1257 5282 1313 5326 et
1360 5274 1579 5329 castella
1634 5275 1860 5344 paganis

277 5358 545 5413 violenter
573 5360 870 5429 prmliando
897 5359 1140 5422 ahstulit,
1172 5370 1228 5415 et
1253 5360 1579 5419 Christianis
1608 5365 1856 5430 tradidit,

276 5450 786 5523 Cmam-Augustam
835 5451 1045 5507 scilicet
1081 5451 1225 5508 beati
1291 5451 1559 5508 Vincentii
1603 5454 1861 5523 martyris

278 5542 728 5598 archidiaconatu
780 5543 1075 5609 famosam;
1130 5546 1486 5601 Terassonam
1532 5559 1767 5615 quoque,
1804 5556 1860 5601 et

280 5628 567 5699 Tndelam,
597 5632 937 5697 Barbastam,
969 5643 1024 5688 et
1052 5632 1308 5705 Burgiam
1342 5652 1464 5692 cum
1500 5636 1620 5693 aliis
1651 5635 1859 5705 multis,

355 5741 469 5815 (53)
512 5745 642 5802 Vide
661 5744 980 5806 Gttibertum
1004 5748 1121 5805 loco
1147 5748 1340 5805 citato.

1944 1922 2113 1987 tricis,
2139 1935 2260 1991 qua:
2287 1938 2354 1977 ex
2386 1921 2606 1992 Hngone
2627 1924 2693 1978 de
2722 1924 3057 1980 Montcornet
3080 1929 3265 1996 genuit
3291 1928 3518 1984 Bartho-

1940 2011 2186 2066 lomaeum
2246 2013 2652 2069 Laudnnensem
2706 2016 3146 2072 archidiaconum
3193 2029 3247 2074 et
3305 2021 3519 2074 thesau-

1943 2105 2165 2158 rarium.
2195 2103 2480 2171 Quintam,
2526 2106 2746 2160 nomine
2788 2106 2992 2173 Adam,
3024 2110 3174 2163 duxit
3198 2109 3518 2166 (todefridus

1946 2195 2012 2249 de
2042 2193 2265 2262 Gusgia,
2296 2202 2349 2248 et
2376 2209 2439 2248 ex
2469 2208 2532 2247 ea
2560 2196 2745 2265 genuit
2786 2196 3087 2253 Guidonem
3131 2209 3336 2269 patrem
3385 2201 3522 2255 Bur-

1944 2285 2117 2339 cardi.
2146 2283 2411 2337 Defuncto
2436 2294 2616 2338 autem
2640 2285 2950 2351 Godefrido,
2970 2288 3156 2343 eadem
3179 2290 3291 2345 Ada
3313 2291 3521 2360 accepit

1946 2375 2199 2428 maritum
2230 2375 2527 2429 Walterum
2561 2378 2626 2430 de
2665 2377 2826 2431 Aath.
2874 2377 2992 2444 Quo
3039 2391 3281 2447 mortuo,
3316 2382 3523 2452 accepit

1948 2465 2163 2519 tertium
2191 2466 2445 2518 maritum
2484 2464 2877 2522 Theodoricum
2905 2471 2972 2524 de
3014 2471 3283 2535 Avesniis,
3318 2484 3373 2526 ct
3398 2488 3521 2527 cum

1946 2555 2305 2610 eo‘exstruxit
2349 2556 2656 2610 ctenobium
2702 2558 2844 2626 quod
2890 2559 3090 2614 dicitur
3119 2560 3186 2615 de
3215 2561 3418 2615 Leseiis
3467 2562 3522 2615 in

1946 2645 2162 2715 propria
2190 2645 2529 2714 possessione
2553 2661 2685 2712 sua;
2720 2647 3082 2718 defunctoque
3111 2652 3297 2705 eodem
3344 2650 3523 2705 Theo-

1948 2736 2150 2801 dorico,
2182 2739 2293 2807 ipsa
2326 2754 2382 2792 se
2407 2750 2474 2789 ex
2505 2743 2616 2790 toto
2646 2737 2874 2792 contulit
2917 2739 3093 2792 eidem
3135 2739 3399 2802 emnobio,
3431 2740 3522 2795 ubi

1948 2826 2192 2895 pluribus
2220 2828 2376 2882 annis
2404 2828 2656 2897 religiose
2701 2827 2906 2894 vivens,
2938 2828 3185 2883 defuncta
3217 2839 3272 2883 et
3317 2829 3523 2899 sepulta

1949 2928 2052 2973 est.
2106 2919 2325 2974 Sextam
2374 2919 2528 2973 duxit
2583 2918 2864 2987 coniugem
2922 2920 3177 2975 Ernulfus
3226 2936 3407 2976 comes
3456 2922 3525 2976 de

1949 3007 2179 3073 Waren;
2206 3009 2295 3077 qui
2325 3011 2507 3079 genuit
2539 3007 2805 3064 Othonem
2839 3012 3089 3065 comitem
3121 3012 3186 3065 de
3214 3011 3391 3075 Cisni;
3432 3012 3524 3079 qui

1948 3096 2091 3151 Otho
2126 3097 2309 3167 genuit
2326 3098 2770 3168 Auhertum;qui
2812 3100 3084 3154 Aubertus
3120 3102 3303 3169 genuit
3325 3100 3525 3155 Auber-

1952 3197 2061 3242 tum
2090 3187 2365 3252 comitem,
2393 3197 2448 3242 et
2490 3186 2766 3242 Ernulfum
2804 3190 3112 3258 episcopum
3147 3190 3212 3244 de
3251 3189 3521 3244 Verduno.

2017 3278 2243 3345 Quidam
2268 3288 2446 3333 autem
2476 3280 2841 3335 nobilissimus
2862 3280 3114 3349 princeps
3136 3280 3189 3334 in
3216 3278 3525 3350 Burgundia

1948 3368 2166 3423 nomine
2190 3367 2351 3422 Falco
2386 3369 2451 3422 de
2490 3366 2605 3432 Jur,
2647 3368 2730 3422 vel
2759 3368 2825 3422 de
2856 3369 3097 3434 Serrata,
3124 3377 3399 3439 comperta
3429 3382 3526 3422 no-

1949 3457 2159 3512 bilitate
2185 3466 2241 3510 et
2267 3456 2581 3511 excellentia
2627 3457 2833 3527 prtefati
2879 3450 3092 3512 comitis
3135 3456 3368 3511 Hilduini
3408 3471 3525 3510 am-

1949 3549 2136 3603 biebat
2162 3564 2324 3602 unam
2353 3563 2418 3602 ex
2465 3547 2680 3602 ﬁliabus
2707 3547 2824 3616 eius
2868 3548 2969 3602 sibi
3016 3548 3265 3618 coniugio
3290 3548 3518 3613 sociari;

1951 3639 2046 3694 sed
2072 3653 2194 3692 cum
2232 3639 2282 3692 id
2327 3639 2618 3708 impetrare
2647 3640 2918 3708 nequiret,
2941 3640 3159 3709 iurante
3202 3647 3354 3709 patre
3384 3655 3525 3694 nun-

1953 3743 2115 3797 quam
2145 3728 2310 3781 liliam
2337 3744 2488 3784 suam
2536 3729 2896 3800 Burgundioni
2926 3732 3187 3796 dandam,
3215 3731 3439 3804 contig:t
3469 3740 3527 3784 ut

1910 3858 1915 3862 -
1952 3817 2227 3886 Philippus
2259 3833 2352 3872 rex
2392 3818 2723 3873 Francorum
2753 3821 2998 3874 eumdem
3025 3820 3278 3875 comitem
3322 3819 3528 3874 Hildui-

1954 3923 2082 3961 num
2114 3923 2235 3962 cum
2280 3910 2479 3963 domno
2522 3909 2818 3964 llclinando
2869 3910 3203 3966 Lauduncnsi
3252 3911 3525 3981 episcopo,

1955 4000 2181 4070 aliisque
2212 3999 2479 4055 nonnullis
2507 4000 2857 4069 principibus,
2891 4016 2988 4069 pro
3008 4003 3279 4057 communi
3314 4001 3528 4072 negotio

1956 4090 2105 4160 regni
2160 4089 2385 4145 Romam
2430 4086 2820 4145 transmitteret
2867 4092 2933 4146 ad
2982 4092 3255 4146 dominum
3311 4107 3526 4161 papam.

1956 4181 2110 4249 Quod
2138 4181 2227 4236 ubi
2270 4181 2603 4236 notiflcatum
2634 4191 2718 4237 est
2744 4183 3000 4251 praadicto
3025 4183 3251 4251 principi
3283 4182 3525 4249 Falconi,

1958 4274 2185 4330 insidias
2214 4272 2568 4329 redeuntibus
2595 4287 2690 4342 per
2732 4272 2959 4342 plurima
3004 4272 3118 4326 loca
3149 4272 3388 4339 paravit,
3422 4271 3529 4325 sic-

1958 4381 2062 4433 que
2111 4366 2164 4419 in
2212 4365 2404 4419 itinere
2451 4372 2660 4433 captos,
2705 4372 2759 4415 et
2806 4361 3056 4415 onmibus
3097 4377 3217 4428 qua:
3258 4360 3531 4415 habebant

1960 4453 2238 4523 spoliatos,
2281 4470 2389 4508 non
2436 4452 2588 4524 prius
2631 4451 2901 4507 dimittere
2947 4450 3115 4503 voluit
3161 4449 3332 4504 donec
3384 4449 3529 4503 idem

1956 4559 2139 4600 comes
2189 4545 2527 4613 promitteret
2564 4541 2915 4612 jurejurando
2957 4557 3015 4596 se
3065 4541 3228 4593 tiliam
3279 4554 3433 4595 suam
3477 4540 3530 4594 ei

1956 4637 2228 4691 daturum.
2281 4634 2396 4700 Qua
2458 4635 2745 4703 sponsione
2788 4640 3033 4703 accepta,
3089 4645 3278 4686 omnes
3330 4630 3530 4686 liberos

1955 4726 2161 4780 dimisit
2201 4725 2537 4794 plurimaque
2577 4724 2657 4778 eis
2683 4724 2821 4777 dona
2865 4724 3159 4779 liberaliter
3192 4723 3444 4786 contulit,
3472 4731 3529 4777 et

1955 4832 2078 4871 cum
2108 4830 2304 4886 magno
2350 4816 2551 4869 honore
2582 4816 2647 4870 ad
2678 4816 2892 4885 propria
2924 4817 3149 4875 remisit.
3191 4815 3385 4871 Comes
3423 4817 3528 4870 ita-

1956 4922 2063 4977 que
2117 4921 2366 4960 reversus
2420 4906 2471 4959 in
2519 4905 2841 4971 Franciam,
2891 4905 3052 4960 filiam
3110 4922 3263 4961 suam
3312 4906 3529 4960 nomine

1957 4996 2274 5061 Adeladam,
2302 5011 2424 5051 cum
2457 4995 2640 5049 multis
2667 4995 2857 5062 opibus
2877 4995 2927 5049 in
2953 4994 3315 5064 Burgundiam
3347 5002 3525 5049 trans-

1959 5088 2200 5151 missam,
2234 5086 2455 5157 praefato
2486 5085 2712 5154 principi
2763 5086 3010 5156 coniugio
3038 5085 3285 5139 sociavit.
3321 5083 3395 5137 De
3422 5099 3528 5153 qua

1960 5180 2099 5233 idem
2128 5177 2290 5233 Falco
2332 5178 2698 5247 supradictum
2740 5179 3049 5247 episcopum
3094 5176 3350 5233 domuum
3400 5179 3529 5232 Bar-

1959 5270 2303 5325 tholomaeum
2331 5269 2543 5339 genuit,
2571 5284 2694 5323 cum
2723 5269 2843 5324 aliis
2872 5270 2994 5325 filiis
3023 5279 3079 5325 et
3120 5269 3335 5324 ﬁliabus
3353 5309 3369 5335 ,
3396 5284 3530 5340 qua-

1962 5376 2081 5415 rum
2123 5374 2229 5412 una
2259 5357 2361 5411 fuit
2403 5358 2800 5424 Ermentrudis,
2829 5375 2993 5429 quam
3041 5375 3258 5416 rursum
3294 5360 3363 5415 de
3402 5348 3511 5415 But

1961 5452 2158 5526 gundia
2207 5449 2260 5504 in
2306 5447 2592 5505 Franciam
2639 5450 2871 5508 delatam
2920 5451 3186 5507 Henricus
3230 5466 3414 5507 comes
3463 5451 3533 5506 de

1961 5550 2326 5620 Grandiprato
2362 5548 2646 5618 coniugem
2676 5544 2857 5609 duxit;
2884 5538 2944 5599 et
2977 5559 3041 5600 ex
3088 5560 3151 5600 ea
3196 5545 3530 5616 aequivocum

1963 5641 2064 5697 sibi
2098 5641 2388 5698 Henricum
2414 5639 2669 5699 comitem
2709 5639 2929 5709 genuit;
2970 5651 3388 5709 germanamque
3415 5633 3533 5705 eius
