4018 6324
548 323 654 379 967

1341 317 1632 373 APPEND.
1675 319 1765 372 AD
1804 316 1932 372 LIB.
1973 315 2036 370 lll
2079 314 2138 370 Gl

2247 314 2401 369 ERTI
2440 315 2531 371 DE
2570 318 2727 374 VITA
2767 319 2918 376 SUA.
3696 326 3778 387 968

550 434 843 489 Adcladcm
895 440 1120 486 matrem
1170 428 1389 487 Ricardi
1421 430 1777 487 Virdunensis
1813 446 1878 485 ac
1913 429 2133 484 Laudu-
2159 432 2207 488 Α
2240 426 2470 496 religiosi
2502 430 2602 483 viri
2632 438 2691 483 ut
2716 430 2921 487 electos
2941 445 3006 485 ex
3030 432 3248 488 clericis
3273 434 3488 504 aliquos
3512 435 3637 490 boni
3659 442 3781 494 testi-

549 527 736 577 ncnsis
766 520 1154 576 archidiaconi.

622 616 719 669 llic
745 630 875 683 ergo
906 612 1333 668 Bartholomteus
1368 613 1545 668 adlmc
1575 614 1834 684 puerulus
1875 614 1927 667 in
1957 612 2131 667 Fran-

546 707 687 761 ciam
714 707 779 759 ad
810 704 1035 759 Ebalum
1061 707 1384 759 avunculum
1418 721 1575 758 suum
1617 706 1872 760 comitem
1904 704 2130 759 Rocien-

547 811 661 849 seni
694 794 960 858 defertur,
994 794 1300 864 litterisque
1332 795 1566 849 traditus
1595 810 1623 848 a
1652 796 1852 849 domno
1882 794 2130 848 Manasse

549 887 843 942 Remorum
898 887 1343 957 archiepiscopo,
1400 888 1593 942 tuatris
1655 904 1767 941 sua:
1829 888 2127 948 avunculo,

548 976 832 1041 educatur,
880 985 935 1029 et
982 977 1159 1045 primo
1193 978 1492 1033 canonicus
1545 977 1760 1033 Sancta:
1806 977 1987 1032 Marine
2026 980 2131 1033 Re-

551 1068 754 1121 mensis
822 1067 1110 1136 ecclesiaa,
1179 1070 1374 1123 deinde
1444 1070 1817 1124 thesaurarins
1877 1069 2129 1124 eﬂieitur.

548 1154 743 1210 Postea
772 1172 903 1210 vero
946 1172 1070 1212 cum
1114 1158 1225 1228 jam
1274 1157 1653 1213 Laudunensis
1697 1157 1951 1213 Ecclesia:
1987 1169 2133 1215 esset

550 1249 869 1315 canonicus,
914 1250 1081 1304 Adela
1130 1251 1552 1305 Vermaudensis
1590 1250 1890 1316 comitissa,
1937 1252 2133 1323 conjux

553 1335 795 1407 llugonis
842 1338 1039 1408 Magni,
1083 1341 1174 1407 qui
1226 1341 1324 1395 fuit
1378 1356 1670 1411 germanus
1712 1341 1939 1412 Philippi
1992 1345 2135 1415 regis

557 1426 907 1493 Francorum,
932 1447 1053 1484 cum
1081 1440 1202 1498 post
1235 1440 1463 1485 mortem
1491 1430 1733 1500 ejusdem
1766 1432 2027 1503 Hugonis,
2069 1435 2137 1489 de

554 1532 663 1585 quo
711 1528 969 1587 genuerat
1016 1518 1303 1574 Radulfum
1348 1520 1601 1575 comitem
1637 1521 2132 1588 Vermandensem,

553 1616 611 1662 et
659 1608 932 1662 Simonem
986 1611 1298 1679 episcopum
1359 1610 1813 1676 Noviomensem,
1864 1614 2135 1682 nupsisset

553 1696 817 1753 Rainaldo
856 1700 1041 1754 comiti
1086 1700 1554 1767 Claromontensi,
1606 1705 1854 1757 eumdem
1904 1703 2138 1760 Bartho-

2234 519 2401 573 monii
2433 520 2595 585 viros,
2628 534 2749 575 cum
2786 522 3030 590 reliquiis
3060 525 3299 578 Domina:
3335 534 3539 579 nostra:
3578 535 3634 580 et
3673 528 3782 585 alio-

2234 624 2353 662 rum
2389 620 2720 676 sanctorum,
2766 628 2863 682 per
2894 614 3177 668 Franciam
3213 616 3280 668 ad
3316 617 3647 685 expetendas
3677 618 3783 676 lide-

2233 698 2362 753 liutn
2408 699 2777 771 elcemosynas
2827 704 3340 758 transmitteremus.
3382 705 3587 759 Eorum
3634 707 3784 777 itaque

2232 789 2460 841 Consilio
2507 789 2770 855 elegimus
2817 802 3023 858 septem
3074 795 3368 848 canonicos
3424 808 3491 848 ex
3560 793 3786 853 fratribus

2233 879 2457 944 nostris,
2506 880 2769 933 Bosonem
2815 881 3051 945 scilicet,
3093 882 3424 946 Rohertnm,
3467 884 3782 951 Anselmum,

2234 968 2592 1035 Herbertum,
2643 971 2971 1037 Robertum,
3029 973 3410 1039 Bonefacium,
3471 977 3786 1032 Amisarduta

2231 1060 2634 1130 presbyterum,
2666 1061 2933 1127 Odonem,
2971 1064 3059 1132 qui
3088 1072 3272 1132 postea
3302 1065 3403 1117 fuit
3432 1064 3602 1120 abbas
3631 1081 3788 1121 mona-

2232 1153 2382 1207 sterii
2420 1154 2562 1223 quod
2608 1154 2808 1209 dicitur
2835 1155 2997 1210 Bonae
3021 1157 3168 1226 Spei,
3200 1158 3254 1211 in
3282 1159 3601 1228 episcopatu
3629 1159 3789 1217 Came-

2234 1243 2471 1298 racensi.
2501 1243 2604 1299 Sex
2635 1260 2851 1315 quoque
2874 1245 3040 1301 laicos
3060 1262 3126 1302 ex
3151 1247 3363 1303 civibus
3386 1251 3469 1303 eis
3489 1249 3789 1317 addidimus,

2235 1332 2526 1387 Ricardum
2555 1321 2825 1398 videlicet,
2872 1333 3137 1391 Joannem
3169 1337 3310 1403 Piot,
3346 1337 3614 1403 Odonem,
3653 1337 3789 1393 Lam-

2234 1421 2470 1487 bertum,
2500 1420 2786 1488 Bosonem,
2811 1433 2868 1479 et
2895 1423 3290 1480 Theodericum
3322 1426 3388 1480 de
3420 1425 3678 1481 Brueriis.
3706 1427 3791 1483 llos

2236 1512 2420 1581 itaque
2445 1528 2568 1569 cum
2610 1514 2815 1570 feretro
2860 1515 3104 1572 Dominae
3142 1526 3363 1580 nostras,
3412 1528 3470 1572 et
3497 1517 3621 1571 aliis
3646 1521 3793 1587 capsis

2236 1603 2588 1673 reliquiarum
2640 1606 3037 1662 transmisimus
3101 1608 3169 1662 ad
3223 1608 3546 1678 accipienda
3598 1607 3793 1662 donaria

2240 1699 2498 1755 fidelium.

552 1786 801 1841 lomaeum
838 1790 1006 1843 sciret
1058 1791 1236 1846 mariti
1276 1792 1357 1846 sui
1399 1807 1522 1847 esse
1568 1793 1987 1861 consobrinum,
2038 1810 2137 1864 pro
2171 1787 2214 1840 Β
2315 1812 2553 1865 Ecclesia
2601 1826 2730 1866 νει-ο
2777 1812 2955 1867 fuerat
2999 1827 3261 1869 succensa
3312 1812 3448 1869 fel-ia
3497 1814 3681 1882 quam;
3719 1830 3795 1884 pa-

555 1891 744 1930 amore
772 1876 888 1945 ejus
914 1878 1046 1933 fecit
1072 1894 1196 1934 eum
1238 1882 1637 1936 thesaurarium
1684 1882 1926 1937 ecclesiae
1953 1885 2129 1938 sancti

556 1968 802 2035 Quintini
842 1970 1290 2037 Vermandensis;
1325 1973 1531 2041 sicque,
1556 1983 1610 2026 ut
1635 1974 2002 2043 supradictum
2031 1984 2135 2040 est,

555 2068 612 2112 et
645 2062 861 2126 generis
893 2062 1195 2127 nobilitate,
1226 2071 1280 2118 et
1302 2078 1511 2118 morum
1547 2066 1813 2134 probitate
1838 2074 1891 2121 et
1920 2068 2137 2121 divitia-

560 2164 680 2203 rum
728 2150 1000 2220 opulentia
1049 2153 1191 2207 idem
1228 2153 1654 2208 Barlholomaaus
1701 2154 1938 2211 famosus
1977 2159 2139 2213 habe-

556 2241 735 2295 batur.
766 2243 982 2299 Electus
1014 2244 1197 2314 itaque
1225 2245 1467 2299 unanimi
1517 2246 1680 2299 totius
1703 2246 1833 2300 cleri
1866 2256 1921 2301 et
1956 2250 2138 2318 populi

554 2346 784 2387 assensu
816 2334 882 2388 ad
925 2333 1294 2403 pontiﬁcatum
1341 2335 1489 2390 urbis
1522 2335 1911 2402 Lauduneusis,
1941 2338 2139 2394 domno

553 2422 791 2478 Radulfo
836 2422 1132 2478 Remorum
1169 2425 1598 2495 archiepiscopo,
1640 2427 1732 2495 qui
1769 2428 1993 2497 praefato
2022 2430 2140 2485 Ma-

556 2527 722 2568 nasse
776 2513 970 2567 matris
1006 2513 1122 2582 ejus
1170 2513 1438 2570 avunculo
1491 2526 1853 2581 successerat,
1904 2532 2141 2587 praesen-

557 2614 727 2668 tatur,
758 2614 812 2659 et
840 2604 911 2659 ab
957 2621 1022 2661 eo
1053 2607 1344 2677 multisque
1389 2609 1512 2663 aliis
1559 2609 1848 2681 episcopis,
1898 2622 2141 2682 tempore

553 2694 837 2751 Paschalis
865 2710 1038 2766 papte,
1065 2708 1131 2752 et.
1149 2699 1409 2755 Ludovici
1436 2701 1578 2772 regis
1614 2701 1970 2769 Francorum,
2000 2705 2141 2759 cele-

552 2784 792 2840 berrime
822 2798 1201 2863 consecratus,
1229 2790 1423 2846 ovibus
1462 2791 1921 2849 desolatisnovus
1955 2806 2142 2864 pastor

556 2878 963 2934 transmittitur.

626 2968 737 3022 Sed
786 2970 876 3024 ille
923 2969 1242 3026 Laudunum
1287 2973 1535 3037 veniens,
1580 2980 1635 3026 et
1683 2988 1788 3027 non
1832 2973 2138 3040 ecclesiam,

555 3074 664 3114 non
694 3061 913 3115 domum
940 3062 1337 3132 episcopalem,
1368 3065 1475 3119 imo
1525 3063 1601 3117 nil
1648 3079 1785 3133 pene
1817 3074 2018 3135 preter
2062 3065 2138 3120 fa-

2242 1900 2441 1955 scbalis
2471 1902 2843 1966 hebdomadas,
2872 1903 3081 1973 ipsique
3101 1904 3307 1974 egressi
3329 1913 3458 1958 sunt
3481 1905 3615 1958 feria
3642 1905 3796 1972 quinta

2241 2001 2366 2046 ante
2413 1992 2816 2058 Pentecoswm,
2874 1994 2925 2047 id
2968 2003 3052 2049 est
3094 1995 3147 2049 in
3199 1995 3409 2050 octavis
3454 1996 3794 2058 Ascensionis,

2241 2084 2617 2152 demoratique
2647 2094 2773 2138 sunt
2801 2099 2971 2155 usque
2995 2086 3139 2140 circa
3171 2086 3369 2140 festum
3402 2085 3643 2139 Matthxi
3664 2100 3796 2139 evan-

2242 2174 2465 2243 gelistte.
2504 2176 2765 2231 Dominus
2790 2191 2937 2247 ergo,
2970 2181 3051 2231 cui
3085 2193 3183 2248 per
3216 2179 3546 2248 Prophetam
3586 2179 3797 2233 dicitur:

2248 2283 2265 2314 ι
2310 2267 2448 2321 Dens
2484 2266 2727 2335 repulisti
2774 2283 2898 2333 nos,
2926 2278 2979 2322 et
3005 2269 3319 2323 destruxisti
3358 2284 3458 2322 nos
3484 2308 3499 2333 ,
3544 2270 3709 2322 iratus
3734 2284 3797 2332 es,

2241 2363 2296 2409 et
2353 2358 2606 2411 misertus
2653 2371 2713 2412 es
2754 2358 2923 2412 nostri
2959 2358 3133 2429 (Paul.
3183 2374 3307 2423 ιιι,
3352 2359 3444 2429 '5);
3490 2376 3509 2409 ι
3556 2369 3610 2411 et
3652 2358 3797 2411 alibi:

2248 2466 2266 2498 ι
2303 2448 2437 2503 Cum
2490 2449 2662 2504 iratus
2723 2448 2931 2515 fueris,
2996 2449 3387 2504 misericordiae
3450 2450 3800 2504 recordaberis

2244 2540 2476 2611 (Habac.
2504 2557 2585 2606 ιιι,
2617 2541 2712 2613 4);
2753 2561 2771 2593 ι
2804 2541 3101 2596 Ecclesiam
3153 2551 3427 2605 nostram,
3475 2556 3641 2609 quam
3693 2542 3803 2595 dure

2241 2628 2500 2696 ﬂagellari
2531 2631 2883 2700 permiserat,
2918 2630 3170 2701 precibus
3199 2645 3312 2684 sua:
3353 2630 3619 2700 piissimae
3647 2629 3803 2684 Matris

2244 2720 2508 2789 placatus,
2538 2737 2644 2776 non
2674 2721 2886 2776 distulit
2929 2720 3357 2776 misericorditer
3399 2720 3668 2776 refovere.
3702 2720 3804 2774 Plu-

2245 2812 2382 2865 rima
2414 2812 2678 2883 siquidem
2713 2813 2974 2868 miracula
3022 2814 3076 2867 in
3122 2814 3311 2869 eodem
3344 2813 3542 2868 itinere
3573 2828 3669 2882 per
3709 2810 3804 2879 ejus

2243 2906 2486 2960 ostendit
2508 2905 2787 2974 reliquias,
2811 2905 2878 2959 de
2904 2906 3102 2975 quibus
3128 2904 3385 2961 nonnulla
3413 2914 3802 2975 prteterenntes,

2244 3010 2414 3067 pauca
2474 3004 2714 3064 tantum,
2760 2996 2855 3052 sed
2902 2997 3185 3054 notissima
3228 3007 3573 3067 posterorum
3625 2997 3805 3051 notitia

2244 3090 2531 3146 scribendo
2561 3091 2995 3145 transmittimus.

555 3150 712 3205 villas
740 3160 797 3207 et
823 3152 1039 3207 cineres
1067 3154 1372 3221 inveniens,
1401 3155 1509 3210 dici
1539 3170 1641 3211 non
1670 3167 1849 3226 potest
1876 3166 2135 3229 quantmn

2243 3180 2375 3236 CAP.
2409 3180 2496 3235 IV.
2527 3211 2597 3223 ——
2624 3180 2700 3235 De
2727 3181 2931 3234 duobus
2956 3182 3235 3235 contractis
3268 3180 3472 3235 sanatis
3494 3180 3641 3249 apud
3665 3178 3809 3232 Imil-

557 3239 829 3305 doluerit,
866 3252 1131 3310 quantum
1180 3244 1449 3315 gemuerit
1472 3284 1486 3309 ,
1519 3246 1772 3313 quoniam
1805 3263 1908 3301 non
1953 3263 2013 3303 se
2042 3249 2140 3303 ho-

556 3346 690 3385 nore
719 3332 1093 3399 sublimatum,
1122 3336 1215 3389 sed
1244 3337 1448 3390 honore
1477 3334 1703 3391 deﬂebat
1723 3348 2137 3407 pracgravatum.

556 3421 663 3492 Ipsi
714 3425 861 3478 enim
911 3425 1001 3479 illa
1054 3425 1350 3495 Scripturte
1388 3426 1658 3481 sententia
1712 3442 1816 3481 non
1868 3428 2141 3484 immerito

558 3513 676 3568 visa
721 3523 806 3569 est
852 3525 980 3571 tunc
1020 3518 1280 3586 temporis
1325 3531 1486 3585 posse
1532 3531 1858 3584 congruere;
1896 3535 1914 3568 ι
1968 3518 2141 3573 Homo

560 3606 807 3661 nascitur
831 3608 899 3661 ad
945 3608 1186 3663 laborem
1216 3607 1361 3679 (Job.
1391 3623 1443 3670 v,
1468 3606 1544 3675 7).
1580 3626 1598 3659 ι
1628 3605 1738 3663 Nec
1783 3623 1888 3662 non
1918 3618 1975 3663 et
2012 3610 2141 3664 illud

560 3702 705 3768 quod
737 3700 996 3755 Dominus
1027 3702 1093 3755 de
1124 3701 1418 3770 semetipso
1466 3701 1519 3753 in
1559 3701 1849 3771 Evangelio
1875 3701 2036 3772 530
2061 3703 2143 3756 di-

557 3792 634 3844 cit
663 3808 677 3845 :
712 3809 730 3841 ι
766 3791 934 3846 Filius
964 3792 1200 3846 hominis
1227 3807 1331 3845 non
1382 3792 1542 3846 habet
1588 3792 1676 3846 ubi
1719 3801 1880 3862 caput
1919 3793 2143 3847 reclinet

561 3880 716 3952 (Luc.
748 3898 836 3949 lx,
879 3882 992 3951 58).
1046 3901 1064 3934 ι
1110 3881 1242 3935 Illud
1292 3881 1456 3935 etiam
1500 3882 1644 3936 beati
1692 3881 1839 3935 Pauli
1869 3882 2141 3951 apostoli:

568 3987 588 4019 ι
630 3968 687 4023 Si
717 3971 840 4037 quis
870 3971 1239 4039 episcopatum
1277 3971 1566 4034 desiderat,
1601 3971 1801 4025 bonum
1837 3986 1974 4039 opus
2001 3972 2146 4027 desi-

562 4061 718 4115 derat
748 4061 798 4130 (Ι
834 4060 1062 4115 Timoth.
1100 4078 1179 4128 tu,
1226 4063 1311 4135 i);
1353 4080 1373 4115 ι
1397 4045 1567 4133 opus,
1616 4063 1811 4133 inquit,
1841 4077 1947 4116 non
1978 4065 2145 4119 bono-

562 4166 701 4205 rem.
735 4150 827 4206 Sic
856 4163 910 4206 et
941 4153 1043 4207 iste
1072 4153 1139 4207 de
1170 4170 1362 4224 magna
1401 4157 1611 4223 requie,
1652 4164 1708 4208 et
1754 4154 1979 4219 divitiis,
2028 4170 2145 4210 om-

563 4242 891 4313 nimodaque
937 4246 1186 4315 corporis
1234 4247 1317 4300 sui
1363 4245 1644 4301 voluntate
1676 4245 1729 4298 in
1774 4244 1951 4299 locum
1989 4247 2143 4301 deso-

560 4334 728 4389 latum
787 4338 1047 4402 veniens,
1099 4352 1205 4390 non
1259 4352 1318 4391 se
1370 4338 1437 4391 ad
1495 4337 1721 4392 honoris
1765 4336 2143 4391 excellentiam

560 4428 892 4499 gloriabatur
936 4438 1276 4497 promotum,
1335 4429 1428 4482 sed
1473 4429 1540 4483 ad
1591 4428 1853 4497 operandi
1904 4429 2141 4482 laborem

2766 3252 2965 3304 dunum
3010 3251 3302 3304 castellum.

2315 3342 2371 3396 ln
2422 3356 2558 3413 pago
2587 3340 2930 3394 Buturicensi
2968 3339 3248 3393 castellum
3285 3338 3564 3409 quoddam
3605 3348 3809 3392 vocatur

2243 3434 2581 3490 lssnldunum
2616 3433 2823 3503 (vulgo,
2857 3431 3166 3498 Issoudun).
3201 3431 3375 3501 Hujus
3407 3430 3616 3486 castelli
3661 3430 3808 3485 domi-

2244 3542 2348 3579 nus
2378 3525 2461 3578 vir
2487 3524 2784 3593 ditissimus
2831 3522 3045 3575 nomine
3086 3520 3399 3585 Gaufridus,
3445 3519 3498 3573 in
3536 3521 3697 3575 domo
3728 3532 3810 3573 sua

2248 3616 2407 3685 longo
2437 3624 2679 3683 tempore
2707 3627 2803 3682 pro
2826 3611 3007 3665 anima
3055 3625 3150 3664 sua
3190 3611 3324 3665 duos
3354 3620 3668 3665 contractos
3703 3608 3812 3663 reti-

2249 3714 2442 3761 nuerat
2486 3712 2542 3759 et
2582 3704 2812 3770 aluerat,
2842 3716 3072 3772 quorum
3104 3701 3343 3756 calcanei
3395 3702 3470 3755 ita
3503 3702 3719 3755 natibus
3744 3700 3811 3753 in-

2251 3797 2526 3850 haerebant
2574 3803 2634 3847 ut
2678 3792 2825 3847 nullo
2871 3795 3031 3847 modo
3081 3792 3351 3855 incedere,
3380 3792 3467 3846 vel
3514 3806 3574 3845 se
3616 3800 3812 3861 possent

2246 3888 2477 3959 erigere.
2530 3886 2794 3955 Suscepto
2844 3886 3028 3955 itaque
3074 3899 3433 3953 cum.magna
3487 3884 3814 3954 processione

2249 3978 2452 4031 feretro
2481 3976 2722 4031 Domina:
2750 3984 2949 4029 nostra:
2976 3983 3030 4029 et
3076 3976 3127 4029 in
3171 3974 3406 4028 ecclesia
3446 3975 3649 4042 posito,
3680 3988 3815 4042 roga-

2249 4075 2441 4120 verunt
2473 4080 2531 4120 se
2558 4065 2687 4119 illnc
2730 4064 2948 4128 deferri,
2982 4064 3127 4118 etde
3168 4062 3393 4131 limpha,
3436 4078 3543 4131 qua
3594 4061 3817 4130 reliquis:

2248 4158 2371 4213 lotm
2416 4158 2651 4222 fuerant,
2681 4156 2963 4211 calcaneos
3004 4171 3131 4211 suos
3180 4164 3235 4209 et
3278 4170 3440 4209 crura
3490 4154 3685 4208 lavari.
3712 4153 3814 4218 Quo

2251 4249 2425 4313 facto,
2463 4249 2646 4303 statim
2686 4247 2903 4302 vidente
2951 4248 3208 4302 universo
3252 4246 3485 4317 populo,
3535 4261 3665 4300 caro
3712 4259 3817 4313 quzc

2249 4343 2466 4395 natibus
2495 4339 2792 4394 inliterebat
2835 4339 2999 4408 cmpit
3043 4338 3329 4407 disrumpi,
3368 4337 3699 4406 sanguisque
3732 4348 3818 4404 per

2248 4450 2406 4487 crura
2445 4430 2678 4486 ubertim
2726 4429 2978 4483 deﬂuere.
3008 4429 3259 4484 Protinus
3306 4443 3471 4497 super
3501 4430 3666 4496 pedes
3706 4441 3818 4481 suos

561 4490 778 4573 dicebat
808 4490 1094 4586 vocatum;
1139 4490 1369 4590 ideoque
1397 4520 1560 4573 etiam
1609 4490 1654 4574 si
1694 4519 1835 4575 forte
1859 4519 2138 4589 episcopa-
2174 4490 2222 4547 θ
2247 4522 2415 4577 erecti
2444 4519 2732 4589 amplexati
2767 4528 2895 4574 sunt
2929 4518 3216 4580 feretrum,
3248 4516 3599 4586 perfecteqne
3629 4516 3814 4578 sanati,

560 4618 676 4665 tum
712 4611 1061 4678 desideravit,
1096 4612 1293 4667 bonum
1324 4626 1461 4681 opus
1494 4610 1841 4666 desideravit.
1888 4612 2139 4666 Protinus

559 4716 713 4771 ergo,
759 4715 825 4755 ac
872 4702 915 4757 si
949 4701 1164 4772 aliquod
1195 4704 1467 4757 desertum
1507 4701 1803 4767 introisset,
1848 4701 2135 4756 ecclesiam

561 4793 723 4847 simul
753 4801 809 4847 et
843 4793 1034 4849 domos
1058 4795 1392 4863 episc0pales
1423 4794 1587 4863 coepit
1618 4809 1882 4849 renovare
1904 4788 1972 4851 et
1995 4796 2141 4850 velut

560 4898 591 4937 ιι
621 4884 983 4939 fundamentis
1014 4900 1282 4953 reparare.

560 4975 689 5030 CAP.
718 4976 955 5030 lll.-De
980 4978 1252 5030 miraculis
1276 4990 1472 5032 sancta:
1502 4977 1692 5033 Maria:
1710 4995 1802 5048 per
1833 4978 2139 5033 Franciam.

634 5065 741 5120 Sed
768 5068 919 5136 quia,
951 5077 1009 5120 ut
1039 5068 1353 5135 prtedictum
1383 5079 1488 5135 est,
1540 5085 1646 5123 non
1690 5070 1804 5124 sola
1851 5068 2022 5137 major
2050 5085 2133 5124 ec-

559 5156 726 5213 clesia
754 5158 970 5212 Sancta:
1001 5158 1203 5222 Mariae,
1229 5161 1321 5214 sed
1354 5169 1409 5214 et
1432 5160 1550 5214 aliae
1573 5161 1686 5214 fere
1714 5161 1994 5214 duodecim
2022 5177 2143 5215 cum

564 5252 751 5305 multis
800 5251 1049 5305 domibus
1106 5250 1429 5306 clericorum
1490 5261 1546 5305 et
1609 5251 1869 5306 laicorum
1929 5254 2145 5309 fuerant

563 5345 875 5407 combustae,
928 5343 1203 5414 majorque
1249 5359 1373 5414 pars
1409 5344 1641 5409 civium,
1675 5360 1773 5413 per
1812 5345 2142 5415 provinciam

565 5434 807 5504 dispersa
834 5444 975 5502 erat,
1002 5447 1057 5492 et
1086 5453 1272 5492 eorum
1303 5438 1395 5506 qui
1440 5447 1817 5493 remanserant
1858 5443 2147 5509 unusquis-

564 5536 671 5591 que
698 5524 765 5577 de
796 5526 1030 5595 prepria:
1054 5528 1244 5581 domus
1278 5528 1625 5595 reparatione
1665 5528 1742 5582 sic
1781 5531 2148 5599 occupabatur

566 5627 629 5671 ut
657 5617 745 5672 vix
776 5616 972 5688 aliquis
1004 5619 1340 5673 inveniretur
1365 5621 1456 5689 qui
1500 5621 1688 5676 matris
1713 5622 1960 5677 ecclesia:
1995 5622 2148 5692 adju-

568 5716 655 5764 tor
703 5709 992 5777 existeret,
1042 5709 1429 5767 consuluerunt
1478 5712 1722 5768 nonnulli
1766 5714 2039 5783 sapientes
2093 5723 2148 5769 et

2250 4613 2449 4668 fratres
2478 4620 2693 4666 nostros
2722 4608 2993 4665 subsecuti
3021 4618 3146 4662 sunt
3174 4608 3466 4662 redeuntes
3495 4623 3664 4677 usque
3687 4606 3817 4659 Lau-

2250 4706 2473 4769 dunnm,
2506 4712 2560 4757 et
2588 4704 2653 4756 ad
2677 4701 2921 4756 ecclesia:
2941 4715 3075 4770 opus
3098 4700 3164 4753 ad
3190 4699 3395 4769 lapides
3423 4697 3735 4768 portandus,
3760 4695 3817 4747 ad

2249 4810 2444 4865 aquam
2487 4792 2868 4855 deferendam,
2916 4790 2983 4843 ad
3045 4798 3362 4844 canuentum
3418 4786 3818 4856 praeparandum

2250 4892 2490 4964 quotidie
2533 4889 2964 4945 exhortabantur
3008 4885 3286 4955 populum.
3324 4884 3711 4937 Cunsnmmata
3741 4894 3821 4931 cc-

2252 4984 2416 5037 clesia
2448 4994 2585 5034 unus
2611 4992 2800 5032 eorum
2842 4990 3093 5029 reversus
3137 4982 3220 5028 est
3257 4974 3309 5026 in
3342 4980 3548 5025 terram
3573 4985 3747 5032 suam,
3775 4966 3821 5020 id

2252 5084 2336 5129 est
2366 5076 2431 5127 ad
2462 5069 2745 5125 castellum
2776 5067 3143 5123 lssuldunum,
3170 5065 3307 5119 alter
3346 5066 3568 5118 nomine
3605 5060 3823 5116 Benedi-

2252 5176 2395 5227 ctus,
2422 5162 2681 5218 remansit
2719 5159 2999 5222 Lauduni,
3048 5158 3289 5213 serviens
3329 5156 3383 5209 in
3420 5154 3671 5224 hospitali
3720 5153 3823 5206 fere

2251 5272 2350 5326 per
2376 5254 2651 5309 duodecim
2687 5266 2883 5315 annos,
2915 5251 3098 5319 ibique
3134 5247 3420 5304 defunctus
3444 5258 3549 5303 est.

2290 5370 2419 5425 CAP.
2452 5364 2514 5419 Υ.
2542 5395 2612 5404 ——
2638 5364 2719 5418 De
2742 5364 2931 5433 juvene
2964 5363 3123 5415 surdo
3154 5372 3211 5433 et
3238 5370 3382 5414 muto
3415 5370 3624 5425 curato,
3657 5356 3793 5427 apud

2768 5434 2995 5488 Bucensi
3031 5431 3321 5486 castellum.

2329 5527 2636 5601 Egresside
2664 5526 2949 5580 lssnlduno
2976 5533 3239 5579 venerunt
3264 5524 3328 5577 ad
3356 5523 3503 5576 aliud
3529 5518 3821 5577 castellum,

2257 5623 2400 5693 quod
2448 5619 2649 5674 dicitur
2698 5617 2925 5671 Bucensi
2960 5616 3413 5685 (Belgentiacum,
3443 5614 3624 5683 vulgo,
3658 5610 3824 5663 Benn-

2252 5712 2453 5785 gemy),
2485 5710 2638 5780 cujus
2683 5709 2934 5766 dominus
2964 5717 3125 5763 tantae
3154 5707 3468 5781 rapacitatis
3508 5716 3559 5758 et
3601 5699 3824 5755 feritatis
