4018 6324
200 434 301 495 969

947 434 1307 493 HERMANNI
1335 436 1425 494 DE
1460 435 1695 494 MIRAC.
1732 433 1792 493 s.
1830 398 2071 494 itania:
2107 410 2413 498 LAUDUN.
2440 406 2733 498 —'i.in.r.

3362 442 3466 497 970

199 560 316 613 erat
353 528 413 609 ut
446 550 599 608 multi
629 522 929 609 incolarum
978 554 1223 610 dicerent
1270 553 1527 612 fratribus
1582 556 1785 613 nostris
1813 557 1863 618 Α
1893 553 2242 625 ritiifaceret
2273 556 2490 611 deferri.
2538 556 2812 629 Evigilans
2842 556 3038 615 mulier
3075 561 3301 633 rogabat
3342 580 3459 620 ma-

198 645 342 719 quod
371 645 553 701 omnia
580 660 698 716 qum
728 646 1001 703 habebant
1044 646 1123 702 eis
1156 646 1413 702 auferret.
1437 649 1566 704 Erat
1602 661 1781 705 autem

198 738 248 794 ei
280 738 425 793 filius
451 734 562 793 fere
592 737 901 808 quindecim
928 754 1192 813 annorum
1220 755 1249 793 a
1280 740 1561 796 nativitate
1585 742 1779 821 surdus

200 838 256 886 et
305 842 511 911 mutus.
566 829 880 909 Perterritis
926 846 1061 919 ergo,
1110 831 1365 917 fratribus
1423 822 1627 907 nostris
1672 832 1783 889 cito

208 923 590 997 misericordiae
620 922 793 1003 Mater
823 912 1114 997 succurrit.
1141 914 1371 1003 Quidam
1417 942 1652 997 namque
1697 942 1784 982 re-

201 1015 424 1087 ;igiosus
466 1017 767 1091 monachus
802 1006 1215 1095 Iibihabitans,
1261 1020 1460 1076 auditis
1506 1021 1784 1089 miraculis

196 1107 443 1165 Domina:
472 1100 703 1191 nostra,
724 1096 846 1179 cum
872 1100 1090 1193 magno
1121 1113 1333 1191 honore
1366 1113 1625 1169 feretrum
1666 1112 1783 1182 ejus

195 1200 250 1257 in
282 1202 511 1275 ecclesia
534 1198 796 1285 suscepit,
825 1204 1020 1279 deinde
1059 1209 1347 1283 revestitus
1382 1208 1640 1280 reliquias
1668 1198 1785 1282 ejus

196 1293 249 1350 in
276 1294 405 1349 vino
427 1303 481 1350 et
500 1294 823 1367 ,aqualavit,
847 1307 1009 1369 caput
1036 1294 1193 1373 531
1224 1309 1281 1355 et
1310 1298 1503 1356 faciem
1535 1301 1785 1373 praedicti

195 1383 418 1457 juvenis
444 1380 736 1459 aquajipsa
763 1387 1023 1458 perfudit,
1050 1399 1216 1445 et-ex
1241 1406 1305 1446 ea
1342 1400 1528 1463 potum
1566 1392 1616 1449 ei
1650 1394 1786 1451 dans

191 1471 295 1530 sub
318 1472 517 1545 feretro
544 1466 668 1532 eum
698 1468 1019 1555 recumbere
1030 1478 1228 1555 jussit;
1252 1480 1380 1553 ipse
1402 1496 1533 1551 vero
1559 1482 1783 1554 genibus

190 1560 667 1633 flexisDominam
712 1576 955 1635 nostram
984 1569 1301 1641 suppliciter
1327 1586 1558 1626 exorare
1594 1574 1784 1644 coapit.

189 1648 308 1711 Nec
334 1669 523 1731 mora,
534 1653 754 1726 juvenis
787 1657 1087 1730 obdormit,
1125 1661 1443 1732 cunctisque
1480 1662 1786 1719 videntibus

192 1762 311 1821 prae
352 1747 629 1821 anxietate
672 1750 841 1807 sudor
881 1766 957 1825 ex,
992 1760 1107 1810 toto
1137 1752 1254 1825 ejus
1279 1740 1519 1827 {corpore
1547 1755 1781 1827 profluit,

190 1853 352 1921 venas
396 1839 547 1921 circa
598 1856 762 1898 aures
790 1851 1149 1921 turgescunt,
1188 1846 1414 1916 sanguis
1458 1861 1526 1903 ex
1564 1848 1785 1904 auribus

1887 645 2053 699 ritum
2097 653 2156 700 ut
2193 646 2304 700 cito
2334 646 2657 702 deferretur.
2708 649 2799 706 llle
2844 665 2949 706 non
3002 651 3229 708 multum
3279 655 3456 723 dives,

1886 735 2135 815 lecticam
2166 746 2413 825 paratam
2451 754 2559 794 non
2598 741 2820 805 habens,
2870 741 3000 797 fecit
3031 758 3150 798 eam
3181 745 3380 802 deferri
3416 748 3469 804 in

1886 827 1984 883 vili
2008 820 2391 895 instrumento,
2429 820 2573 901 quod
2602 832 2900 903 vulgariter
2924 852 3165 892 vannum
3188 826 3469 906 vocamus,

1889 919 1945 976 in
1992 936 2103 991 quo
2152 935 2377 1011 annona
2425 937 2657 1007 excussa
2712 928 2933 997 purgari
2983 928 3140 984 solet.
3177 929 3471 1003 Supposita

1887 1024 2021 1082 ergo
2052 1012 2257 1067 feretro
2285 1012 2537 1082 preti'nu‘s
2560 1014 2911 1082 obdermivit,
2958 1026 3013 1071 et
3048 1028 3170 1093 post
3198 1022 3471 1078 modicum

1888 1102 2156 1173 evigilans
2206 1117 2335 1187 sana
2379 1104 2656 1185 surrexit.
2722 1098 2926 1162 Deinde
2979 1107 3181 1167 feretro
3230 1115 3469 1187 sociata,

1890 1192 2110 1273 vidente
2160 1182 2360 1271 populo
2380 1180 2696 1252 subsecuta
2727 1206 2812 1253 est
2839 1188 2971 1254 illud
3000 1216 3171 1272 usque
3200 1182 3268 1260 ad
3296 1180 3474 1263 eccle;

1887 1282 2025 1338 siam
2053 1282 2240 1339 Sancti
2267 1284 2505 1341 Martini.

1960 1399 2090 1455 CAP.
2135 1398 2270 1455 Vill.
2296 1428 2368 1439 —
2391 1396 2471 1453 De
2492 1399 2687 1470 juvene
2714 1400 2879 1455 surdo
2906 1409 2954 1456 et
2981 1410 3127 1456 muto
3169 1402 3398 1460 Turonis

2575 1479 2782 1526 curato.

1889 1562 1901 1615 ξ
1961 1559 2078 1628 Quo
2112 1562 2296 1618 audito
2334 1560 2583 1618 canonici
2622 1559 2807 1616 Sancti
2841 1560 3085 1630 Martini,
3115 1578 3242 1619 cum
3275 1564 3477 1623 abbate

1891 1643 2079 1710 Sancti
2124 1653 2347 1721 Juliani,
2398 1655 2613 1709 obviam
2659 1655 2982 1724 procedunt,
3022 1666 3075 1710 et
3111 1671 3234 1712 cum
3267 1657 3478 1716 honore

1891 1748 2133 1803 maximo
2164 1748 2427 1819 reliquias
2454 1747 2696 1802 Dominae
2736 1756 2938 1803 nostra!
2974 1749 3297 1821 suscipiunt.
3338 1751 3475 1809 Erat

1892 1837 1950 1895 in
1994 1840 2185 1896 eadem
2230 1841 2453 1896 civitate
2499 1840 2720 1911 quidam
2760 1840 2979 1910 juvenis
3014 1856 3044 1893 a
3088 1842 3283 1898 matris
3318 1852 3477 1900 utero

192 1915 435 2013 ubertim
463 1920 663 1993 exsilit.
695 1937 954 1996 Protinus
992 1918 1261 2014 evigilans
1294 1953 1564 2014 surrexrt,
1599 1954 1655 2002 et
1694 1962 1788 2004 vo-

1896 1935 2093 1990 surdus
2123 1943 2179 1989 et
2212 1944 2417 2002 mutus,
2448 1948 2611 2005 quem
2639 1947 2777 1988 unus
2807 1948 2873 1988 ex
2902 1930 3203 1988 fullonibus
3230 1933 3478 1990 infantu-

190 2026 576 2173 ceshﬂuasdam
612 2028 866 2099 emittere
895 2031 1083 2104 cmpit.

365 2116 575 2173 nachus
601 2119 668 2173 ab
693 2120 943 2173 oratione
972 2137 1083 2173 sum

264 2116 575 2197 Monachus
601 2119 668 2173 ab
693 2120 943 2177 oratione
972 2137 1203 2195 surgens
1236 2124 1391 2182 laetus
1424 2127 1694 2195 accurrit,
1727 2136 1783 2184 et

184 2208 809 2297 juvedem’alloquitur.
842 2211 956 2282 ille,
991 2215 1084 2286 qui
1114 2232 1389 2289 nunquam
1417 2228 1575 2291 antea
1603 2219 1789 2274 audie-

190 2298 308 2369 rat,
335 2298 671 2374 respOndere
701 2306 1003 2373 nesciebat,
1049 2310 1144 2365 sed
1190 2311 1334 2380 quod
1363 2310 1619 2367 audiebat
1652 2312 1788 2368 alios

188 2394 463 2475 dicentes,
502 2399 645 2473 idem
690 2408 816 2470 post
847 2414 942 2456 eos
973 2400 1086 2472 ipse
1114 2405 1496 2475 prosequendo
1536 2405 1787 2461 imitaba-

189 2495 312 2557 tur.
360 2486 587 2569 Statim
646 2491 954 2567 monachus
984 2492 1164 2569 ~signa
1220 2495 1485 2567 pulsando
1532 2498 1787 2568 p0pulum

186 2590 413 2655 evocat,
446 2576 1035 2663 juvenemJoquentem
1080 2597 1135 2642 et
1177 2588 1483 2645 audientem
1525 2592 1786 2659 ostendit,

186 2681 251 2727 et
277 2688 403 2729 cum
428 2676 639 2746 gaudio
673 2676 1051 2750 lacrymando,
1090 2679 1160 2735 Te
1191 2680 1355 2736 Deum
1393 2683 1673 2739 laudamus
1701 2686 1786 2741 in-

186 2764 353 2835 cipit.
400 2765 634 2825 Nuntius
663 2783 695 2824 e
730 2770 961 2843 vestigio
993 2773 1059 2828 ad
1100 2783 1308 2844 patrem
1348 2763 1415 2831 de
1460 2776 1665 2847 rapinis
1696 2793 1787 2833 vc-

187 2855 473 2939 nient’em’
503 2852 789 2933 dirigitur,
840 2863 971 2935 quid
1022 2863 1139 2933 ejus
1192 2866 1303 2922 ﬁlio
1353 2869 1648 2939 contigerit
1701 2886 1786 2926 re-

186 2942 392 3029 fertur.
440 2946 545 3029 ;lllle
609 2952 867 3029 continuo
932 2954 1293 3031 discalceatus
1373 2959 1440 3013 ad
1498 2960 1784 3015 ecclesiam

184 3043 611 3127 pede‘scurrit,
652 3056 709 3102 et
748 3062 932 3103 coram
981 3046 1183 3105 feretro
1228 3060 1532 3121 prostratus
1578 3053 1788 3108 miseri-

185 3133 401 3190 cordiae
456 3128 616 3213 Matri
674 3139 881 3210 gratias
927 3138 1079 3217 agit,
1128 3140 1254 3197 inde
1296 3143 1657 3214 quadraginta
1699 3159 1787 3200 so-

183 3220 361 3293 lidos,
401 3228 660 3300 quoniam
700 3245 809 3287 non
846 3230 1015 3289 multa
1052 3224 1284 3315 pecunia
1320 3235 1652 3305 abundabat,
1690 3234 1787 3292 oh-

185 3315 342 3375 tulit.

277 3428 417 3488 CAP.
478 3430 569 3490 Vl.
604 3463 677 3476 —
703 3433 783 3493 De
818 3436 1126 3562 pacedfacta
1163 3440 1299 3496 inter
1340 3442 1446 3498 duo
1490 3444 1706 3499 castella

464 3560 467 3562 _
555 3560 559 3562 .
720 3560 722 3562 .
824 3508 955 3562 άξεδὶ
994 3510 1155 3562 entia.

298 3562 417 3599 mw
464 3560 597 3599 vi
646 3586 671 3599 χῖ
720 3560 723 3573 ς
824 3508 1155 3565 dissidentia.

200 3648 203 3651 .
269 3591 417 3652 Hinc
439 3594 507 3677 ad
527 3595 677 3674 aliud
707 3599 992 3681 castellum
1036 3601 1246 3659 duobus
1278 3611 1485 3660 tantum
1517 3606 1788 3679 milliariis

182 3686 469 3771 remotum
512 3690 721 3769 fratres
754 3695 925 3750 nostri
961 3695 1043 3752 ire
1071 3696 1383 3765 voluerunt,
1415 3699 1532 3765 sed,
1568 3710 1791 3770 propter

182 3777 476 3855 feritatem
510 3791 581 3865 et
624 3783 837 3855 praedas
880 3786 1025 3842 illius
1056 3774 1317 3860 raptoris,
1364 3789 1546 3846 nullus
1577 3791 1794 3849 inhabi-

181 3864 435 3937 tantium
478 3864 605 3955 cum
649 3876 735 3945 eis.
780 3876 909 3933 illuc
961 3878 1199 3934 audebat
1242 3866 1538 3951 proficisci.
1584 3881 1790 3939 Tamen

180 3962 345 4021 idem
386 3956 598 4036 raptur,
626 3967 1000 4023 misericordia
1038 3969 1134 4025 Dei
1171 3968 1465 4030 Genitricis
1496 3974 1791 4043 animatus,

181 4066 326 4109 cum
381 4050 650 4111 militibus
685 4058 799 4113 suis
838 4067 894 4113 et
931 4060 1144 4116 caateris
1189 4061 1591 4120 habitatoribus
1650 4064 1794 4121 fere-

178 4152 347 4200 trum
376 4154 433 4201 et
457 4144 722 4218 reliquias
762 4149 1010 4207 humeris
1044 4152 1159 4208 suis
1197 4153 1503 4225 imponunt,
1528 4155 1797 4230 nudisque

177 4237 432 4310 pedibus
468 4254 659 4313 omnes
688 4243 1071 4313 procedentes,
1097 4245 1163 4300 ad
1191 4246 1538 4303 inimicorum
1570 4263 1793 4305 suorum

180 4330 436 4386 tendunt
496 4332 801 4389 castellum.
847 4330 959 4402 Illi,
1007 4336 1113 4391 hoc
1153 4338 1439 4395 audientes
1472 4348 1528 4396 et
1563 4341 1798 4395 miracu-

175 4419 311 4476 lum
363 4421 512 4493 quod
560 4423 635 4479 ibi
678 4434 871 4481 sancta
918 4425 1014 4483 Dei
1065 4427 1239 4484 Mater
1290 4431 1356 4486 de
1400 4433 1639 4501 raptoris
1686 4432 1796 4489 filio

176 4510 415 4568 fecerat
458 4512 872 4587 cognoscentes,
915 4520 1165 4589 protinus
1201 4530 1257 4577 et
1298 4523 1398 4593 ipsi
1443 4525 1602 4579 nudis
1645 4525 1799 4596 pedi-

1890 2025 2003 2081 lum
2048 2034 2328 2097 repertum
2370 2026 2642 2081 nutrierat
2680 2034 2736 2079 et
2774 2025 3063 2079 educatum
3091 2031 3211 2079 arte
3243 2039 3341 2080 sua
3372 2026 3480 2080 im-

1893 2118 2111 2173 buerat.
2142 2116 2241 2173 Hic
2272 2133 2404 2189 ergo
2436 2117 2701 2172 adductus
2727 2117 2793 2170 ad
2819 2114 3064 2187 Dominae
3106 2124 3307 2171 nostra:
3349 2115 3480 2171 reli-

1891 2214 2087 2285 quias,
2145 2216 2245 2269 sub
2297 2212 2504 2268 feretro
2554 2209 2803 2266 recubuit
2855 2216 2912 2263 et
2963 2198 3318 2265 obdormivit.
3369 2208 3483 2267 Nec

1890 2290 2071 2371 mora,
2105 2303 2318 2357 anxiari
2351 2314 2405 2359 et
2438 2319 2505 2357 ex
2542 2310 2655 2357 toto
2685 2296 2915 2370 corpore
2945 2299 3198 2353 sudorem
3228 2300 3482 2357 emittere

1891 2396 2088 2466 coepit,
2143 2395 2360 2463 deinde,
2407 2388 2561 2451 venis
2594 2395 2740 2449 circa
2784 2405 2943 2445 aures
2987 2378 3217 2461 inﬂatis,
3258 2388 3483 2462 sanguis

1892 2486 2125 2541 ubertim
2160 2500 2227 2540 ex
2253 2485 2371 2554 ejus
2392 2485 2615 2539 auribus
2640 2481 2914 2554 proﬂuxit.
2956 2479 3215 2540 Protinus
3239 2484 3482 2538 surrexit

1891 2587 1946 2632 ct
1989 2578 2360 2647 audivithnec
2396 2587 2578 2631 tamen
2625 2576 2772 2646 loqui
2823 2578 3047 2645 sciebat,
3081 2576 3208 2648 quia
3248 2590 3358 2630 non
3396 2575 3483 2629 di-

1893 2668 2124 2734 dicerat,
2152 2668 2245 2722 sed
2278 2666 2423 2737 quod
2453 2665 2587 2719 alios
2611 2665 2757 2735 loqui
2788 2666 3061 2741 audiebat,
3096 2669 3201 2721 hoc
3230 2666 3481 2721 dicebat:

1890 2761 2056 2832 Cujus
2080 2777 2277 2817 nomen
2303 2761 2431 2831 quia
2462 2760 2835 2825 nesciebatur,
2869 2759 3121 2816 canonici
3152 2759 3324 2814 nostri
3354 2772 3480 2813 cum

1891 2854 2306 2925 appellaverunt
2337 2853 2741 2909 Christianum.
2784 2854 3036 2911 Sociatus
3058 2870 3189 2927 ergo
3215 2853 3485 2911 fratribus

1892 2946 2093 3000 nostris
2127 2946 2281 3000 venit
2305 2961 2428 3000 cum
2461 2946 2539 3001 eis
2565 2944 2906 3011 Laudunum,
2937 2957 2991 3002 et
3014 2947 3132 3004 fere
3157 2956 3368 3018 septem
3390 2946 3486 3002 an-

1892 3037 1979 3117 uis
2020 3037 2226 3122 mansit
2267 3038 2322 3093 in
2361 3039 2521 3094 domo
2556 3036 2823 3095 Guidonis
2853 3040 3227 3097 archidiaconi
3262 3039 3483 3095 Laudu-

1890 3145 2098 3187 ηεηειε.

1816 3250 1866 3335 C
1894 3243 2026 3301 CAP.
2057 3243 2149 3300 1λ.
2174 3274 2245 3286 -
2269 3244 2611 3335 υᾲςηξξιςιςᾲᾳᾉ
2628 3214 2833 3335 sancite
2856 3216 3048 3335 'Matpa:
3081 3246 3224 3317 facta
3247 3220 3318 3301 ad
3346 3245 3487 3304 San-

2052 3384 2055 3385 ν
2303 3326 2443 3370 ctum
2468 3315 2813 3371 Laurentium
2843 3318 2907 3387 de
2930 3315 3089 3387 Gala.
3424 3388 3427 3391 ἰ

1888 3394 1891 3395 ν
1965 3409 2184 3482 Egressi
2214 3409 2280 3464 de
2308 3410 2441 3464 urbe
2492 3408 2796 3465 Turonensi
2826 3418 3092 3466 venerunt
3116 3409 3184 3465 ad
3210 3407 3476 3466 Sanctum

1897 3501 2256 3559 Laurentium
2316 3499 2383 3555 de
2431 3500 2583 3567 Cala,
2641 3501 2695 3555 in
2741 3500 2881 3556 festo
2927 3499 3168 3569 ejusdem
3204 3501 3482 3572 martyris.

1906 3595 2204 3669 Monachus
2230 3596 2451 3668 quidam
2482 3595 2551 3650 ibi
2583 3594 2837 3650 habitans
2872 3593 3043 3650 noluit
3068 3594 3147 3650 eis
3186 3594 3488 3649 concedere

1894 3696 1955 3743 II.
1990 3698 2287 3758 poneretur
2313 3688 2579 3744 feretrum
2605 3686 2854 3742 Dominae
2882 3696 3086 3743 nostra:
3114 3702 3280 3758 super
3312 3686 3488 3742 altare

1897 3779 2086 3835 Sancti
2118 3779 2426 3846 Laurentii,
2464 3781 2559 3836 sed
2593 3794 2756 3850 super
2787 3778 3063 3849 quondam
3104 3794 3284 3835 minus
3313 3779 3489 3833 aitarc

1898 3869 1952 3925 in
1982 3877 2140 3940 parte
2196 3869 2443 3926 ecclesiae
2490 3868 2621 3925 fecit
2668 3868 2797 3923 illud
2825 3868 2974 3943 poni,
3007 3869 3205 3923 timens
3238 3868 3490 3923 videlicet

1897 3967 2153 4022 amittere
2183 3963 2514 4019 offerendam
2546 3972 2864 4018 consuetam
2894 3962 2948 4016 in
2976 3962 3166 4017 eodem
3193 3954 3353 4017 festo.
3380 3960 3490 4017 Sed

1897 4074 2021 4115 cum
2050 4057 2399 4115 Turonenses
2424 4057 2516 4128 qui
2547 4055 2806 4126 reliquias
2835 4064 3051 4110 nostras
3075 4054 3487 4126 prosequeban-

1900 4162 2010 4222 tur,
2061 4134 2365 4225 referentes
2416 4151 2678 4208 miracula
2713 4166 2834 4222 quae
2861 4144 3138 4217 viderant,
3174 4146 3367 4205 omnes
3394 4165 3491 4220 pe-

1900 4247 2149 4318 regrinos
2211 4244 2373 4317 532
2420 4231 2869 4315 supervenientes
2924 4242 3359 4297 exhortabantur
3404 4247 3485 4305 ut,

1902 4338 2090 4393 relicto
2119 4335 2309 4406 majori
2360 4334 2543 4400 altari,
2579 4335 2643 4388 ad
2682 4334 2944 4389 feretrum
2997 4331 3241 4386 Dominae
3288 4338 3491 4385 nostra:

1901 4428 2193 4494 offerrent,
2226 4428 2445 4482 invidiae
2468 4426 2638 4481 livore
2663 4439 2959 4497 percussus
2997 4424 3143 4499 idern
3187 4424 3492 4501 monachus

1899 4521 2064 4590 jussit
2093 4520 2356 4575 feretrum
2385 4528 2439 4574 et
2467 4533 2661 4573 omnes
2690 4517 2951 4587 reliquias
2982 4514 3105 4586 ejici
3136 4516 3201 4571 de
3231 4515 3486 4601 ecclesia.

176 4603 302 4660 bus
328 4620 527 4662 omnes
560 4607 799 4665 inimicis
851 4610 966 4666 suis
1012 4613 1225 4668 obviam
1272 4625 1457 4681 ruunt,
1507 4616 1799 4672 feretrum-
1830 4634 1874 4688 ι)
1903 4612 2230 4683 Praepositus
2281 4626 2413 4666 vero
2470 4610 2723 4677 castelli,
2772 4609 3091 4679 vituperans
3137 4609 3491 4689 monachum,-

174 4709 308 4765 que
338 4693 411 4749 ab
434 4695 516 4752 eis
538 4708 849 4771 susceptum
880 4716 1001 4756 cum
1025 4704 1220 4774 gaudio
1248 4706 1303 4760 in
1333 4706 1615 4762 castellum
1640 4723 1797 4763 suum

177 4782 486 4851 deferunt,
524 4784 810 4845 laudantes
844 4789 1048 4848 Christi
1090 4794 1539 4861 misericordiam,
1580 4798 1671 4868 qui
1705 4812 1800 4868 per

173 4889 367 4930 suam
418 4873 649 4934 Matrem
699 4879 886 4938 hostes
935 4882 1186 4942 hostibus
1238 4902 1531 4944 occurrere
1572 4890 1800 4960 pacifice

172 4964 440 5045 fecerat.
460 5042 463 5045 _

264 5057 421 5143 Car.
454 5056 567 5117 VII.
592 5093 664 5104 —
690 5062 769 5121 De
793 5066 1011 5124 muliere
1034 5081 1232 5145 (ngrata
1268 5071 1495 5129 Turonis
1518 5085 1724 5130 curata.

278 5152 425 5229 Inde
458 5150 559 5229 per
583 5158 990 5220 Cormeriacum
1030 5165 1211 5238 (vulgo
1254 5166 1527 5241 Cormery)
1557 5168 1803 5227 Turonos

164 5246 516 5335 venerunt,
573 5258 628 5305 et
670 5266 795 5308 cum
848 5270 1043 5326 magna
1089 5258 1395 5335 reverentia
1448 5260 1681 5330 suscepti
1736 5252 1804 5316 ab

164 5332 627 5414 archiepiscopo
660 5344 985 5414 Turonensi,
1021 5349 1109 5405 die
1134 5332 1359 5406 Sabbati
1392 5361 1518 5407 ante
1548 5367 1806 5423 vesperas

1905 4708 2086 4765 statim
2120 4704 2349 4760 tradidit
2389 4703 2651 4759 fratribus
2693 4703 2895 4759 nostris
2945 4703 3236 4781 tentorium
3282 4703 3495 4775 dspatio-a

1906 4817 2026 4856 sum
2058 4798 2201 4870 quod
2231 4798 2333 4853 sibi
2360 4809 2672 4869 paraverat.
2703 4796 2963 4853 Matrona:
2993 4788 3208 4869 quoque
3235 4796 3339 4853 loci
3366 4812 3492 4852 cor-

1906 4894 2051 4950 tinas
2094 4891 2360 4963 plurimas
2399 4890 2709 4947 deterentes
2756 4892 2897 4947 idem
2946 4890 3243 4946 tentorium
3290 4891 3519 4977 ἀερθεῖ-ὶ

1908 4987 2117 5043 tissime
2172 4998 2471 5055 perornare
2529 4985 2890 5052 studuerunt,
2934 4982 3297 5037 luminarihus
3344 4981 3494 5055 insu-

1906 5094 2003 5152 per
2050 5075 2441 5134 suflicicntihus
2495 5076 2994 5148 Splendidissimum
3051 5082 3159 5129 tota
3221 5081 3379 5129 nocte
3410 5071 3493 5127 fe-

1906 5178 2118 5226 cerunt.
2884 5238 2887 5241 ῆ
3294 5236 3303 5247 1
3352 5238 3355 5241 λ
3438 5220 3443 5241 ;

1897 5314 1904 5326 .
1978 5264 2085 5321 Sed
2136 5278 2233 5323 rex
2270 5261 2450 5331 justus
2494 5260 2651 5318 Jesus
2695 5261 2946 5317 Christus
2992 5257 3160 5314 noluit
3215 5255 3486 5325 injuriam

1910 5357 2071 5414 Matri
2113 5370 2227 5408 suae
2278 5355 2479 5408 illatam
2513 5354 2713 5410 dimitti
2760 5353 3102 5423 impunitam.
3128 5351 3207 5405 Ad
3237 5338 3495 5420 vesperas

159 5424 238 5487 in
282 5430 530 5489 ecclesia
572 5434 759 5494 Sancti
792 5438 1030 5497 Maur‘itii
1060 5426 1402 5512 quieverunt.
1444 5443 1594 5499 Uxor
1622 5443 1806 5512 cujus-

165 5525 337 5580 dam
364 5531 694 5605 carpentarii
722 5532 775 5587 in
804 5534 994 5591 eadem
1019 5538 1153 5591 urbe
1180 5552 1277 5611 per
1302 5546 1425 5592 octo
1454 5553 1627 5593 annos
1650 5539 1806 5593 infir-

162 5616 618 5699 mitatenimia
670 5622 928 5696 depressa
976 5627 1175 5685 lectulo
1224 5628 1577 5705 decubuerat,
1630 5629 1702 5684 ita
1749 5640 1809 5686 ut

162 5726 486 5782 nusquam
533 5726 719 5788 posset
768 5716 851 5778 ire
895 5722 1001 5779 nisi
1034 5708 1375 5794 portaretur.
1419 5724 1618 5779 Eadem
1650 5733 1809 5779 nocte

159 5806 506 5867 dormienti
540 5812 932 5871 misericordiae
960 5815 1135 5873 Mater
1163 5817 1436 5888 apparuit,
1487 5817 1808 5887 praecipiens
1915 5821 2029 5892 ipsa
2076 5835 2293 5891 quoque
2341 5820 2504 5874 turris
2556 5819 2608 5873 in
2658 5815 2927 5887 superiori
2960 5821 3114 5886 parte
3149 5814 3361 5868 lissa'et
3389 5808 3500 5864 dis-

157 5902 231 5963 ei
267 5908 356 5959 ut
397 5915 456 5957 se
492 5905 564 5960 ad
602 5902 867 5963 feretrum
895 5923 1054 5966 suum
1080 5910 1135 5967 in
1166 5910 1401 5968 ecclesia
1436 5910 1625 5967 Sancti
1659 5910 1830 5989 Mau:
1923 5923 2083 5987 rupta
2134 5914 2365 5984 crepuit.
2420 5912 2576 5982 Quod
2629 5911 2818 5968 videns
2870 5908 3173 5965 monachus
3198 5946 3214 5973 ,
3264 5917 3388 5960 sero
3435 5915 3500 5971 se

461 6023 741 6104 Pas-nor"
779 6022 988 6105 CLVI.
3026 6018 3093 6088 31

1909 5452 2179 5522 siquidem
2206 5447 2467 5520 praefatus
2498 5444 2823 5510 monachus,
2861 5444 3052 5497 morbo
3084 5441 3289 5497 caduco
3315 5438 3497 5495 subito

1909 5544 2223 5615 depressus,
2279 5556 2465 5597 coram
2512 5538 2657 5592 omni
2700 5534 2896 5606 populo
2932 5535 2985 5589 in
3032 5542 3232 5589 terram
3274 5531 3495 5601 cecidit,

1913 5649 2285 5707 magnumque
2338 5643 2603 5688 terroretn
2665 5629 2975 5685 videntibus
3029 5627 3279 5683 incussit.
3334 5623 3498 5681 Cam-

1912 5744 2055 5801 pana
2108 5729 2273 5783 etiam
2323 5726 2497 5797 major
2528 5726 2595 5781 de
2634 5736 2787 5780 turre
2825 5723 3026 5779 cadens
3063 5721 3340 5776 confracta
3387 5726 3497 5783 est,
