4018 6324
614 376 713 453 ιιιι·
1495 365 1912 446 ΑΡΡΕΝΒῘΑΙ)
1934 385 2064 443 LIB.
2102 383 2170 442 Ill
2198 381 2524 441 summm
2548 381 2636 438 ne
2674 378 2837 439 VlTA
2881 379 3031 437 sua
3770 387 3854 447 9n

614 508 757 565 male
816 506 1013 561 fecisse
1057 503 1349 575 paenituit,
1412 501 1679 570 nudisque
1728 501 1955 571 pedibus
2010 512 2194 557 coram
2225 503 2277 561 Α
2302 498 2490 552 vincas
2520 496 2600 552 cis
2634 503 2981 560 occurrente,
3033 494 3410 568 feretrumque
3439 498 3674 571 positum
3707 510 3781 557 est
3808 503 3851 560 in

615 602 821 656 feretro
869 608 1029 652 terra:
1072 604 1413 668 prostratus,
1468 593 1691 663 Regnne
1740 591 1863 647 coeli
1918 588 2198 645 humiliter

614 691 902 756 satisfecit,
939 698 1105 759 utque
1124 702 1289 758 super
1316 684 1491 754 majus
1521 683 1696 739 altare
1720 691 1986 737 teretrum
2023 678 2200 734 defer-

616 793 769 837 retur
823 779 1063 851 rogavit,
1101 780 1193 834 sed
1225 777 1424 832 fratres
1450 774 1622 832 nostri
1648 773 1941 830 noluerunt
1978 770 2198 842 acquie-

613 889 766 931 scere
793 871 1029 943 roganti.

682 988 810 1044 Lar.
864 984 934 1041 Χ.
972 1013 1044 1028 --
1074 983 1153 1039 De
1202 983 1421 1039 muliere
1461 981 1789 1054 parturiente
1833 977 2129 1034 Andecavi:

1298 1064 1512 1110 sanata.

630 1138 633 1139 ν
681 1151 890 1207 Exinde
942 1150 1252 1220 Andegavrs
1316 1155 1622 1213 venerunt,
1676 1154 1732 1202 et
1784 1143 2075 1216 magnifice
2131 1145 2198 1201 ab

608 1242 863 1312 episc0po
915 1240 1088 1310 ipsius
1142 1239 1295 1295 urbis
1348 1238 1588 1309 suscepti
1643 1246 1789 1293 sunt.
1856 1238 1955 1294 Ubi
2005 1236 2202 1292 mulier

616 1338 891 1409 quaedam,
934 1349 1083 1393 .uxor
1126 1334 1337 1389 scilicet
1385 1332 1632 1386 Fulberti
1685 1332 1939 1387 ditissimi
1970 1333 2072 1387 viri
2109 1347 2203 1387 co-

614 1438 905 1504 gnomento
937 1427 1179 1491 Pellieei,
1211 1427 1431 1497 pariens
1459 1425 1627 1480 nimio
1652 1422 1838 1480 dolore
1869 1442 1965 1495 per
1987 1425 2197 1495 aliquot

612 1525 733 1581 dies
786 1520 1176 1585 cruciabatur,
1234 1517 1460 1588 jamque
1516 1527 1748 1573 mortem
1804 1519 1906 1572 sibi
1959 1518 2199 1573 vicinam

611 1616 899 1673 imminere
957 1612 1407 1683 pertimescebat.
1462 1610 1705 1665 Audiens
1755 1626 1884 1680 ergo
1938 1610 2202 1664 miracula

606 1688 851 1777 Dominae
900 1712 1122 1769 nostrae,
1176 1703 1335 1774 petiit
1387 1702 1643 1772 reliquias
1688 1703 1806 1773 ejus
1848 1704 1949 1757 sibi
1994 1703 2198 1769 afferri,

611 1798 918 1869 delatisque
961 1796 1218 1851 cochlear
1266 1804 1585 1866 argenteum
1637 1795 1864 1858 obtulit,
1924 1797 2200 1867 lympham

612 1894 668 1949 in
712 1862 991 1962 qua-lotae
1058 1888 1276 1943 fuerant
1324 1862 1447 1941 cum
1499 1887 1603 1942 fide
1659 1889 1840 1951 bibit;
1904 1862 2200 1959 statimque
2236 1862 2279 1918 Β

608 1994 768 2057 partu
797 1983 944 2038 edito
983 1981 1236 2047 liberata,
1278 1980 1392 2035 Deo
1423 1986 1478 2033 et
1512 1980 1615 2051 pia:
1644 1978 1801 2034 Matri
1841 1981 1957 2051 ejus
1997 1980 2204 2052 gratias

611 2076 743 2142 egit.

608 2167 740 2223 CAP.
781 2164 873 2219 Xl.
906 2194 977 2204 —-
1007 2163 1081 2217 De
1110 2163 1331 2218 muliere
1357 2164 1527 2218 sterili
1549 2163 1864 2218 Cenomanis
1892 2164 2199 2234 fecundata.

680 2255 1009 2311 Cenomanis
1053 2264 1304 2309 matrona
1347 2253 1597 2324 quaedam
1638 2255 1863 2319 sterilis,
1913 2256 2202 2312 cum-viro

607 2364 707 2405 suo
746 2347 1039 2414 ditissimo,
1085 2345 1290 2403 fratres
1324 2360 1542 2403 nosnos
1578 2350 1821 2417 suscepit
1850 2348 2107 2418 hospitio,
2148 2356 2206 2403 et

606 2447 881 2512 prostrata
906 2454 1089 2493 coram
1118 2439 1363 2493 Dominae
1412 2447 1613 2493 nostrae
1657 2437 1883 2503 feretro,
1932 2438 2051 2492 dari
2098 2438 2203 2494 sibi

612 2531 822 2603 prolem
845 2530 1044 2585 oravit.
1080 2527 1193 2584 Nec
1224 2528 1486 2583 frustrata
1528 2538 1610 2584 est
1651 2529 1753 2583 fide
1790 2545 1904 2583 sua.
1934 2528 2062 2583 Post
2090 2532 2203 2585 cir-

612 2625 795 2680 culum
841 2622 1108 2693 siquidem
1161 2622 1288 2676 anni
1330 2622 1498 2676 tilium
1544 2622 1760 2692 genuit;
1794 2626 1848 2674 et
1885 2620 2204 2689 frequenter

608 2715 956 2789 postmodum
980 2714 1127 2771 venit
1154 2712 1503 2779 Laudunutn,
1535 2728 1700 2784 agens
1728 2714 1968 2767 Domina:
2001 2724 2202 2771 nostrae

609 2812 837 2884 gratias.

607 2872 738 2960 ἆΔιι.
777 2900 1086 2957 Xll.—De
1123 2872 1380 2954 miraculo
1428 2898 1569 2969 apud
1608 2907 1836 2952 montem
1882 2899 1945 2953 de
1982 2898 2201 2954 Gttarda

1264 2970 1555 3025 castellum.

679 3068 829 3125 Inter
864 3069 1055 3123 urbem
1104 3064 1528 3121 Cenomanicam
1555 3105 1570 3130 ,
1615 3071 1673 3119 et
1717 3062 2000 3118 castellum
2055 3062 2200 3131 quod

610 3161 811 3218 dicitur
832 3161 899 3215 ad
928 3166 1166 3214 montem
1191 3157 1258 3212 de
1286 3155 1525 3219 Guarda,
1564 3155 1826 3209 transitus
1856 3154 2200 3209 diﬂicillimus

610 3263 667 3309 et
707 3252 962 3308 silvarum
1008 3250 1282 3305 decisione
1336 3264 1366 3301 a
1408 3247 1962 3317 comprovincialibns
1992 3247 2203 3302 obsitus

612 3355 752 3411 erat,
779 3358 878 3415 pro
909 3342 1257 3398 dissensione
1283 3349 1337 3396 et
1363 3338 1455 3393 lite
1481 3353 1600 3407 quae
1630 3347 1753 3392 tunc
1776 3338 2034 3407 temporis
2061 3346 2199 3405 erat,

610 3442 755 3497 inter
802 3453 986 3508 regem
1020 3436 1303 3507 anglorum
1335 3442 1390 3488 et
1427 3434 1682 3488 comitem
1727 3433 2199 3504 Andegavensem.

610 3533 835 3605 Egressi
885 3546 1017 3602 ergo
1068 3530 1223 3583 tarde
1257 3528 1323 3583 de
1351 3527 1484 3581 urbe
1512 3524 1898 3590 Cenontaniea,
1934 3534 2205 3580 venerunt

615 3626 684 3681 ad
733 3624 884 3678 illum
932 3619 1205 3676 difficilem
1260 3618 1572 3681 transitum,
1627 3616 1935 3671 dicentibus
1991 3616 2203 3671 cunctis

612 3714 971 3774 obviantibus
1026 3711 1170 3782 quod
1207 3709 1515 3764 nullatenus
1563 3709 1797 3763 transire
1848 3717 2206 3779 possentnec

615 3811 683 3864 ad
731 3806 1015 3863 castellum
1048 3820 1155 3875 quo
1187 3802 1482 3858 tendebant
1511 3803 1814 3874 pervenire.
1853 3801 2065 3856 Interea
2090 3801 2205 3855 dies

612 3905 670 3958 in
701 3911 919 3958 noctem
952 3898 1201 3961 vertitur,
1232 3898 1427 3967 pluviae
1457 3912 1675 3967 quoque
1708 3897 1964 3951 nimietas
1992 3904 2201 3961 exorta,

608 3995 724 4064 jam
757 4007 897 4065 pene
932 3991 998 4045 de
1029 3988 1202 4044 salute
1238 3987 1384 4059 cogit
1409 4002 1503 4042 eos
1533 3987 1846 4056 deSperare.
1885 4004 1902 4037 ι
1923 3986 2204 4041 Clamave-
2288 4020 2291 4023 λ

614 4094 743 4143 runt
783 4099 916 4157 ergo
943 4085 1011 4139 ad
1050 4082 1340 4137 Dominum
1381 4095 1506 4135 cum
1557 4079 1979 4144 tribularentur,
2034 4087 2089 4132 et
2140 4077 2206 4133 de

616 4175 1035 4234 necessitatibus
1082 4187 1275 4239 eorum
1328 4171 1517 4224 eduxit
1547 4184 1643 4225 eos
1688 4168 1865 4241 (Paul.
1896 4185 2002 4223 cvi.
2029 4168 2146 4238 28).
2178 4188 2198 4220 »

614 4267 808 4324 Subito
856 4268 1026 4330 enim,
1076 4266 1186 4319 Deo
1218 4262 1541 4327 miserante,
1577 4270 1727 4316 tanta
1763 4259 2206 4315 transierunt-fa-

610 4338 820 4417 cilitate
860 4367 919 4413 ut
953 4356 1165 4412 nullutn
1214 4355 1439 4411 omnino
1485 4354 1539 4408 in
1594 4355 1923 4408 transeundo
1973 4354 2205 4425 impedi-

610 4462 859 4508 mentum
923 4451 1213 4505 ltaberent.
1281 4446 1736 4501 Pervenientibus
1797 4446 1863 4500 ad
1919 4447 2203 4501 castellum

612 4549 817 4603 milites
848 4546 1063 4601 obviam
1094 4551 1505 4616 processerunt,
1553 4543 1890 4613 nimiumque
1941 4544 2203 4599 mirantes
2233 4572 2284 4632 Β
2310 4543 2559 4645 mnum"
2595 4581 2709 4652 ipse
2732 4543 2929 4636 'ten’io'
2961 4582 3224 4652 incipiens
3268 4579 3338 4635 Te

613 4638 890 4710 quomodo
918 4638 1263 4701 transissent,
1291 4634 1680 4704 benignissime
1704 4647 1797 4688 eos
1821 4645 2197 4704 susceperunt,

614 4733 861 4787 dicentes
899 4731 1041 4802 quod
1088 4744 1278 4784 revera
1330 4727 1704 4781 misericordia
1755 4728 1965 4781 Domini
2018 4728 2207 4784 fuisset

614 4843 740 4882 cum
772 4826 875 4881 eis.
908 4826 965 4880 ln
1009 4824 1248 4879 crastino
1299 4836 1422 4875 cum
1473 4822 1763 4875 redeuntes
1811 4837 1909 4891 per
1952 4822 2201 4876 eumdem

614 4918 826 4974 aditum
876 4918 1114 4972 transire
1165 4913 1488 4979 voluissent,
1540 4916 1848 4968 nullatenus
1897 4924 2069 4969 donec
2100 4923 2203 4969 tter

613 5026 738 5067 cum
766 5025 963 5079 magno
1002 5009 1189 5063 labore
1228 5006 1543 5076 expeditum
1590 5006 1694 5060 fuit
1729 5007 1962 5061 transire
2014 5017 2203 5077 potue.

611 5112 762 5172 runt,
784 5103 971 5173 sicque
992 5102 1094 5172 pia:
1107 5098 1262 5153 Matri
1290 5099 1497 5153 Domini
1517 5099 1719 5169 gratias
1743 5098 2059 5166 retulerunt,
2082 5117 2201 5171 qua:

614 5198 674 5255 in
704 5199 841 5253 hora
879 5209 1091 5266 magnae
1136 5193 1480 5249 necessitatis
1503 5208 1755 5264 magnam
1787 5193 1866 5248 eis
1891 5194 2204 5251 misericor-

617 5292 761 5348 diam
787 5289 1018 5346 fecerat.

615 5408 746 5465 Ctr.
779 5407 915 5463 Xlll.
948 5437 1011 5448 —
1045 5406 1119 5460 De
1149 5404 1316 5459 tribus
1342 5403 1610 5459 miraculis
1640 5404 1696 5458 in
1729 5402 1855 5458 urbe
1888 5403 2201 5460 Carnotenai

989 5478 1157 5548 factis
1181 5494 1273 5547 per
1299 5487 1535 5531 sanctam
1566 5474 1821 5529 Mariam.

701 5573 757 5626 In
790 5570 973 5643 vigilia
1000 5568 1311 5624 Nativitatis
1334 5577 1534 5622 sancta:
1562 5566 1761 5632 Mariae,
1787 5575 1913 5622 ante
1941 5583 2201 5639 vesperas

616 5665 915 5720 Carnutum
961 5671 1252 5728 venerunt,
1285 5669 1339 5717 et
1368 5658 1920 5717 honorificentissime
1960 5663 2199 5733 suscepti

617 5764 745 5811 sunt
775 5755 1031 5811 adomno
1058 5756 1219 5810 lvone
1266 5752 1590 5811 Carnoteusi
1645 5753 1924 5827 episcopo,
1979 5765 2200 5835 totaque

621 5846 1007 5929 canonicorum
1055 5846 1405 5921 processione
1448 5853 1607 5907 extra
1654 5846 1851 5911 urbem
1899 5862 2070 5931 usque
2123 5850 2191 5919 ad

2302 590 2496 659 majori
2535 589 2763 645 ecclesia
2791 604 2953 659 super
2982 588 3155 644 altare
3191 601 3397 647 sanctae
3429 591 3632 648 Marize.
3664 594 3725 648 Et
3750 596 3859 655 ecce

2303 681 2547 752 quadam
2589 680 2781 735 mulier
2806 688 3093 736 contracta
3138 692 3259 737 erat
3301 683 3357 737 in
3398 684 3534 740 urbe
3579 702 3733 756 quam
3763 691 3853 759 epi-

2304 787 2500 844 scopus
2527 772 2667 829 idem
2694 771 2809 841 jam
2840 773 3084 843 quinque
3109 774 3269 828 annis
3300 774 3355 829 in
3382 777 3563 843 domo,
3601 779 3690 833 ubi
3724 784 3851 850 panis

2304 879 2437 919 suus
2467 865 2825 936 coquebatur,
2868 864 3100 921 aluerat.
3134 864 3268 933 Quae
3298 881 3412 936 prae
3448 868 3619 923 nimia
3655 870 3852 927 infirmi-

2306 969 2419 1015 tate
2443 960 2520 1015 sic
2537 960 2756 1030 jaccbat
2784 960 3068 1015 incurvata
3095 968 3155 1014 ut
3190 975 3259 1015 ne
3290 961 3359 1016 ad
3397 977 3733 1018 communem
3758 966 3853 1036 qui-

2306 1051 2427 1106 dem
2458 1053 2864 1120 necessitatem,
2898 1053 3003 1109 nisi
3032 1068 3063 1107 a
3091 1052 3305 1110 duobus
3339 1066 3672 1125 portaretur,
3705 1069 3853 1128 posset

2306 1146 2402 1201 ire.
2454 1145 2635 1201 Prima
2667 1162 2797 1218 ergo
2826 1147 3003 1203 noctis
3040 1148 3178 1203 hora
3221 1150 3475 1219 apparuit
3517 1151 3567 1205 ei
3604 1152 3658 1205 in
3690 1154 3854 1210 somnis

2306 1240 2535 1294 Domina
2568 1250 2779 1305 nostra,
2808 1240 3138 1312 praecipiens
3169 1241 3220 1295 ei
3254 1250 3314 1296 ut
3352 1242 3679 1312 quantocius
3708 1259 3854 1315 surge-

2306 1346 2408 1399 ret,
2444 1335 2510 1388 ad
2541 1333 2806 1402 majorem
2832 1336 3125 1390 ecclesiam
3168 1334 3294 1400 iret,
3340 1342 3396 1390 et
3434 1334 3695 1390 feretrum
3728 1352 3852 1394 suum

2304 1424 2664 1480 Laudunense
2688 1435 2976 1495 quareret.
3004 1425 3264 1481 Protinus
3288 1427 3558 1499 evigilans
3580 1425 3730 1497 533
3752 1442 3854 1483 sana

2306 1518 2568 1583 surrexit,
2607 1525 2661 1572 et
2697 1518 2762 1571 ad
2805 1517 3098 1572 ecclesiam
3145 1533 3375 1574 currens
3402 1534 3500 1589 per
3530 1518 3729 1589 plateas
3758 1533 3852 1574 cum

2307 1610 2503 1682 gaudio
2561 1608 2969 1664 vociferabatnr
3019 1611 3311 1667 clamando
3360 1629 3374 1667 ;
3428 1612 3654 1666 Domina
3704 1620 3853 1666 sancta

2307 1700 2516 1754 Maria!
2580 1700 2809 1753 Domina
2864 1712 3057 1756 sancta
3109 1701 3311 1757 Maria!
3371 1701 3602 1756 Familia
3657 1703 3853 1774 episcopi

2308 1803 2492 1849 secuta
2552 1799 2638 1851 est
2692 1806 2857 1858 eam,
2914 1794 3031 1863 ipse
3092 1810 3309 1866 quoque
3370 1796 3654 1867 episcopus
3704 1810 3853 1851 somno

2308 1884 2873 1957 excitatus,audiens
2903 1897 2959 1943 et
2989 1889 3231 1960 gaudens
3272 1904 3504 1960 egenam
3539 1904 3688 1943 suam
3729 1903 3854 1944 sana-

2308 1992 2434 2036 tam.
2484 1981 2713 2036 Intravit
2750 1980 2949 2035 mulicr
2982 1996 3115 2035 sana
3148 1981 3461 2047 ecclesiam,
3494 1997 3732 2051 quarens
3760 1997 3853 2038 cum

2307 2072 2548 2128 clamore
2610 2073 2701 2128 ubi
2756 2083 2902 2128 esset
2960 2072 3221 2128 feretrum
3274 2072 3481 2128 Sancta:
3536 2071 3710 2127 Maria:
3748 2072 3854 2127 Lau-

2306 2164 2593 2219 dunensis.
2652 2163 2931 2235 Stansque
2975 2180 3163 2219 coram
3203 2180 3268 2219 eo
3293 2206 3308 2229 ,
3354 2165 3564 2236 gratias
3603 2165 3653 2220 ei
3694 2164 3854 2221 refere-

2305 2258 2434 2325 bat,
2482 2267 2539 2313 et
2583 2258 2859 2316 auomodo
2914 2258 3018 2314 sibi
3082 2257 3422 2330 apparuisset
3475 2258 3685 2314 cunctis
3729 2271 3853 2313 enar-

2308 2354 2486 2408 rabat.

2379 2446 2574 2501 Statim
2592 2447 2878 2517 episcopus
2904 2445 3085 2502 omnia
3114 2446 3267 2519 signa
3290 2445 3458 2515 jussit
3486 2444 3685 2517 pulsari
3709 2444 3852 2511 citius,

2306 2546 2360 2592 et
2389 2538 2618 2607 ipsemet
2668 2538 2871 2607 incepit
2912 2536 2983 2591 Te
3031 2536 3200 2591 Deum
3232 2536 3538 2590 laudamus.
3583 2534 3725 2603 Quod
3757 2534 3853 2589 dum

2308 2638 2647 2692 cantaretur,
2680 2644 2807 2684 ecce
2840 2629 3011 2683 altera
3042 2638 3345 2694 contracta,
3379 2638 3489 2683 tam
3524 2629 3624 2697 ipsi
3649 2628 3854 2697 episcopo

2306 2738 2466 2791 quam
2509 2723 2721 2777 cunctis
2748 2721 2869 2776 aliis
2907 2723 3224 2787 notissima,
3256 2722 3549 2777 ecclesiam
3588 2730 3760 2777 sanata
3795 2722 3855 2775 in-

2308 2815 2490 2878 travit,
2523 2823 2577 2867 et
2609 2815 2676 2867 ad
2711 2813 2972 2869 feretrum
3022 2823 3172 2869 recto
3216 2829 3379 2869 cursu
3409 2814 3663 2879 veniens,
3688 2811 3855 2869 scabri.

2305 2903 2410 2958 lula
2440 2904 2566 2970 duo,
2596 2905 2793 2975 quibus
2841 2905 3080 2977 rependo
3111 2913 3167 2961 et
3214 2905 3572 2961 sustentando
3610 2919 3669 2961 se
3702 2904 3760 2958 ad
3787 2918 3857 2974 pe-

2308 2997 2527 3051 tendam
2554 2997 2956 3069 eleemosynam
2992 2997 3345 3053 circumferre
3373 2997 3604 3063 solebat,
3632 3011 3777 3067 super
3797 2992 3857 3049 al-

2307 3097 2422 3143 tare
2451 3090 2658 3160 posuit,
2691 3090 2915 3160 ipsaque
2942 3100 3094 3146 stans
3123 3105 3307 3145 coram
3340 3090 3562 3162 populo,
3596 3090 3701 3145 Deo
3719 3096 3767 3144 et
3781 3086 3858 3158 pia

2230 3217 2275 3279 ε
2310 3178 2469 3235 Matri
2516 3180 2632 3248 ejus
2680 3181 2888 3253 gratias
2944 3191 3158 3254 agebat.
3204 3182 3462 3238 Protinus
3514 3183 3627 3253 ipse
3682 3194 3857 3235 rursum

2308 3277 2490 3331 omnia
2538 3277 2689 3347 signa
2748 3277 3007 3348 praecepit
3065 3278 3271 3345 sonari,
3335 3276 3603 3347 incipiens
3664 3272 3859 3330 secundo

2306 3371 2592 3439 praefatum
2624 3372 2909 3442 hymnum.
2945 3370 3047 3438 Qui
3080 3379 3371 3440 antequam
3402 3369 3673 3437 ﬁniretur,
3702 3368 3861 3425 divina

2307 3463 2493 3533 pietati
2526 3458 2728 3533 placuit
2758 3463 2977 3518 tertium
3005 3464 3370 3535 superaddere
3398 3463 3739 3519 miraculum.

2379 3557 2606 3625 Quidam
2633 3557 2833 3612 etenim
2859 3558 3078 3625 juvenis
3105 3558 3281 3625 miles,
3313 3556 3455 3613 filius
3482 3556 3727 3614 videlicet
3752 3554 3863 3612 Car-

2310 3646 2558 3702 notensis
2587 3646 2914 3702 vicedomini
2935 3687 2950 3712 ,
2977 3647 3068 3717 qui
3098 3648 3148 3701 in
3186 3647 3409 3703 castello
3433 3648 3670 3723 quodam
3694 3645 3864 3703 catenis

2310 3741 2567 3812 religatus
2590 3752 2782 3813 captus
2812 3744 3154 3809 servabatur,
3179 3743 3359 3798 subito
3386 3744 3697 3814 insperatus
3722 3741 3863 3798 eccle-

2310 3841 2444 3897 siam
2473 3832 2791 3911 ingreditur,
2827 3851 2883 3896 et
2912 3849 3086 3894 matre
3117 3855 3213 3895 sua
3237 3854 3360 3895 cum
3395 3838 3660 3894 militibus
3681 3846 3734 3894 et
3759 3834 3864 3891 ciri-

2308 3934 2410 3988 bus
2443 3933 2544 3988 sibi
2576 3942 2931 3999 occurrente,
2980 3932 3133 3990 laetus
3179 3934 3246 3990 ad
3299 3933 3477 3990 altare
3524 3932 3861 4006 progreditur,

2309 4022 2645 4093 genibusque
2694 4021 2849 4077 ﬂexis
2877 4037 3061 4078 coram
3106 4023 3342 4090 feretro,
3382 4032 3437 4079 et
3483 4038 3585 4095 per
3617 4022 3863 4079 Dominam

2308 4124 2552 4171 nostram
2582 4130 2640 4170 se
2683 4116 2869 4171 dicens
2904 4124 3183 4186 ereptum,
3216 4117 3579 4189 quadraginta
3624 4112 3862 4173 solidosei

2308 4208 2492 4263 statim
2524 4207 2739 4263 obtulit.
2771 4206 2925 4274 Quod
2953 4224 3185 4264 cernens
3215 4210 3528 4279 episcopus,
3579 4224 3683 4264 non
3723 4206 3863 4263 solum

2309 4302 2363 4356 iu
2395 4302 2583 4373 majori
2615 4301 2876 4367 ecclesia,
2909 4302 3002 4357 sed
3030 4312 3085 4357 et
3120 4302 3173 4356 in
3214 4303 3470 4359 omnibus
3508 4302 3631 4359 aliis
3655 4299 3863 4357 ecclesiis

2307 4394 2469 4448 etiam
2499 4393 2738 4449 minimis
2762 4407 2849 4464 pet
2886 4402 3051 4448 totam
3076 4393 3292 4458 urbem,
3317 4396 3501 4450 omnia
3526 4396 3679 4466 signa
3700 4390 3865 4447 diutius

2308 4489 2492 4542 sonari
2513 4529 2529 4554 ,
2558 4496 2612 4543 et
2644 4488 2753 4544 Deo
2782 4489 2970 4544 laudes
3004 4489 3225 4543 directis
3255 4489 3463 4544 nuntiis
3503 4487 3757 4559 praecepit
3794 4484 3864 4539 de-

3384 4580 3554 4634 Deum
3597 4580 3861 4633 laudamus.

2308 4671 2556 4737 Quantus
2611 4687 2707 4741 per
2758 4681 2924 4727 totam
2980 4673 3490 4743 urbem-signorum
3538 4670 3783 4741 strepitus
3824 4673 3864 4720 et

2308 4766 2548 4836 clangor,
2601 4782 2721 4837 qua:
2769 4782 2873 4820 vox
2902 4766 3135 4833 lmtitire,
3170 4776 3303 4836 quot
3347 4765 3586 4821 dulcium
3634 4765 3864 4835 lacrynta-

2309 4876 2425 4913 rutu
2478 4860 2700 4914 flumina
2748 4875 2859 4930 pra:
2900 4860 3066 4914 nimia
3113 4858 3516 4925 exsultatione,
3571 4860 3639 4914 ab
3670 4867 3864 4923 utroque

2307 4968 2441 5009 sexu
2487 4962 2538 5007 et
2566 4953 2779 5008 diversa
2808 4961 2968 5007 {etate
2994 4952 3103 5007 sint
3132 4951 3323 5018 effusa,
3350 4952 3514 5006 etiam
3541 4952 3697 5006 nobis
3719 4961 3845 5004 tacen

2310 5045 2453 5100 tibus
2485 5045 2607 5115 pius
2635 5045 2803 5100 lector
2835 5043 2991 5098 facile
3020 5052 3197 5113 potest
3234 5043 3544 5098 advertere.
3584 5041 3674 5097 Sic
3714 5041 3862 5108 itaque

2305 5137 2505 5193 fratres
2538 5138 2741 5204 nostri,
2795 5137 2966 5191 beatae
3016 5135 3198 5191 Maria:
3244 5135 3527 5189 miraculis
3574 5128 3858 5191 exhilarati,

2306 5231 2542 5287 fidelium
2566 5232 2721 5288 donis
2743 5230 3092 5301 locupletati,
3130 5230 3198 5285 ad
3236 5245 3335 5285 nos
3366 5245 3493 5285 cum
3525 5228 3721 5302 gaudio
3745 5225 3859 5281 circa

2305 5324 2502 5382 festum
2532 5327 2704 5382 sancti
2734 5325 2975 5380 Mattlnei
3000 5323 3343 5394 evangelista:
3375 5323 3676 5386 redienmt,
3700 5328 3858 5375 totam-

2306 5435 2411 5493 que
2454 5420 2642 5475 urbem
2702 5419 3131 5475 Laudunensem
3177 5417 3486 5487 hujusmodi
3544 5410 3855 5471 relationibus

2304 5511 2461 5567 valde
2487 5510 2826 5566 lmtiﬁcantes
2845 5551 2858 5575 ,
2883 5517 3002 5579 post
3036 5507 3404 5563 tribulationis
3436 5506 3664 5570 luctum,
3694 5512 3853 5558 norum

2305 5605 2559 5677 gaudium
2600 5602 2757 5657 nobis
2808 5601 3125 5656 intulerunt.
3174 5599 3280 5655 Per
3325 5600 3513 5655 omnia
3571 5594 3851 5653 benedictus

2305 5696 2476 5761 Deus,
2508 5692 2601 5767 qui
2630 5692 2765 5755 vivit
2797 5700 2853 5753 et
2899 5701 3090 5775 regnat
3126 5706 3225 5774 per
3263 5691 3451 5753 omnia
3485 5690 3678 5749 saecula
3710 5695 3849 5749 δεῦθ’

2302 5786 2497 5853 lorum.
