3982 6346
227 353 337 413 9ἷῦ

978 350 1339 409 llERMANNl
1363 353 1453 411 DE
1488 350 1724 412 MIRAC.
1753 350 1813 410 s.
1855 347 2097 408 suam
2129 347 2437 407 LAUDUN.
2478 326 2701 406 é-LIB.
2744 348 2807 405 ιι.

3407 347 3516 409 9η

893 637 1608 760 CAPITULA
1687 640 2068 819 LIBRI
2159 638 2824 759 SECUNDI.

662 884 793 929 (.AP.
835 880 878 925 ὲ.
918 868 996 924 De
1025 866 1185 923 surdo
1212 876 1258 922 et
1294 875 1437 922 muto
1467 866 1609 937 apud
1651 834 1916 937 Nigellum
1943 870 2145 919 curato.

659 941 791 999 CAP.
830 940 892 996 ll.
934 940 1010 995 De
1041 940 1260 1007 auriﬁce
1287 955 1424 993 cazco
1454 937 1711 992 Atrebati.

658 1012 789 1069 CAP.
831 1012 916 1067 III.
957 1011 1034 1065 De
1061 1006 1236 1081 puella
1260 1019 1449 1065 sanata
1473 1009 1614 1079 apud
1640 1009 1897 1062 Sanctum
1928 1006 2313 1081 Audomarum.

668 1084 800 1141 CAP.
840 1084 931 1138 IV.
978 1074 1388 1136 De'liberatione
1410 1074 1717 1135 clericorum
1748 1087 1945 1133 sancta:
1975 1076 2165 1131 Maria:
2186 1077 2241 1148 in
2267 1076 2403 1130 mari
2440 1092 2474 1132 a
2494 1074 2706 1148 piratis.

670 1155 797 1212 CAP.
844 1154 906 1209 V.
954 1153 1025 1208 De
1058 1153 1289 1207 vindicta
1311 1169 1467 1222 super
1489 1152 1834 1222 negotiatores
1857 1148 2001 1222 facta
2033 1146 2421 1222 apudﬁDobras.

669 1225 796 1282 CAP.
839 1224 928 1280 Vl.
970 1224 1044 1278 De
1075 1224 1293 1278 muliere
1317 1217 1639 1293 parturiente
1672 1217 1895 1293 liberata
1931 1217 2260 1293 Cantuariw.

664 1298 793 1354 CAP.
836 1295 947 1350 VII.
991 1294 1067 1349 De
1093 1312 1230 1350 ειεεο
1259 1290 1557 1348 illuminato
1592 1292 1733 1361 apud
1770 1290 2118 1346 Wintoniam.
2179 1321 2183 1325 ι

663 1369 794 1425 CAP.
840 1366 968 1422 VIII.
1010 1367 1089 1421 De
1127 1367 1233 1420 alio
1262 1365 1472 1433 inﬁrmo
1498 1363 1692 1417 ibidem
1719 1371 1925 1416 curato.

660 1439 788 1496 CAP.
828 1438 919 1494 IX.
960 1437 1038 1492 De
1065 1436 1337 1491 duodecim
1363 1434 1586 1505 inﬁrmis
1612 1434 1802 1488 ibidem
1824 1435 2041 1505 curatis.

668 1511 797 1566 CAP.
838 1510 907 1565 X.
950 1510 1027 1563 De
1055 1508 1229 1579 puella
1261 1502 1471 1579 inﬁrma
1495 1516 1697 1579 curatak
1711 1502 2305 1579 apnd‘Chris‘tikercam.

668 1581 799 1636 CAP.
837 1579 929 1635 XI.
970 1574 1370 1634 De'incredibili
1396 1578 1629 1631 vindicta
1660 1576 1758 1629 Dei
1794 1575 1987 1629 ibidem
2015 1574 2179 1644 facta.

671 1652 799 1707 CAP.
841 1650 956 1706 Xll.
998 1653 1075 1705 De
1097 1650 1325 1720 inﬁrmis
1346 1648 1707 1717 septemdecim
1736 1648 1939 1720 sanatis
1970 1646 2111 1720 apud
2141 1646 2518 1720 Essecestram.

669 1722 797 1778 CAP.
838 1723 971 1777 Xlll.
1010 1721 1086 1776 De
1108 1717 1309 1791 glutino
1340 1729 1605 1773 contracto
1631 1718 1913 1791 curato_in_
1922 1718 2225 1791 episcopatu
2250 1717 2656 1791 _S_alesberiensi.

664 1793 795 1849 CAP.
831 1794 970 1849 XIV.
1015 1792 1091 1847 De
1109 1786 1451 1861 vfebricitante
1482 1799 1663 1861 curato
1699 1788 1839 1857 apud
1868 1786 2177 1861 Wiltoniam
2207 1788 2469 1861 abbatiam
2499 1788 3005 1850 sanctimonialium

672 1864 802 1920 CAP.
841 1866 955 1919 XV.
1000 1864 1078 1917 De
1106 1857 1279 1932 puella
1307 1878 1445 1916 cwca
1468 1860 1765 1914 illuminata
1793 1859 1935 1929 apud
1964 1857 2407 1914 Danavexeriam.

665 1935 796 1991 CAP.
837 1936 978 1991 XVI.
1022 1935 1094 1988 De
1122 1934 1283 1987 surdo
1307 1933 1496 1987 ibidem
1518 1941 1727 1986 sanato.
1807 1960 1810 1965 -

663 2006 791 2063 CAP.
835 2006 992 2061 XVII.
1042 2005 1117 2059 De
1144 2003 1318 2075 puella
1351 2019 1508 2075 curva
1533 2003 1674 2075 apud
1698 2010 1936 2075 castrum
1964 2001 2372 2073 Bannistaplum
2409 2014 2615 2061 curata.

660 2078 789 2133 CAP.
834 2077 1018 2132 XVIII.
1061 2073 1418 2129 De'monaclto
1444 2073 1633 2127 claudo
1666 2074 1854 2128 ibidem
1883 2084 2089 2127 curato.

670 2148 798 2203 CAP.
839 2148 980 2204 XIX.
1022 2147 1100 2201 De
1129 2146 1234 2199 alio
1266 2145 1456 2200 claudo
1487 2155 1668 2198 curato
1705 2145 1845 2214 apud
1881 2156 2111 2198 castrum
2143 2144 2379 2200 Totenes.

665 2219 793 2275 CAP.
836 2220 955 2274 XX.
992 2219 1069 2273 De
1095 2216 1324 2290 mirabili
1360 2216 1589 2290 vindicta
1624 2216 1815 2269 ibidem
1844 2215 1987 2285 facta
2016 2233 2260 2290 ευμεν-ρο
2285 2219 2374 2290 qui
2410 2234 2465 2271 se
2484 2218 2774 2290 suspendit.

660 2290 787 2346 CAP.
832 2291 973 2345 XXI.
1017 2290 1094 2343 De
1117 2289 1423 2341 liberatione
1448 2286 1765 2359 clericorum,
1783 2296 2137 2359 persanctam
2165 2286 2391 2342 Mariam
2415 2290 2556 2359 apud
2576 2286 2817 2346 castrum
2840 2288 3125 2352 Bristoltlt.

666 2361 796 2419 CAP.
839 2362 1002 2417 XXII.
1047 2360 1123 2414 De
1150 2375 1312 2429 puero
1338 2367 1525 2413 sanato
1559 2358 1699 2428 apud
1729 2356 1982 2430 Bagejam
2006 2358 2287 2412 civitatem.

226 2498 3529 2535 —-———-—————-————————————————————————_—__—

1229 2629 1776 2735 muneri
1843 2645 2495 2738 SECUNDUS.

1240 2824 1332 2884 De
1370 2821 1471 2883 his
1516 2839 1659 2901 quae
1698 2838 1811 2901 per
1853 2820 2152 2899 Angliam
2200 2826 2382 2901 gesta
2423 2827 2598 2885 sunt.

230 3109 365 3167 CAP.
400 3106 443 3163 Ι.
468 3136 539 3147 -
563 3106 643 3162 De
672 3105 836 3161 surdo
864 3114 911 3160 et
955 3115 1100 3160 muto
1137 3107 1281 3164 apud
1310 3106 1581 3179 Nigellum
1625 3118 1831 3164 curato.
1861 3118 1911 3179 Α
1941 3131 2276 3187 οοηιίηίοωη
2312 3130 2617 3203 palmarum
2658 3131 2727 3188 ab
2751 3134 2886 3189 urbe
2917 3128 3267 3189 Laudunensi
3304 3130 3361 3189 in
3389 3144 3529 3204 pace

236 3260 237 3263 η
304 3225 384 3279 Ex
424 3220 790 3279 oblationibus
825 3233 955 3291 ergo
991 3214 1228 3275 fidelium
1257 3238 1354 3293 per
1387 3222 1673 3278 Franciam
1712 3224 1826 3279 col-

230 3316 423 3383 lectis,
454 3324 570 3371 toto
603 3314 900 3369 autumnali
934 3327 990 3367 et
1024 3314 1241 3369 hiemali
1288 3324 1531 3386 tempore
1572 3317 1827 3387 templum

232 3407 479 3465 Domina:
514 3418 719 3464 nostrae
748 3422 814 3462 ex
845 3423 1039 3479 magna
1070 3416 1222 3478 parte
1260 3418 1567 3479 reparatum
1599 3420 1700 3465 est.
1731 3411 1829 3468 Se-

231 3503 420 3571 quenti
449 3516 581 3557 vero
612 3500 1063 3570 Quadragesima,
1109 3516 1233 3556 eum
1277 3502 1457 3557 adhuc
1484 3518 1608 3573 pars
1648 3506 1829 3575 operis

230 3597 467 3652 maxima
495 3604 851 3665 superesset,
913 3596 1144 3665 pecunia
1185 3611 1314 3651 vero
1344 3597 1602 3666 paulatim
1642 3600 1829 3655 decre-

230 3700 427 3753 sceret,
474 3688 868 3743 consuluerunt
920 3688 1078 3744 nobis
1130 3689 1370 3744 nonnulli
1421 3692 1719 3761 sapientes,
1770 3701 1830 3749 ut

230 3781 409 3836 denuo
435 3797 498 3837 ex
529 3781 809 3836 canonicis
841 3780 1009 3852 aliqui
1033 3780 1388 3853 eligerentur,
1421 3784 1511 3853 qui
1542 3792 1651 3839 tam
1684 3785 1829 3842 litte~

228 3888 412 3928 rarum
450 3874 680 3930 scientia
718 3890 881 3946 quam
919 3874 1288 3930 modulatione
1343 3877 1573 3931 canendi
1603 3889 1657 3932 et
1687 3878 1830 3949 peri-

229 3965 303 4019 tia
343 3964 693 4021 Laudunensi
722 3968 981 4024 Ecclesia).
1013 3966 1192 4022 forent
1218 3968 1435 4035 honori,
1466 3978 1665 4025 etcum
1687 3972 1829 4026 fere-

225 4064 316 4110 tro
360 4055 600 4112 Domina:
641 4068 838 4113 nostrae
881 4067 1305 4130 sanctorumque
1340 4060 1582 4131 reliquiis
1623 4063 1678 4118 in
1717 4064 1827 4118 An-

229 4147 398 4219 gliam
428 4151 951 4217 transmitterentur,
991 4168 1112 4222 quae
1156 4161 1285 4208 tunc
1331 4152 1591 4223 temporis
1634 4169 1829 4224 magna

226 4232 544 4296 divitiarum
573 4245 798 4299 ﬂorebat
826 4245 1106 4315 opulentia
1127 4289 1141 4313 ,
1173 4262 1271 4316 pro
1303 4260 1459 4316 pace,
1493 4254 1548 4301 et
1578 4245 1789 4316 iustitia
1809 4288 1825 4314 ,

225 4347 393 4402 quam
441 4350 536 4389 rex
575 4334 691 4403 ejus
740 4336 1008 4392 Henricus
1035 4338 1149 4408 (54)
1182 4338 1325 4394 ﬁlius
1366 4337 1636 4394 Guillelmi
1684 4340 1827 4409 regis

228 4424 287 4477 iu
311 4439 373 4479 ea
404 4424 655 4482 faciebat.
686 4427 852 4483 Electi
878 4439 1005 4483 sunt
1044 4429 1227 4498 itaque
1267 4446 1331 4485 ex
1361 4429 1642 4486 canonicis
1684 4429 1826 4487 Boso

1936 3226 2259 3282 dimisimus.

2006 3319 2316 3375 Redeuntes
2343 3328 2522 3375 autem
2564 3319 2752 3375 eodem
2798 3334 2941 3376 anno
2970 3333 3157 3377 mense
3195 3317 3525 3390 Septembri,

1934 3412 2081 3468 circa
2112 3409 2460 3465 Nativitatem
2491 3410 2705 3466 Sanctae
2747 3410 2965 3477 Mariae,
2998 3410 3078 3466 sic
3120 3409 3276 3466 nobis
3304 3424 3370 3465 ea
3406 3423 3529 3480 qua

1934 3505 2035 3562 sibi
2064 3504 2407 3576 contigerant
2431 3490 2753 3560 retulerunt.
2783 3503 3021 3575 Egressi,
3061 3502 3331 3574 inquiunt,
3362 3516 3392 3557 a
3432 3517 3526 3558 vo-

1932 3598 2016 3654 bis
2048 3597 2295 3654 venimus
2319 3597 2386 3652 ad
2416 3604 2675 3661 castrum,
2717 3597 2860 3667 quod
2888 3594 3097 3666 Nigella
3129 3591 3330 3666 (Neue)
3357 3608 3527 3649 voca-

1934 3700 2047 3758 tur,
2074 3691 2128 3746 in
2151 3705 2292 3762 pago
2317 3688 2673 3747 Vermadensi
2693 3730 2709 3756 ,
2738 3697 2795 3744 et
2820 3688 3117 3757 honorifice
3154 3686 3387 3757 suscepti
3423 3684 3531 3740 fui-

1934 3797 2057 3837 mus
2093 3797 2122 3835 a
2152 3781 2454 3847 canonicis,
2482 3790 2535 3837 et
2565 3796 2595 3835 a
2623 3781 2821 3835 domno
2848 3778 3132 3849 Radulp’lio
3155 3786 3310 3849 patre
3340 3774 3528 3833 domui

1930 3875 2148 3942 lvonis,
2175 3874 2415 3947 ejusdem
2447 3876 2616 3931 castri
2670 3874 2917 3947 principe
2959 3883 3015 3929 et
3055 3885 3388 3945 possessore.
3422 3868 3529 3938 Qui

1936 3969 2189 4026 videlicet
2216 3967 2535 4039 Radulphus
2567 3968 2799 4024 habebat
2824 3968 2879 4022 in
2923 3966 3084 4022 domo
3113 3981 3210 4022 sua
3233 3962 3528 4035 quemdam

1924 4080 1964 4119 ea
1992 4064 2276 4120 nativitate
2312 4062 2533 4119 surdum
2576 4072 2631 4118 et
2674 4071 2912 4126 mutum,
2961 4061 3182 4116 nomine
3232 4058 3524 4125 Joannem,

1932 4175 2094 4230 quem
2122 4160 2191 4215 ab
2222 4158 2450 4213 infantia
2477 4161 2744 4212 nutrierat
2769 4171 2940 4226 usque
2962 4156 3031 4210 ad
3053 4154 3265 4209 virilem
3284 4161 3526 4219 aetatem,

1932 4251 2005 4305 ita
2031 4259 2089 4304 ut
2111 4259 2236 4305 tunc
2256 4251 2479 4305 barbam
2507 4249 2770 4318 prolixam
2794 4249 3040 4304 haberet.
3067 4246 3164 4301 Hic
3186 4260 3317 4315 ergo
3336 4244 3529 4300 videns

1932 4343 2186 4414 populum
2206 4358 2367 4397 causa
2399 4352 2709 4397 sanctarum
2756 4342 3109 4411 reliquiarum
3140 4339 3207 4395 ad
3237 4337 3527 4394 ecclesiam

1931 4433 2301 4502 festinantem,
2326 4446 2458 4489 nutu
2490 4434 2768 4505 signorum
2798 4450 2827 4488 a
2868 4434 3090 4489 domino
3126 4447 3226 4488 suo
3281 4447 3528 4488 commo-

226 4518 538 4589 Presbyter.
567 4534 839 4591 neposque
869 4521 987 4589 eius
1019 4520 1312 4587 Robertus.
1355 4522 1674 4591 Radulphus
1703 4537 1829 4592 pre-
1860 4531 1903 4587 B
1931 4531 2107 4594 nitus,
2143 4530 2305 4583 etiam
2348 4529 2461 4596 ipse
2489 4542 2611 4581 cum
2646 4526 2769 4581 aliis
2795 4526 3053 4581 cucurrit.
3097 4525 3292 4580 Potata
3330 4523 3528 4579 deinde

218 4610 439 4680 sbyter,
491 4611 816 4679 Matthaeus,
870 4624 1245 4685 cognatusque
1299 4614 1415 4685 ejus
1467 4614 1824 4684 Bonifacius,

226 4701 503 4758 Robertus
541 4720 736 4775 genere
770 4706 1059 4778 Anglicus,
1111 4716 1167 4763 et
1200 4706 1562 4775 Helinaudus,
1590 4706 1827 4765 Joannes

230 4795 516 4867 presbyter
546 4800 817 4868 parocliia:
866 4800 1051 4855 Sancti
1107 4801 1364 4861 Martini.
1400 4809 1455 4855 et
1512 4801 1827 4857 Amisardus

230 4889 482 4944 clericus.
523 4890 618 4945 His
647 4906 776 4959 ergo
804 4894 1018 4957 electis,
1054 4895 1314 4949 feretrum
1354 4894 1597 4950 Dominae
1624 4903 1825 4950 nostra:

231 4981 554 5036 tradidimus
606 4998 726 5036 cum
758 4984 879 5039 aliis
911 4987 1156 5056 pluribus
1184 4996 1499 5042 sanctorum
1545 4986 1822 5057 reliquiis,

228 5071 370 5127 inter
414 5090 552 5145 quas
592 5076 865 5131 eminebat
920 5089 974 5133 et
1023 5080 1196 5133 forma
1237 5089 1292 5135 et
1359 5080 1621 5151 dignitate
1656 5096 1822 5135 unum

228 5163 659 5234 phylacterium,
692 5167 880 5237 inquo
912 5170 991 5224 sie
1023 5170 1288 5241 sculptum
1323 5173 1556 5243 legitur:

301 5251 556 5324 Spongia,
584 5272 716 5311 crux
743 5256 977 5323 Domini,
1012 5275 1128 5312 cum
1154 5261 1391 5329 sindone,
1417 5279 1536 5316 cum
1569 5261 1751 5332 [aciali
1818 5266 1824 5273 '

301 5342 388 5399 Me
412 5358 608 5414 sacrat,
638 5358 794 5418 atque
814 5347 890 5401 tui
913 5345 1152 5403 Genitrix
1176 5360 1222 5403 et
1254 5352 1393 5421 virgo
1420 5352 1620 5421 capilli.

302 5434 491 5494 Tantis
518 5441 701 5512 itaque
731 5441 1041 5511 talibusque
1062 5440 1227 5498 fultos
1251 5444 1539 5513 prmsidiis,
1565 5444 1823 5515 praefatos

227 5531 408 5587 socios
448 5543 664 5590 nostros
708 5535 763 5589 in
806 5535 1055 5607 Angliam
1095 5537 1518 5602 transmisimus,
1560 5554 1822 5610 prospera

227 5634 285 5681 et
306 5625 413 5681 illis
440 5628 834 5698 imprecantes,
875 5641 1080 5687 etcum
1109 5646 1300 5702 magna
1340 5633 1687 5701 processione
1718 5633 1813 5688 ali-

230 5718 559 5791 quantulum
607 5735 701 5777 eos
738 5737 1164 5799 prosequentes,
1209 5723 1342 5780 feria
1391 5726 1629 5781 secunda
1694 5733 1821 5783 ante

302 5850 711 5953 (“)‘llenrlcus
734 5856 755 5913 Ι
778 5872 877 5921 rex
904 5858 1127 5937 Anglor.
1152 5858 1423 5923 Guillelmi
1448 5857 1467 5914 l
1496 5856 1662 5919 ﬁlius.

1932 4638 2091 4693 aqua,
2127 4621 2195 4675 de
2224 4636 2325 4690 qua
2357 4627 2559 4675 sanctre
2585 4619 2828 4687 reliquiae
2859 4617 2981 4674 lotae
3010 4617 3245 4683 fuerant,
3273 4632 3368 4673 ore
3393 4631 3529 4688 quo-

1931 4733 2035 4789 que
2062 4726 2117 4771 et
2142 4715 2363 4770 auribus
2392 4714 2505 4783 ejus
2532 4714 2816 4784 diligenter
2838 4728 2903 4769 ex
2934 4729 2995 4770 ea
3018 4714 3163 4781 lotis,
3196 4715 3297 4770 sub
3320 4712 3528 4770 feretro

1932 4811 2176 4867 recubuit
2199 4820 2251 4865 et
2274 4808 2618 4864 obdormivit.
2644 4807 2753 4864 Nec
2773 4823 2944 4875 mora,
2964 4809 3271 4865 videntibus
3292 4806 3524 4874 cunctis,

1929 4920 2040 4977 prm
2089 4904 2256 4959 nimia
2307 4903 2579 4958 anxietate
2630 4912 2743 4957 toto
2792 4918 3021 4973 corpore
3066 4904 3318 4959 sudorem
3360 4902 3529 4973 coepit

1930 4997 2180 5053 emittere
2201 5037 2215 5062 ,
2246 4997 2467 5066 sanguis
2493 4997 2658 5051 etiam
2685 5009 2750 5050 ex
2781 4996 3005 5051 auribus
3034 5005 3089 5051 et
3112 4995 3334 5050 naribus
3359 5003 3527 5065 atque

1929 5093 2105 5158 venis,
2133 5107 2251 5161 quae
2282 5092 2427 5145 circa
2455 5098 2642 5161 guttur
2669 5099 2724 5145 et
2767 5090 2963 5145 collum
3002 5088 3427 5161 prominebant,
3459 5101 3525 5143 ae

1929 5185 1973 5242 si
2001 5196 2172 5257 rupta:
2207 5183 2419 5250 forent,
2450 5184 2684 5239 ubertim
2732 5182 3018 5254 proﬂuere.
3069 5181 3348 5253 Evigilans
3400 5189 3526 5253 post

1926 5280 2205 5352 paululum
2246 5278 2505 5345 surrexit,
2545 5286 2600 5333 et
2630 5292 2816 5332 coram
2861 5274 3063 5358 feretro
3104 5283 3257 5330 stans
3282 5274 3525 5331 clamare

1928 5377 2093 5445 coepit
2137 5374 2189 5427 in
2240 5386 2371 5426 voce
2415 5368 2831 5436 exsultationis,
2880 5368 2973 5424 scd
3002 5383 3107 5424 non
3137 5366 3518 5431 confessionis,

1928 5466 2183 5536 quoniam
2214 5464 2360 5534 loqui
2409 5462 2715 5529 nesciebat,
2756 5462 2900 5532 quod
2948 5476 3053 5516 non
3093 5460 3386 5527 didicerat,
3428 5459 3522 5530 qui

1927 5574 2204 5629 nunquam
2247 5557 2508 5612 audierat.
2554 5555 2707 5623 Quod
2764 5564 2945 5609 tamen
2979 5555 3115 5610 alios
3146 5555 3387 5611 dicentes
3419 5570 3518 5608 au-

1928 5654 2135 5722 diebat,
2166 5652 2269 5707 hoc
2300 5652 2413 5722 ipse
2442 5650 2772 5721 respondere
2817 5649 3264 5720 compellautibus
3311 5658 3367 5704 et
3414 5647 3518 5703 sibi

1924 5744 2272 5831 loquentibus
2320 5742 2531 5810 volens,
2574 5751 2699 5815 post
2740 5742 2861 5802 illos
2911 5743 3145 5816 dicebat.
3202 5742 3334 5813 Qua:
3389 5751 3519 5811 tune
