4018 6324
489 262 596 325 975

1381 254 1783 314 APPEND.AD
1811 252 1939 309 LIB.
1972 249 2038 308 111
2064 248 2393 308 GUIBERTI
2418 250 2521 307 DE
2558 250 2715 308 VlTA
2746 250 2903 310 SUA.
3656 261 3747 320 θεῖε

489 380 673 453 populi
698 376 907 447 lcetitia,
938 390 1061 447 quis
1082 372 1291 430 clamor
1314 370 1503 441 fuerit,
1535 371 1714 428 nullus
1753 369 2085 426 sufﬁcienter
2111 383 2162 445 Α
2190 371 2433 427 tnilatem
2465 369 2614 439 mali,
2643 369 2960 442 explorandi
2987 384 3147 438 causa
3166 368 3361 442 iubens
3384 377 3745 448 conscendere,

491 462 700 530 referre
723 471 938 527 valebit.
971 467 1063 524 Sic
1092 467 1204 533 ille,
1229 466 1468 538 perfecte
1490 476 1738 533 sanatus,
1771 462 1885 519 fere
1913 476 2082 533 usque

489 568 557 624 ad
591 581 743 622 mare
766 579 865 619 nos
896 573 982 619 est
1012 568 1372 634 prosecutus";
1400 559 1685 619 uobiscum
1712 558 1878 616 etiam
1910 566 2087 615 trans-

487 661 643 727 isset,
666 659 772 714 nisi
801 671 927 713 eum
958 654 1158 713 reverti
1174 664 1545 727 rogassemus.

558 753 689 810 Car.
724 750 790 807 ll.
812 782 884 792 —
917 751 995 806 De
1015 747 1235 817 auriﬁce
1262 763 1400 802 ειεεο
1425 744 1724 800 illuminato
1756 741 2011 799 Atrebati.

555 846 686 902 Inde
738 844 882 901 circa
946 842 1284 898 Parasceveu
1334 838 1658 895 Atrebatum
1734 828 1929 892 urbem
1992 847 2086 889 ve-

488 942 723 1005 nientes,
755 954 863 995 non
908 938 1090 994 minus
1134 934 1435 993 honoriﬁce
1481 933 1721 1005 suscepti
1748 947 1972 990 insumus.
2018 931 2087 988 Et

488 1048 618 1090 ecce
646 1032 867 1103 quidam
913 1029 1124 1085 aurifex
1155 1044 1323 1086 senex
1346 1020 1411 1084 in
1434 1018 1628 1109 cadem
1652 1027 1789 1107 urbe
1836 1038 2083 1095 manens,

488 1124 579 1194 qui
611 1122 722 1193 jam
757 1140 854 1195 per
887 1122 1171 1180 duodecim
1208 1137 1379 1178 annos
1418 1121 1698 1178 oculorum
1734 1120 1940 1177 lumine
1972 1120 2085 1193 pri-

487 1224 647 1269 vatus
670 1214 868 1280 fuerat,
902 1213 1130 1269 audiens
1164 1211 1422 1267 feretrum
1456 1210 1671 1266 Sanctae
1720 1210 1904 1266 Mariae
1944 1210 2087 1267 Lau-

491 1307 754 1361 ilunensis
781 1306 1089 1370 advenisse,
1123 1303 1497 1374 interrogabat
1519 1303 1773 1373 formam,
1802 1304 1886 1360 vel
1913 1303 2087 1374 quali-

493 1408 681 1464 tatem,
709 1414 802 1454 seu
834 1396 1188 1468 quantitatem
1228 1395 1471 1465 ejusdem
1503 1394 1713 1451 feretri.
1744 1395 1916 1465 Quam
1960 1400 2083 1450 etim

492 1492 791 1557 didicisset,
823 1490 1074 1560 protinus
1127 1504 1194 1543 ex
1241 1489 1351 1543 imo
1409 1490 1647 1561 pectoris
1700 1482 1921 1544 trahens
1976 1489 2083 1545 alta

490 1582 758 1652 suspiria,
790 1580 1166 1651 lacrymasque
1216 1577 1379 1651 535
1429 1578 2080 1652 ubertim’prolhndeus:

489 1676 634 1732 lleu!
682 1676 887 1748 inquit,
925 1676 1029 1731 hoc
1064 1674 1327 1737 feretrum
1356 1675 1607 1731 manibus
1640 1668 1776 1730 meis
1808 1672 2081 1747 composui

2188 480 2255 521 cx
2284 465 2444 520 dictis
2471 465 2588 536 ejus
2618 464 3004 521 animadvertit
3033 465 3353 535 piratarum,
3378 467 3471 538 qui
3495 484 3585 538 per
3624 487 3752 533 mare

2184 556 2461 630 praedandi
2487 570 2649 613 causa
2674 554 3016 637 discurrunt,
3038 571 3236 613 navem
3262 557 3471 624 adesse,
3486 561 3753 634 statimque

2186 645 2352 703 nimis
2373 647 2697 719 pcrt'erritus
2714 645 2987 704 indicavit
3010 648 3267 705 ouinibus
3300 660 3530 707 mortem
3558 656 3753 726 propin.

2187 754 2351 811 quam
2381 754 2688 795 imminere.

2260 824 2515 890 Protinus
2544 849 2732 891 omnes
2750 832 2949 891 timore
2979 815 3435 912 necis’redditpur
3456 853 3750 912 exsangues,

2187 940 2219 981 e
2266 925 2501 998 vestigio
2553 926 2700 985 enim
2748 927 3028 985 cernimus
3079 910 3275 989 navem
3326 910 3752 1002 ‘npproprianteiu

2190 1016 2361 1074 instar
2386 1018 2624 1075 volucris
2650 1017 2981 1087 advolantis,
3012 1020 3235 1077 iunceas
3270 1014 3338 1077 ’ὁὶ
3388 1023 3606 1096 clypeos
3651 1042 3752 1083 eum

2188 1111 2383 1183 gladiis
2428 1120 2802 1179 coruscantes,
2847 1104 3047 1168 loricas
3093 1106 3257 1169 etiam
3294 1104 3446 1171 solis
3493 1115 3757 1186 splendore

2186 1207 2435 1281 perfusas
2463 1208 2790 1266 relucentes.
2821 1208 3053 1266 Peccata
3082 1219 3273 1274 nostra
3292 1190 3534 1271 invicem
3556 1215 3756 1273 conﬁte-

2188 1314 2343 1373 ‘mur;
2374 1317 2429 1361 et
2470 1306 2596 1376 quia
2627 1318 2777 1361 mors
2800 1302 2915 1376 jam
2964 1306 3032 1362 ad
3066 1303 3293 1374 januatn
3324 1302 3522 1364 adesse
3543 1308 3754 1380 videtur,

2188 1414 2295 1453 non
2324 1402 2675 1470 exspectatur
2704 1390 2992 1471 presbyter
3033 1398 3101 1453 ad
3142 1384 3549 1470 Suscipiendam
3579 1400 3758 1459 confes-

2187 1482 2421 1557 Si0iiein,
2461 1491 2557 1547 sed
2601 1491 2764 1547 etiam
2808 1491 2925 1561 ipse
2952 1498 3243 1564 presbyter
3284 1508 3473 1551 rerum
3502 1493 3759 1551 imminen-

2187 1585 2321 1639 tium
2385 1583 2628 1655 periculo
2682 1585 3031 1655 perturbatus
3076 1582 3227 1640 laico’
3270 1584 3565 1642 coufitetur
3614 1586 3756 1659 (δι’).

2189 1668 2567 1750 Negotiatores
2596 1684 2811 1749 quoque
2841 1678 3085 1749 praedicti
3110 1678 3226 1752 jam
3260 1678 3327 1735 de
3356 1680 3473 1735 vita
3497 1680 3757 1752 desperan-

489 1785 591 1840 οιςο
623 1778 880 1840 peccator
911 1768 966 1824 in
1004 1752 1289 1838 iuventute
1334 1784 1483 1833 mea,
1510 1765 1664 1836 jussu
1706 1764 1895 1822 Domni
1937 1760 2081 1820 llcli-
2112 1734 2159 1810 Β
2193 1779 2272 1826 tes
2302 1771 2354 1826 in
2404 1778 2553 1827 tanto
2601 1770 2762 1840 positi
2803 1769 3076 1842 periculo,
3110 1734 3366 1826 sacculos
3405 1777 3466 1826 et
3515 1734 3758 1842 ma‘rsupia

489 1866 657 1921 nandi
685 1864 1059 1920 Laudunensis
1083 1862 1343 1933 episcopi.
1376 1861 1433 1916 In
1482 1861 1584 1917 hoc
1621 1861 1760 1915 idem
1796 1860 2085 1929 episcopus

489 1956 757 2028 pretiosas
805 1954 1064 2026 reliquias
1124 1954 1339 2024 posuit,
1392 1954 1534 2009 inter
1581 1964 1717 2022 quas
1770 1950 1869 2007 fuit
1923 1958 2087 2023 caput

490 2050 667 2107 sancti
713 2047 970 2105 Walarici
1004 2047 1253 2113 abbatis,
1303 2061 1405 2102 nec
1448 2061 1554 2101 non
1600 2054 1656 2100 et
1708 2054 1873 2117 caput
1912 2044 2084 2101 sancti

489 2126 756 2208 Montani,
780 2139 897 2211 qui,
930 2138 1069 2194 sicut
1094 2138 1164 2194 ab
1200 2137 1389 2203 eodem
1421 2139 1676 2209 episcopo
1718 2138 1896 2193 audivi
1921 2179 1933 2202 ,
1962 2152 2085 2195 cum

491 2231 773 2288 oculorum
828 2232 1005 2287 viatrt‘n
1052 2229 1359 2295 amisisset,
1407 2239 1583 2285 ortum
1629 2228 1804 2285 sancti
1854 2229 2083 2301 Remigii

490 2325 667 2380 beatae
696 2322 883 2380 Ciluiae
932 2322 1095 2379 matri
1140 2321 1256 2393 ejus
1303 2322 1714 2393 praenuntiavit,
1764 2321 1975 2393 sibique
2019 2320 2086 2377 de

490 2412 632 2470 lacte
679 2412 801 2486 ejus
857 2413 1041 2471 lumen
1102 2412 1432 2469 reddendum
1477 2410 1783 2481 subjuuxit,
1834 2410 1979 2481 quod
2031 2417 2087 2465 et

488 2516 683 2574 postea
722 2506 971 2578 contigit.
1027 2505 1175 2572 Sed,
1225 2519 1258 2559 o
1304 2512 1359 2558 tu
1401 2502 1645 2573 piissitna
1694 2501 1785 2557 Dei
1831 2502 2084 2572 genitrix,

494 2611 658 2669 quam
686 2596 947 2653 hodierna
992 2596 1078 2651 die
1123 2596 1229 2650 huc
1261 2594 1469 2665 gaudeo
1512 2592 1820 2667 advenisse,
1846 2593 2088 2665 faciesnc'

472 2690 925 2748 misericordiam
976 2696 1119 2742 tuam
1177 2687 1231 2741 in
1294 2702 1380 2742 me
1420 2696 1740 2759 peccatore,
1801 2695 1859 2743 ut
1916 2686 2088 2742 instar

495 2783 673 2840 sancti
695 2778 936 2837 Montani
963 2785 1183 2849 recepto
1210 2777 1419 2833 lumine
1442 2774 1705 2835 feretrum
1733 2784 1881 2834 tuum
1901 2821 1914 2845 ,
1942 2778 2087 2850 quod

494 2870 798 2943 composui,
831 2885 1045 2927 rursum
1089 2869 1291 2941 possim
1330 2867 1550 2925 videre?
1580 2869 1732 2925 Talia
1761 2884 1882 2925 cum
1914 2870 2088 2942 lacry-

495 2966 603 3022 mis
649 2965 898 3033 dicendo,
952 2964 1162 3037 rogavit
1205 2972 1264 3019 ut
1307 2979 1376 3020 ex
1411 2963 1651 3037 lympha,
1699 2980 1805 3037 qua
1845 2964 2088 3036 reliquiae

490 3057 622 3141 lous
648 3055 1081 3125 fmr%.mig
1109 3057 1193 3123 sui
1238 3064 1611 3128 tangerentur.
1648 3054 1767 3135 Quo
1802 3056 1967 3125 facto,
2021 3057 2087 3113 de

494 3152 613 3223 ipsa
639 3165 778 3223 aqua
810 3148 982 3217 bibit,
1012 3150 1201 3221 sicque
1238 3164 1336 3223 per
1389 3158 1554 3207 totam
1600 3160 1819 3209 noctem
1865 3151 1921 3207 in
1960 3166 2084 3207 ora-

493 3243 647 3317 tione
693 3243 932 3317 pervigil
991 3259 1177 3313 ceram
1216 3243 1422 3303 feretro
1468 3244 1690 3303 mansit.
1736 3244 1894 3302 Mane
1944 3244 2089 3302 facto

492 3334 683 3401 lumen
716 3337 961 3410 recepit,
1018 3336 1237 3410 Deoquc
1271 3345 1331 3395 et
1370 3338 1476 3412 piae
1517 3337 1681 3396 Matri
1724 3338 1845 3411 ejus
1886 3336 2089 3410 gratias

494 3427 629 3499 egit.
714 3478 715 3481 η

492 3542 737 3602 (ΞΑΡιἸΙΙ.
767 3572 841 3589 --
871 3540 1144 3618 Dcipttelfa
1186 3552 1381 3601 mia
1419 3546 1562 3618 apud
1600 3544 1857 3604 Sanctum
1909 3541 2091 3599 Λίνδος-

1170 3630 1402 3675 marum.

570 3704 700 3765 inde
752 3706 825 3764 ad
881 3705 1142 3764 Sanctum
1203 3706 1578 3767 Audomarum
1632 3706 1883 3765 venimus
1911 3744 1928 3774 ,
1996 3704 2090 3764 ubi

493 3800 676 3870 puella
704 3800 954 3871 quaedam
979 3816 1012 3856 a
1036 3799 1324 3863 uativitate
1366 3811 1587 3857 manum
1629 3797 1839 3855 aridam
1886 3795 2093 3853 habens

496 3907 568 3947 ex
616 3906 756 3964 aqua
795 3892 1147 3963 reliquiarum
1188 3890 1359 3957 bibit,
1401 3903 1705 3963 utqu
1743 3889 1864 3961 ejus
1913 3903 1982 3946 ex
2026 3902 2091 3945 ea

496 3983 611 4041 lota
636 3993 741 4053 est,
764 3990 820 4042 et
844 3984 927 4040 sic
950 3989 1142 4040 sanata
1170 3990 1273 4038 est.

498 4098 632 4156 Car.
660 4096 752 4155 ιν.
779 4120 852 4140 ε·-
880 4095 959 4154 De
984 4095 1291 4152 liberatione
1315 4094 1627 4150 meritorum
1656 4092 1870 4152 Sancta
1900 4094 2092 4150 Maria

1018 4168 1095 4223 in
1115 4168 1252 4224 mari
1273 4184 1307 4222 a
1336 4166 1543 4238 piratis.

569 4263 924 4331 Postmodum
972 4276 1123 4319 mare
1159 4261 1395 4318 transire
1423 4267 1732 4332 sperantes.
1762 4267 2092 4331 ventumque

498 4374 823 4431 prosperum
851 4365 1257 4430 exspectantes,
1290 4365 1535 4428 tempore
1559 4354 1843 4428 paschali,
1875 4354 2091 4410 infesto

2189 1879 2285 1920 sua
2316 1880 2438 1919 cum
2470 1873 2580 1919 tota
2617 1864 2848 1935 pecunia
2891 1862 3136 1920 Dominae
3178 1871 3379 1920 nostra:
3419 1862 3680 1931 oﬁerunt,
3716 1876 3759 1922 et

2188 1968 2353 2028 super
2378 1954 2493 2026 ejus
2524 1954 2783 2011 feretrum
2804 1954 3129 2028 projiciunt,
3164 1964 3289 2011 cum
3322 1954 3500 2010 nimio
3527 1953 3648 2010 fletu
3673 1956 3758 2010 mi-

2188 2046 2543 2108 sericordiam
2592 2034 2709 2121 ejus
2752 2048 3143 2120 implorantes,
3197 2057 3255 2104 ut
3283 2062 3522 2118 corpora
3549 2062 3639 2103 sua
3664 2058 3759 2102 tan-

2189 2144 2468 2200 tummodo
2509 2144 2577 2199 de
2624 2142 2924 2213 piratarum
2986 2141 3237 2197 manibus
3275 2148 3331 2195 et
3365 2138 3542 2195 exitio
3598 2138 3759 2194 mortis

2189 2238 2416 2309 eripiat,
2466 2245 2745 2308 totamque
2787 2234 3077 2308 pecuniam
3122 2249 3309 2292 eorum
3347 2242 3575 2307 propter
3611 2231 3761 2288 eccle-

2188 2329 2326 2386 siam
2356 2344 2509 2385 suam
2541 2325 2957 2384 restaurandam
2985 2326 3100 2394 ipsa
3125 2323 3380 2381 retineat.

2259 2422 2468 2477 interea
2490 2421 2683 2492 piratae
2714 2419 2850 2474 ﬁunt
2870 2418 3289 2490 propinquiores
3312 2415 3761 2489 paulatimitam

2184 2512 2295 2585 jam
2339 2512 2428 2567 vix
2452 2510 2603 2581 jactu
2636 2511 2854 2583 sagittae
2893 2510 3099 2566 distare
3147 2509 3474 2565 viderentur
3524 2506 3624 2564 Sed
3654 2522 3758 2562 cum

2190 2606 2244 2662 in
2273 2615 2420 2662 tanta
2450 2604 2776 2660 necessitate
2806 2602 3225 2674 positi'omnino
3267 2601 3334 2657 de
3381 2600 3499 2655 vita
3541 2599 3745 2671 despera

2190 2712 2394 2763 remus,
2428 2696 2693 2752 Bosonem
2726 2696 3129 2767 presbyterum,
3161 2707 3323 2763 quem
3352 2691 3575 2748 exteris
3596 2704 3755 2761 prove-

2192 2793 2418 2848 ctiorem
2470 2790 2693 2846 videbat
2735 2788 3143 2856 Coldistanuus,
3198 2786 3529 2842 exhortatur
3586 2793 3643 2840 ut
3691 2798 3749 2838 as.

2189 2884 2423 2955 sumptis
2452 2890 2653 2939 sancta:
2679 2879 2861 2936 Maria
2892 2879 3140 2950 reliquiis
3178 2885 3509 2950 potestatem
3550 2875 3647 2931 sibi
3682 2891 3763 2955 no_-

2190 2948 2346 3031 cendi
2370 2975 2561 3047 piratis
2590 2973 2905 3029 iuterdicat.
2931 2948 3076 3028 Illico
3106 2948 3393 3043 prcshyter
3426 2985 3509 3047 __ex
3544 2968 3645 3023 ﬁde
3675 2948 3762 3023 viii

2193 3044 2485 3132 animatus,
2513 3066 2740 3138 genibus
2769 3060 2924 3122 ﬂexis
2946 3078 3130 3121 coram
3159 3052 3381 3131 feretro,
3408 3044 3639 3117 nauem
3674 3048 3763 3114 Πο-

2194 3159 2325 3215 ritini
2356 3157 2613 3231 lacrymis
2656 3158 2910 3229 perfusus
2954 3155 3274 3227 suppliciter
3320 3148 3763 3221 invocandeiede

2191 3251 2450 3308 velociter
2470 3264 2721 3322 surgens,
2759 3247 3131 3320 supradictum
3160 3244 3564 3318 phylacterhtm'
3584 3241 3765 3313 capillis

2191 3342 2309 3414 ejus
2332 3341 2655 3414 pretiosum,
2705 3356 2831 3397 cum
2885 3340 3081 3396 timore
3127 3346 3182 3395 et
3222 3337 3520 3394 devotione
3562 3334 3766 3391 ﬁdenter

2191 3434 2410 3505 accipit,
2454 3434 2681 3505 ipsoque
2708 3431 3065 3488 Coidistauno
3104 3428 3335 3485 viriliter
3367 3442 3505 3484 eum
3556 3435 3766 3495 utraque

2193 3535 2559 3592 sustentante,
2578 3526 2631 3581 in
2646 3526 3064 3582 eminentiorem
3086 3522 3288 3596 puppis
3315 3522 3503 3579 locum
3525 3519 3765 3583 ascatdit,

2192 3629 2247 3675 et
2272 3634 2432 3675 manu
2463 3628 2651 3675 contra
2687 3619 2876 3674 hostes
2897 3617 3131 3685 elevata,
3164 3631 3235 3672 ne
3256 3615 3402 3671 ultra
3434 3614 3687 3678 veniant,
3711 3625 3769 3668 ne

2193 3710 2352 3768 nobis
2400 3710 2631 3766 nocendi
2674 3717 3003 3781 potestatem
3048 3707 3314 3773 habeant,
3361 3720 3431 3761 ex
3468 3703 3770 3760 auctoritate

2194 3803 2291 3860 Dei
2313 3800 2612 3871 matrisque
2645 3810 2851 3857 sancta:
2878 3799 3061 3854 Mariae
3088 3798 3304 3853 fortiter
3331 3794 3640 3865 adiuvanda
3663 3806 3769 3864 pro-

2194 3898 2343 3954 hibet
2363 3906 2420 3952 et
2440 3894 2735 3951 interdicit.
2766 3894 2855 3961 Et,
2888 3909 2923 3950 ο
2949 3893 3090 3947 mira
3118 3891 3314 3947 divina:
3349 3888 3576 3943 virtutis
3604 3895 3769 3958 poten-

2196 3991 2298 4047 tia!
2329 4004 2453 4047 inox
2477 3998 2537 4044 ut
2558 3988 2722 4044 verba
2747 3987 3027 4059 complens
3049 3986 3262 4057 signum
3293 3983 3478 4038 crucis
3505 3983 3574 4036 de
3603 3980 3767 4035 eodem

2194 4079 2532 4154 phylacterio
2564 4088 2754 4135 contra
2799 4079 2984 4134 hostes
3021 4076 3183 4140 fecit,
3211 4075 3356 4131 dicto
3400 4073 3601 4138 citius,
3628 4079 3770 4125 vente

2192 4172 2501 4229 vehementi
2532 4180 2595 4228 et»
2613 4170 2924 4238 contrario,
2982 4170 3140 4224 navis
3185 4182 3376 4223 eorum
3424 4165 3657 4237 impulsa
3704 4176 3770 4215 re-

2194 4275 2281 4324 tro
2309 4265 2649 4339 prepellitur,
2699 4263 2876 4320 malus
2898 4264 3054 4319 navis
3083 4277 3273 4318 eorum
3315 4260 3608 4330 frangitur,
3639 4268 3767 4326 pars-

2193 4375 2300 4430 que
2326 4358 2443 4429 ejus
2472 4373 2636 4429 super
2660 4372 2826 4412 unum
2857 4371 2923 4413 ex
2958 4356 3089 4427 ipsis
3114 4354 3399 4419 decidens,
3425 4367 3555 4408 eum
3579 4358 3769 4405 extere-

499 4450 671 4513 Marci
702 4449 1079 4522 evangelista,
1111 4463 1326 4505 summo
1359 4462 1518 4503 mane
1544 4446 1685 4517 apud
1715 4454 1965 4519 portum,
1998 4445 2087 4515 qui

2196 4451 2342 4521 brat,
2375 4461 2431 4507 et
2454 4452 2507 4507 in
2539 4466 2691 4507 mare
2713 4458 2991 4506 mortuum
3009 4448 3335 4520 praecipitat.

498 4540 1024 4608 vocaturWissant,
1053 4554 1087 4595 a
1112 4538 1293 4594 nautis
1334 4540 1647 4605 convocati,
1676 4552 1873 4594 navem
1917 4536 2087 4591 intra-

498 4634 699 4703 vimus.
734 4631 1028 4689 Nobiscum
1058 4631 1222 4689 etiam
1265 4630 1453 4701 plures
1498 4633 1865 4701 negotiatores
1914 4631 2089 4689 intro—

498 4726 711 4793 ierunt,
734 4726 825 4796 qui
852 4734 1072 4797 prepter
1114 4725 1294 4780 lauant
1337 4724 1622 4779 emendant
1654 4725 1719 4779 de
1749 4724 2001 4781 Flandria
2030 4726 2085 4782 in

496 4820 750 4892 Angliam
800 4819 883 4875 ire
927 4818 1222 4883 volebant,
1283 4832 1452 4888 seque
1512 4817 1793 4873 nobiscum
1843 4821 2087 4876 securius

498 4912 738 4989 transire
768 4911 1082 4984 sperabant,
1112 4909 1400 4981 plusquam
1453 4916 1723 4964 trecentas
1754 4924 1965 4965 marcas
2004 4924 2091 4965 ar-

496 5004 647 5073 genti
677 5018 864 5065 secum
894 5003 952 5059 in
979 5000 1218 5059 sacculis
1249 5008 1317 5075 et,
1344 4999 1637 5070 marsupiis
1674 4998 1932 5055 ferentes.
1980 5000 2093 5055 Ma—

497 5100 669 5170 gister
688 5100 850 5173 navis
873 5101 1170 5161 vocabatur
1192 5095 1599 5153 Coldistanuus.
1626 5093 1761 5151 Cum
1786 5110 1916 5167 ergo
1938 5094 2093 5165 quasi

499 5194 667 5259 circa
699 5192 942 5267 medium
989 5190 1161 5248 maris
1208 5190 1585 5265 venissemus,
1636 5203 1777 5244 unus
1816 5202 1884 5242 ex
1932 5187 2095 5243 sociis

2262 4544 2389 4602 Jcsu
2424 4547 2535 4617 pie,
2557 4544 2685 4600 Jesu
2712 4545 2872 4609 bone,
2905 4558 3025 4613 quae
3055 4542 3213 4598 nobis
3244 4552 3373 4596 tunc
3404 4531 3783 4595 adfuitlstitia'

2194 4649 2250 4696 et
2270 4638 2587 4708 exsultatio,
2611 4637 2829 4708 quando
2856 4635 3141 4692 concidisti
3178 4648 3396 4690 saccum
3427 4626 3769 4702 perturbatio-

2196 4735 2283 4789 nis
2308 4742 2527 4800 nostrae,
2559 4739 2616 4787 et
2658 4729 3066 4787 circumdedisti
3115 4743 3215 4784 nos
3256 4725 3443 4782 laetitia
3480 4720 3771 4779 misericor-

2192 4827 2295 4882 diae
2341 4826 2487 4881 tuae!
2520 4823 2697 4895 (Psat.
2770 4840 2920 4890 χχιιι,
2948 4822 3061 4893 12.)
3113 4821 3357 4890 Quantas
3383 4817 3477 4874 tibi
3511 4814 3766 4887 protinus,

2194 4920 2462 4990 Matrique
2485 4926 2589 4973 tua:
2612 4918 2855 4974 Dominae
2879 4923 3078 4972 nostrae
3109 4913 3296 4969 laudes
3322 4912 3493 4983 erepti
3527 4909 3597 4964 de
3620 4914 3770 4961 morte

2193 5011 2587 5084 persolvimus!
2620 5010 2828 5066 Ventus
2859 5008 3151 5079 siquidem,
3186 5006 3279 5078 qui
3312 5004 3565 5062 hostibus
3591 4997 3769 5056 nostris

2196 5114 2311 5160 eral
2336 5106 2496 5179 536
2522 5103 2849 5169 contrarius,
2882 5101 3038 5158 nobis
3064 5100 3239 5156 factus
3263 5108 3347 5156 est
3369 5110 3598 5171 prosper
3624 5101 3676 5147 et
3699 5103 3768 5146 sa-

2197 5194 2388 5262 lubris,
2421 5198 2496 5251 ita
2523 5208 2581 5251 ut
2603 5212 2726 5255 cum
2755 5194 2955 5269 gaudio
2985 5192 3289 5251 recolentes
3317 5190 3591 5247 canticum
3623 5180 3768 5253 Moysi

504 5284 784 5351 nostriS..a
811 5284 970 5358 101³88
998 5282 1368 5357 Ρνοευίείθηε,ο
1397 5280 1534 5337 Vidn
1562 5278 1751 5351 Ρΐοευί
1779 5295 1971 5336 nam"
2008 5295 2102 5336 νε·
2200 5302 2310 5347 tam
2343 5290 2592 5346 celeriter
2615 5305 2713 5345 nos
2738 5290 3016 5347 transvehi
3048 5290 3394 5346 miraremur.
3422 5282 3583 5339 Brevi
3609 5282 3772 5345 itaque

499 5374 587 5431 ~lut
626 5377 679 5431 in
719 5378 921 5436 littoris
971 5376 1171 5451 angulo
1208 5377 1467 5449 positam.
1507 5373 1660 5442 Quod
1706 5389 1829 5430 cum
1877 5373 2101 5446 praefato
2201 5399 2351 5441 mora
2386 5383 2705 5454 interposita
2735 5382 2841 5438 laeti
2870 5384 2937 5436 ad
2964 5392 3179 5454 portum
3206 5379 3576 5456 pervenimus,
3607 5373 3771 5441 dispo-

501 5468 858 5527 tloldistanuo
884 5472 1200 5538 indicasset,
1232 5470 1323 5526 ille
1340 5468 1599 5540 juvenem
1627 5482 1801 5540 usque
1845 5468 1913 5524 ad
1959 5483 2104 5524 sum-

2201 5485 2394 5533 nentes
2445 5484 2655 5548 partem
2729 5475 2977 5545 pecuniae
3033 5474 3269 5531 reddere
3330 5461 3775 5544 neg‘btiat‘ol‘iW'

578 5623 949 5702 (5t‘)Videsi_s
994 5624 1341 5701 (Patrotogiw
1383 5634 1576 5684 nostra:
1616 5633 1658 5683 t.
1692 5623 1803 5697 CL,
1827 5625 1932 5686 col.
1977 5625 2105 5702 625)
2135 5628 2632 5688 animadversiones
2658 5635 2874 5686 nostras
2898 5625 2969 5685 ad
3020 5624 3117 5686 lib.
3145 5623 3211 5684 Β.
3242 5612 3533 5683 Lanfranei
3574 5619 3652 5678 De
3693 5627 3774 5674 cc-

505 5696 668 5759 lauda
696 5696 1058 5759 confessione.
