2009 3162
99 217 148 250 977

473 219 654 250 HERMANNI
673 222 717 252 DE
729 223 846 253 MIRAC.
868 224 898 253 S.
918 223 1040 256 MANE
1055 228 1210 260 LAUDUN.
1222 247 1258 254 —
1270 230 1336 262 LIB.
1349 233 1381 262 II.

1682 236 1737 266 978

99 287 179 316 quam
193 279 243 333 ipsi
265 280 363 313 timore
381 280 476 309 mortis
490 281 612 310 Dominae
630 289 732 311 nostrze
754 283 887 311 donantes
904 283 929 312 A
941 284 1007 319 gati.
1024 291 1112 323 etpro
1129 288 1260 326 relatione
1272 290 1425 333 presbyteri
1437 290 1471 319 de
1482 290 1570 320 futura
1581 291 1638 328 eius
1649 294 1737 331 sospi-

99 335 179 362 super
193 323 253 363 ejus
271 326 401 354 feretrum
417 333 574 362 posuerant.
589 329 643 358 imo
659 330 757 358 turbati
772 329 891 366 projece-

99 377 168 402 tant.
185 373 239 401 Sed
263 372 299 401 illi
323 380 388 401 mox
407 373 525 402 utlittus
538 375 702 411 attingentes
712 376 839 405 viderunt
861 382 892 405 se

98 421 170 448 necis
181 421 302 449 evasisse
321 420 488 458 periculum,
500 421 608 456 pristini
622 427 710 451 metus
724 422 800 460 obliti
809 444 817 458 ,
832 423 891 452 sine

97 473 189 496 nostra
206 467 316 498 licentia
330 460 517 507 unusquisque
533 468 673 498 sacculum
688 477 767 498 suum
778 474 806 506 et
819 478 891 498 mar-

95 516 203 549 uttpittm
218 513 382 550 assumpsit,
399 512 573 553 Domitiaeque
599 519 700 544 nostrae
723 515 783 554 solo
808 516 891 545 verbo

95 559 196 595 gratias
207 555 333 595 agentes,
352 558 421 587 nihil
435 559 460 596 ei
475 559 653 595 reliquerunt.

94 615 158 656 Cir.
175 615 208 649 Υ.
221 629 258 637 -
268 615 527 656 ῼςηυὶῃᾴῆςρᾳξμρεν
540 616 720 655 negociatorea
729 617 894 655 factum)“
911 641 913 643 -

435 647 547 679 Hebrus.

130 698 217 741 Quam
241 702 332 727 tamen
347 698 447 734 exinde
458 698 609 728 vindictam
632 699 713 728 Matri
732 707 788 737 sua;
806 699 890 743 judex

95 744 181 780 iustus
204 745 302 774 fecerit
320 743 407 774 Filius
423 753 499 779 suus,
516 748 627 776 audiant
642 755 738 776 omnes
757 747 814 783 qui,
841 755 891 776 sua

95 791 150 819 Deo
170 786 282 826 dantes,
307 799 403 820 rursus
422 799 454 820 ea
481 792 618 821 auferunt.
645 792 714 821 Cum
737 791 810 820 enim
834 795 891 820 tota
910 797 913 799 ‘

95 846 167 874 pene
178 838 274 874 Anglia
286 838 411 872 circuita,
422 838 558 868 maximos
569 839 638 868 lanae
648 846 762 868 acervos
775 839 890 867 emendo

95 885 238 921 pecuniam
262 893 339 914 suam
362 886 569 921 expendissent,
591 887 704 922 ipsaque
718 886 779 914 lana
794 893 891 921 quam—

95 931 156 960 dam
180 939 307 968 magnam
328 932 438 960 domum
453 940 535 968 super
549 932 625 960 littus
645 932 738 966 maris,
753 932 825 967 quod
838 932 891 960 Do-

95 979 158 1007 hras
170 978 312 1016 (Dusares)
327 978 437 1012 dicitur,
455 979 536 1007 sitam
549 979 712 1015 replessent,
727 986 791 1007 ecce
811 983 891 1006 nocte

96 1024 227 1053 transitus
247 1024 289 1053 sui
304 1024 375 1053 diem
397 1024 568 1060 praecedente
586 1025 676 1053 subito
694 1024 821 1053 incendio
844 1024 893 1053 do.

95 1079 155 1100 ntus
170 1071 266 1100 eadem
278 1079 339 1100 cum
354 1074 411 1100 tota
434 1071 496 1099 lana
518 1077 639 1100 cremata
658 1077 715 1106 est;
732 1072 826 1107 sicque
840 1071 890 1106 illi,

94 1118 221 1146 omnibus
241 1117 350 1146 amissis
370 1120 504 1154 pauperes
528 1118 628 1152 eti‘ecti,
642 1126 705 1147 sero
727 1119 892 1155 pmnitentes

94 1164 240 1193 doluerunt
255 1171 286 1193 se
305 1165 430 1201 iniuriam
442 1165 539 1194 fecisse
548 1165 660 1203 Regina;
673 1165 747 1195 cmli.

94 1222 159 1251 (In.
172 1222 217 1260 Vi.
239 1238 274 1244 —-
295 1222 335 1251 De
367 1224 477 1265 muliere
501 1223 671 1265 parturiente
690 1223 802 1252 liberata
820 1224 892 1253 Cau-

440 1264 547 1286 tuante.

127 1304 185 1333 Nos
212 1305 303 1342 itaque
325 1313 379 1334 non
402 1313 437 1334 ex
458 1305 555 1334 umbra
577 1305 687 1340 mortis,
711 1306 758 1334 sed
777 1313 810 1334 ex
826 1305 893 1342 ipsis

94 1350 218 1379 faucibus
230 1351 300 1386 ejus,
312 1357 342 1380 ut
352 1352 431 1381 nobis
444 1352 532 1380 visum
547 1356 599 1386 est,
613 1351 729 1385 liberati,
741 1353 891 1388 gratiarum

94 1397 189 1426 laudes
206 1397 329 1427 Domina:
353 1404 453 1427 nostrte
478 1398 641 1433 referentes,
667 1404 806 1435 assumpto
833 1399 892 1435 ejus

93 1444 196 1474 feretro
218 1450 301 1481 atque
326 1445 448 1482 reliquiis
471 1446 646 1474 Cantuariam
671 1447 810 1479 venimus,
845 1445 892 1473 ubi

94 1494 160 1519 tunc
177 1495 237 1519 erat
253 1486 473 1527 archiepiscopus
493 1492 609 1521 domnus
627 1492 787 1521 Guilielmus
814 1491 893 1519 nobis

94 1536 275 1571 notissimus,
299 1538 427 1572 quoniam
444 1537 500 1573 jam
516 1538 615 1565 dudum
636 1545 684 1573 pro
699 1537 836 1566 audientia
851 1537 891 1565 le-

92 1581 184 1610 ctione
205 1581 329 1618 magistri
348 1582 469 1610 Anselmi
491 1583 650 1611 Laudunum
677 1588 782 1618 petens,
799 1583 892 1611 multis

94 1628 191 1656 diebus
224 1628 253 1657 in
278 1629 400 1665 episcopi
427 1629 508 1658 domo
532 1633 689 1663 manserat,
710 1630 801 1664 ibique
823 1630 892 1658 filios

94 1672 232 1709 Radulphi
245 1674 401 1702 cancellarii
420 1675 493 1711 regis
515 1675 666 1711 Anglorum
686 1675 825 1704 docuerat.
842 1675 892 1704 llic

93 1725 161 1754 ergo
173 1716 240 1746 cum
251 1718 352 1755 ingenti
367 1719 466 1755 gaudio
483 1720 563 1749 nobis
584 1728 745 1754 occurrens,
764 1721 893 1749 honorifi-

93 1763 255 1792 centissime
287 1771 338 1793 nos
364 1772 426 1793 cum
452 1766 596 1795 monachis
622 1766 715 1795 Sancti
748 1767 893 1803 Augustini

93 1808 227 1845 suscepit,
246 1813 277 1838 et
288 1810 412 1846 quandiu
426 1812 562 1841 voluimus
581 1812 698 1849 benigne
721 1812 843 1841 retinuit.
859 1813 894 1841 Et

94 1865 160 1886 ecce
173 1863 299 1886 matrona
310 1861 437 1895 quaedam
452 1861 574 1897 ejusdem
589 1861 666 1889 urbis
682 1860 828 1894 ditissima,
837 1861 893 1896 jam

93 1912 143 1940 per
157 1909 221 1933 octo
230 1904 290 1934 dies
310 1907 395 1936 nimio
412 1913 507 1943 partus
520 1908 614 1937 dolore
629 1908 762 1942 cruciata,
782 1908 894 1937 omnino

94 1951 187 1979 fuerat
197 1952 351 1988 desperata,
365 1954 401 1982 ita
419 1959 448 1983 ut
461 1955 495 1983 de
507 1954 565 1983 solo
587 1954 645 1990 ejus
671 1954 768 1983 funere
787 1959 893 1983 tracta-

94 2002 184 2026 retur.
210 1997 277 2027 Hcc
307 2001 421 2030 audiens
447 2002 592 2030 adventum
618 2006 740 2031 nostrum
763 2002 838 2030 misit
859 2002 894 2031 ad

93 2055 146 2076 nos
159 2048 250 2078 virum
266 2057 361 2084 suum,
380 2054 547 2085 quaerentem
561 2050 582 2078 si
597 2050 659 2086 quis
672 2054 795 2078 nostrum
811 2050 895 2079 sciret

94 2092 216 2129 aliquam
234 2094 357 2131 pariendi
372 2094 545 2124 medicinam.
561 2095 638 2124 Tunc
652 2095 722 2123 Boso
739 2095 894 2131 presbyter,

94 2139 140 2167 cui
157 2140 294 2177 praecipue
321 2149 387 2170 cura
409 2141 585 2177 reliquiarum
610 2140 804 2169 servandarum
820 2149 895 2170 com-

94 2185 182 2214 missa
211 2186 314 2221 fuerat,
332 2187 470 2216 consuluit
490 2188 515 2215 ei
530 2192 560 2215 ut
579 2188 721 2224 conjugem
745 2196 821 2216 suam
847 2196 894 2215 ex-

94 2232 255 2261 hortaretur
268 2241 394 2263 veracem
418 2239 592 2270 peccatorum
618 2242 729 2263 suorum
749 2235 896 2263 confessio-

93 2286 160 2307 nem
173 2279 334 2316 presbytero
348 2288 399 2309 suo
414 2280 521 2314 facere,
550 2280 648 2309 deinde
660 2287 694 2308 ex
713 2280 820 2317 lympha
839 2289 893 2317 qua

943 335 999 360 tate
1012 334 1166 369 certilicati,
1180 343 1242 364 cum
1255 337 1377 377 reliquiis
1387 337 1421 367 ad
1435 338 1534 367 lectum
1546 339 1736 374 decumbentis

941 378 1078 414 venimus,
1092 388 1192 420 easque
1203 382 1370 419 coramipsa
1385 383 1516 419 lavantes,
1530 389 1559 423 et
1572 378 1677 422 aquam
1697 386 1737 416 la-

941 424 1059 453 vationis
1073 425 1099 454 ei
1114 427 1260 461 potandam
1288 429 1444 464 tradentes,
1463 431 1594 460 continuo
1612 425 1737 462 discessi-

942 476 1012 497 mus.
1029 469 1063 498 Et
1075 478 1139 499 ecce
1160 471 1317 509 priusquam
1333 474 1367 502 ad
1388 475 1530 504 ecclesiam
1547 477 1649 507 reversi
1663 485 1737 507 esse-

942 524 1013 550 mus,
1031 518 1142 546 nuntius
1160 523 1223 553 post
1239 527 1289 547 nos
1304 528 1465 556 accurrens,
1481 531 1541 552 eam
1556 522 1694 561 peperisse
1708 529 1737 553 et

942 567 1065 602 sanatam
1090 571 1150 592 esse
1166 564 1268 593 retulit.
1283 565 1360 595 Unde
1377 571 1432 596 tam
1446 564 1504 608 ipsa
1521 577 1603 604 quam
1622 571 1737 600 maritus

941 607 1001 644 ejus
1024 610 1209 646 exsultantes,
1232 613 1317 641 multa
1336 621 1450 642 munera
1463 618 1491 643 et
1508 621 1669 644 ornamenta
1685 616 1738 645 Do-

941 655 1023 683 minae
1041 660 1142 685 nostra:
1160 658 1348 693 contulerunt;
1368 664 1432 696 post
1449 660 1567 688 reditum
1581 661 1666 689 etiam
1689 670 1739 690 no-

941 706 1028 732 utrum
1041 705 1204 733 vestimenta
1218 706 1337 742 pretiosa
1360 698 1540 739 sacerdotalia
1563 699 1749 750 Laudunensi}

940 749 1063 779 ecclesiae
1077 751 1135 786 ipsa
1147 752 1309 781 transmisit.

975 796 1032 825 Hoc
1044 802 1135 825 autem
1149 799 1374 834 probatissimum
1388 801 1459 836 apud
1482 809 1533 829 nos
1556 805 1616 829 erat
1635 800 1739 829 nullum

907 873 911 875 _
941 842 1055 870 omnino
1076 851 1156 879 posse
1179 846 1283 879 sanari,
1296 845 1348 874 nisi
1363 851 1436 874 esset
1455 847 1488 875 dc
1504 847 1562 882 ipso
1580 847 1738 883 episcopatu

942 888 969 917 in
981 897 1035 925 quo
1046 896 1164 924 eramus,
1179 892 1350 926 providente,
1364 893 1435 921 sicut
1450 893 1588 922 credimus
1598 914 1605 927 ,
1624 893 1739 921 Domina

943 941 1038 964 nostra
1062 944 1097 964 ne
1118 936 1215 972 aliquis
1230 938 1340 974 ignotus
1356 947 1429 976 aeger
1446 940 1480 968 de
1491 940 1646 976 longinquis
1658 940 1740 975 parti-

943 981 994 1010 bus
1010 982 1157 1011 adveniens
1170 983 1307 1014 diceretur
1327 994 1375 1022 spe
1386 991 1506 1022 quaestus
1521 995 1536 1014 a
1559 987 1637 1015 nobis
1652 987 1739 1023 pretio

942 1028 1092 1057 conductus
1102 1036 1178 1063 esse,
1191 1030 1233 1058 vel
1254 1031 1313 1066 ipse
1334 1039 1385 1068 pro
1396 1031 1553 1068 accipienda
1568 1033 1684 1068 pecunia
1696 1033 1741 1060 ad-

942 1073 1066 1107 venisse,
1081 1074 1175 1109 sicque
1197 1076 1368 1108 sermonibus
1393 1077 1512 1113 imperiti
1532 1078 1604 1113 vulgi
1629 1078 1741 1106 viliores

942 1119 1130 1148 redderentur.
1144 1120 1182 1149 De
1193 1120 1246 1150 illis
1259 1122 1354 1157 etiam,
1369 1123 1414 1158 qui
1427 1128 1506 1151 erant
1520 1132 1554 1151 es
1566 1124 1625 1159 ipso
1636 1124 1741 1159 episco-

942 1170 1016 1202 patu,
1032 1175 1112 1196 nemo
1123 1169 1281 1204 curabatur,
1292 1170 1431 1206 nisi‘prius
1445 1176 1555 1206 peccata
1570 1180 1617 1200 sua
1630 1172 1742 1208 presby-

942 1216 1002 1240 tero
1020 1220 1069 1242 suo
1087 1214 1275 1248 conﬁteretur,
1293 1215 1316 1244 si
1328 1220 1421 1245 tamen
1435 1217 1523 1246 aetatis
1534 1223 1608 1245 esset
1624 1218 1741 1246 idonezc.

943 1258 1021 1293 Quod
1034 1260 1057 1288 si
1068 1259 1219 1289 infantulus
1229 1266 1300 1295 erat,
1314 1262 1532 1292 admonebantur
1541 1268 1669 1300 parentes
1680 1263 1742 1291 vice

942 1311 1090 1339 puerorum
1105 1305 1197 1335 facere
1211 1307 1422 1336 confessionem.

960 1349 1027 1378 Car.
1043 1348 1097 1378 VII.
1108 1366 1144 1372 —
1160 1351 1200 1380 De
1212 1361 1281 1381 uaco
1298 1353 1449 1381 illuminato
1463 1354 1534 1389 apud
1546 1353 1721 1383 Wintoniam.

978 1396 1156 1425 Postmodum
1171 1398 1206 1425 ad
1217 1398 1311 1427 urbem
1322 1398 1541 1428 Wintoniensem
1551 1400 1703 1435 venientes,
1714 1404 1744 1428 ct

945 1443 1097 1472 honorifice
1115 1445 1150 1472 ab
1168 1444 1245 1474 urbis
1272 1446 1358 1481 ipsius
1382 1446 1509 1482 episcopo
1535 1447 1672 1483 suscepti,
1693 1455 1743 1484 per

943 1494 1005 1518 octo
1016 1490 1074 1519 dies
1087 1490 1123 1519 ibi
1135 1491 1295 1525 mansimus,
1309 1492 1335 1520 in
1346 1492 1444 1527 quibus
1455 1492 1570 1529 plurima
1587 1493 1646 1521 fieri
1659 1493 1743 1521 mira-

944 1537 1005 1565 cula
1019 1536 1147 1566 vidimus.
1164 1538 1233 1566 Erat
1253 1538 1282 1566 in
1297 1538 1392 1567 eadem
1407 1538 1519 1568 civitate
1533 1539 1612 1568 miles
1631 1540 1743 1575 quidam

944 1583 1124 1618 honorabilis,
1141 1584 1252 1612 nomine
1264 1584 1407 1619 Radulfus,
1421 1590 1602 1622 cognomento
1613 1585 1741 1621 Buarius,

906 1644 928 1673 α
943 1629 1075 1665 pincerna
1087 1630 1159 1666 regis
1182 1630 1344 1666 Anglorum,
1370 1630 1452 1667 537
1471 1631 1517 1667 qui
1540 1630 1596 1667 jam
1617 1639 1666 1667 per
1679 1636 1744 1661 octo

946 1684 1033 1705 annos
1048 1677 1188 1706 oculorum
1201 1677 1296 1706 lumen‘
1312 1677 1452 1712 amiserat,
1469 1678 1540 1707 unde
1550 1683 1578 1706 et
1590 1687 1604 1707 a
1617 1686 1681 1715 rege
1690 1686 1743 1714 pro

945 1723 1140 1759 ipsacazcitate
1154 1723 1215 1752 ﬁliis
1231 1725 1289 1753 suis
1301 1723 1418 1753 cilicium
1431 1733 1509 1753 suum
1525 1725 1600 1753 reddi
1613 1725 1743 1761 impetra-

944 1773 1032 1798 verat.
1049 1769 1099 1798 Hi’c
1112 1776 1178 1806 ergo
1192 1770 1218 1798 in
1243 1770 1287 1798 die
1307 1770 1483 1799 AscensiOnis
1498 1770 1646 1799 Dominicae
1666 1778 1742 1799 com-

944 1816 1030 1852 pertis
1051 1816 1191 1845 miraculis
1212 1825 1273 1853 quae
1296 1817 1414 1851 fiebant,
1438 1817 1472 1845 ad
1486 1818 1616 1845 feretrum
1629 1825 1658 1845 se
1679 1817 1745 1845 fecit

945 1863 1058 1896 adduci,
1076 1868 1307 1899 peccatorumque
1322 1863 1494 1892 confessione
1515 1863 1675 1900 presbytero
1693 1871 1745 1891 suo

945 1907 1016 1936 facta
1029 1906 1102 1945 (55);
1124 1909 1241 1937 letarum
1258 1909 1435 1946 reliquiarum
1456 1917 1555 1945 aquam
1573 1909 1686 1937 ﬁdeliter
1701 1909 1744 1937 bi-

944 1955 992 1986 bit,
1008 1960 1036 1984 et
1048 1955 1143 1985 oculos
1153 1963 1217 1985 suos
1230 1964 1264 1985 ex
1275 1964 1306 1990 ea
1320 1956 1385 1985 fecit
1399 1956 1494 1984 lavari.
1507 1956 1641 1992 Episcopo
1651 1956 1745 1991 itaque

945 2002 1076 2038 majorem
1092 2002 1205 2031 missam
1221 2003 1248 2030 in
1268 2002 1385 2031 ecclesia
1401 2010 1452 2039 pro
1472 2006 1550 2030 tanta
1572 2002 1745 2030 solemnitate
1760 2039 1763 2042 ἥ

944 2047 1117 2082 celebrante,
1142 2056 1204 2076 cum
1231 2053 1291 2084 post
1320 2042 1491 2085 evangelium
1520 2056 1611 2076 sermo
1646 2047 1745 2075 finitus

944 2093 1059 2128 fuisset,
1076 2099 1190 2131 rogante
1212 2095 1311 2131 populo
1325 2116 1333 2129 ,
1349 2103 1412 2123 cum
1437 2094 1560 2130 reliquiis
1575 2094 1609 2123 de
1628 2094 1745 2122 ecclesia

945 2142 1093 2174 exivimus,
1117 2150 1152 2170 ne
1173 2141 1326 2170 molestiam
1343 2142 1470 2177 episcopo
1491 2141 1653 2169 faceremus.
1674 2140 1744 2167 Cum

945 2194 1012 2216 vero
1027 2188 1053 2215 in
1078 2188 1166 2224 platea
1190 2196 1281 2215 coram
1295 2187 1418 2216 ecclesiae
1429 2186 1513 2222 janua
1529 2193 1638 2214 rursum
1653 2193 1744 2213 sermo

945 2233 1023 2273 fieret
1044 2239 1071 2261 et
1090 2234 1233 2269 episcopus
1251 2240 1381 2261 canonem
1403 2232 1549 2267 inciperet,
1565 2230 1654 2259 subito
1665 2229 1746 2258 idem

947 2280 1077 2308 Radulfus
1095 2281 1129 2308 ad
1150 2280 1277 2316 reliquias
1300 2287 1350 2315 pro
1370 2278 1473 2307 foribus
1496 2277 1617 2307 ecclesiae
1641 2275 1760 2310 positas

93 2325 293 2361 reliquiaelotaa
306 2326 397 2355 forent
423 2327 540 2356 ﬁdeliter
552 2327 658 2356 bibere.
677 2328 795 2356 Rediens
811 2329 896 2356 mari-
911 2329 935 2359 D
948 2326 1040 2354 lumen
1062 2325 1178 2361 recepit,
1196 2326 1379 2361 Delumque-et
1403 2328 1526 2352 sanctam
1549 2322 1621 2358 ejus-
1630 2321 1760 2349 Matrem:

93 2376 141 2400 tus
162 2379 225 2407 quae
252 2372 395 2401 invenerat
420 2373 529 2409 conjugi
554 2373 658 2401 retulit.
681 2373 735 2401 Sed
761 2373 818 2406 illa,
836 2382 905 2410 quae,

87 2417 151 2452 jam
165 2418 277 2453 penitus
289 2426 342 2447 non
355 2418 442 2447 solum
457 2419 608 2454 loquelam,
624 2427 719 2448 verum
735 2420 816 2448 etiam
837 2429 896 2448 me-

92 2465 215 2494 muriam
228 2475 279 2503 pro
290 2467 392 2496 doloris
406 2466 548 2494 nimietate
558 2466 731 2502 perdiderat,
749 2467 908 2496 auxiliante.

93 2512 152 2540 Deo
170 2513 297 2547 protinus
311 2522 346 2542 ex
361 2513 419 2549 ipso
434 2514 527 2542 calore
551 2513 613 2541 ﬁdei
635 2513 831 2549 aliquantulum
852 2522 898 2542 ro-

92 2559 196 2587 borata
207 2564 236 2588 et
252 2565 390 2594 recreata,
403 2560 523 2589 venienti
539 2560 702 2596 presbytero
715 2564 825 2596 peccata
847 2557 896 2590 sui

91 2606 225 2634 confiteri
245 2607 366 2641 curavit,
386 2607 483 2636 deinde
507 2606 649 2641 subjunxit
668 2607 792 2635 eamdem
817 2612 897 2636 nocte

92 2651 149 2679 sibi
168 2652 196 2680 in
209 2652 267 2681 visu
283 2654 431 2689 quamdam
452 2652 683 2689 speciosissimam
702 2653 844 2681 Dominam
864 2653 898 2681 de

94 2697 219 2727 Francia
229 2700 385 2728 venientem
397 2699 566 2735 apparuisse,
578 2704 606 2727 et
620 2704 651 2727 ut
665 2703 778 2734 peccata
789 2707 838 2727 sua
852 2707 898 2728 ve-

94 2745 204 2773 raciter
218 2745 394 2774 confiteretur
408 2745 570 2782 praecepisse
595 2745 690 2782 sicque
703 2753 734 2774 se
748 2747 899 2775 sanandam

94 2790 157 2819 fore
167 2792 341 2827 promisisse.

133 2837 205 2865 Cum
219 2837 277 2866 haec
290 2838 434 2874 presbyter
445 2842 506 2874 post
516 2837 716 2866 confessionem
731 2836 852 2866 auditam
865 2837 901 2866 ad

92 2891 151 2913 nos
165 2885 281 2913 veniens
297 2885 452 2921 retulisset,
465 2886 538 2915 illico
557 2894 606 2914 nos
621 2886 655 2914 ab
669 2885 727 2921 ejus
742 2884 840 2914 marito
856 2893 901 2914 ro-

948 2382 1010 2401 cum
1034 2372 1154 2401 clamore
1175 2372 1285 2400 laudare
1306 2371 1400 2407 coepit.
1424 2370 1501 2405 Quod
1528 2368 1690 2397 miraculum
1716 2367 1746 2394 in

949 2426 1023 2449 tanta
1037 2420 1211 2449 veneratione
1225 2424 1266 2448 est
1281 2419 1402 2448 habitum
1420 2422 1450 2446 ut
1462 2416 1611 2454 quinquies
1628 2415 1685 2451 ipsa
1702 2414 1747 2442 die

949 2473 1134 2497 reverteretur
1147 2467 1262 2504 populus
1278 2467 1312 2495 ad
1327 2466 1488 2494 audiendum
1503 2465 1633 2496 verbum;
1648 2461 1746 2490 etho-

949 2515 1085 2549 norandas
1101 2513 1231 2549 reliquias
1244 2512 1451 2547 oblationesque
1464 2509 1637 2546 repetendas.

956 2548 962 2559 Ι
1015 2561 1080 2589 Car.
1103 2548 1169 2589 VIII;
1178 2575 1216 2581 —
1225 2559 1264 2587 De
1277 2558 1329 2586 alio
1342 2558 1448 2593 inﬁmo
1461 2556 1558 2584 ibidem
1570 2557 1672 2582 curato.

985 2607 1051 2636 Erat
1066 2608 1092 2635 in
1108 2607 1203 2635 eadem
1218 2606 1285 2634 urbe
1298 2604 1406 2640 quidam
1422 2602 1572 2631 ditissimus
1586 2598 1746 2630 Gualterus,

950 2657 1130 2690 cognomento
1156 2652 1265 2685 Kiburs,
1280 2650 1326 2686 qui
1337 2650 1394 2684 jam
1415 2656 1462 2677 sex
1485 2646 1567 2675 annis
1585 2644 1747 2690 infirmitate

950 2689 1110 2735 gravissima
1136 2698 1177 2726 sic
1205 2698 1350 2733 depressus
1376 2695 1466 2723 fuerat
1492 2698 1522 2721 ut
1542 2698 1682 2727 nunquam
1712 2689 1748 2717 de

951 2746 1022 2775 lecto
1037 2752 1149 2780 surgere
1162 2743 1292 2780 potuerit.
1314 2741 1422 2770 Auditis
1441 2748 1507 2777 ergo
1531 2736 1671 2766 miraculis
1693 2736 1748 2763 Do-

951 2792 1032 2820 mina:
1054 2795 1166 2823 nostrae,
1196 2797 1246 2825 per
1273 2787 1455 2816 internuntius
1479 2784 1599 2814 a'nobis
1625 2781 1749 2819 poposcit

951 2838 1094 2867 auxilium.
1112 2837 1173 2873 ipse
1185 2836 1257 2865 enitn
1269 2843 1330 2864 cum
1346 2834 1398 2863 alia
1410 2833 1569 2862 infirmitate
1579 2831 1661 2860 etiam
1672 2828 1747 2857 ﬂuxu

951 2885 1058 2914 ventris
1071 2884 1140 2913 adeo
1156 2881 1298 2911 laborabat
1311 2886 1341 2910 ut
1356 2889 1405 2910 nec
1417 2881 1498 2910 etiam
1517 2880 1703 2915 competenter
1719 2874 1746 2903 in

134 2974 197 3013 (55)
213 2973 282 3003 Nota
296 2974 412 3005 diversis
427 2975 455 3005 iu
473 2975 541 3005 locis
554 2983 662 3014 semper
680 2978 827 3015 presbytero
847 2977 973 3006 dicuntur
987 2978 1097 3013 peccata
1113 2973 1248 3004 confessa.
