4018 6324
517 412 626 471 979
1410 396 1704 456 APPEND.
1742 394 1835 451 AD
1873 390 2001 448 LIB.
2041 383 2457 446 lllGUlBEBTl
2481 382 2571 441 DE
2602 380 2764 440 VlTA
2796 378 2952 437 SUA.
3088 416 3093 421 -
3663 383 3747 441 930

515 527 665 585 lecto
693 522 891 583 deferri
915 525 1113 592 posset.
1137 515 1413 573 Mandavit
1440 516 1624 585 itaque
1648 512 1698 568 ei
1722 511 1864 566 Boso
1889 505 2115 579 presby-
2139 507 2191 567 Î‘
2218 508 2479 565 cessaret,
2514 498 2775 553 feretrum
2824 490 3294 550 Dominzenostrze
3335 502 3492 561 super
3518 497 3749 564 quoddam

517 631 604 679 ter
663 626 1122 690 utipeccatorum
1176 626 1399 669 suorum
1469 622 1658 665 veram
1713 602 2111 661 confessionem

515 714 837 786 presbytero
879 721 979 765 suo
1026 705 1251 770 faceret,
1294 711 1348 757 et
1400 700 1529 771 quia
1564 713 1671 752 non
1730 695 1902 750 solum
1942 690 2108 761 prius,

515 784 613 866 sed
661 784 831 861 etiam
887 804 941 858 in
992 802 1109 872 ipsa
1153 796 1477 869 aegritudine
1511 793 1792 850 dicebatur
1838 784 2113 842 multoties

515 892 715 959 uSuras
745 914 776 954 a
802 895 1140 955 debitoribus
1184 892 1478 964 accepisse,
1525 886 1867 960 promitteret
1910 881 2017 935 Deo
2056 893 2115 933 se

518 1008 796 1065 nunquam
860 989 1088 1046 ulterius
1140 1001 1235 1043 eas
1273 992 1641 1054 sumpturum,
1682 986 1737 1035 et
1767 977 1833 1031 de
1879 971 2116 1043 acceptis

520 1101 760 1159 congrue
790 1083 1129 1142 debitoribus
1186 1078 1624 1137 satisfacturum.
1687 1070 1940 1128 Obedivit
1991 1065 2113 1133 ille;

519 1180 715 1236 deinde
744 1186 805 1234 ut
851 1193 975 1233 cum
1030 1173 1276 1244 reliquiis
1321 1173 1525 1227 iremus
1576 1166 1642 1222 ad
1680 1181 1805 1221 eum
1843 1159 2118 1217 humiliter

518 1275 758 1347 rogavit,
786 1271 1043 1344 quoniam
1090 1270 1207 1339 ipse
1238 1267 1306 1323 ad
1345 1281 1445 1323 nos
1493 1279 1599 1319 non
1630 1267 1845 1332 poterat
1896 1254 2115 1311 deferri.

519 1367 671 1425 Missi
706 1375 833 1422 sunt
864 1374 975 1420 tres
997 1378 1063 1419 ex
1106 1360 1309 1415 nostris
1336 1358 1477 1414 Boso
1507 1356 1807 1429 presbyter,
1850 1350 2120 1405 Robertus

522 1466 580 1515 et
621 1455 953 1512 Bonifacius.
992 1451 1273 1507 Venerunt
1309 1449 1377 1504 ad
1423 1463 1572 1514 cum,
1622 1444 1884 1514 reliquias
1934 1453 2120 1496 coram

524 1565 593 1606 eo
622 1556 678 1605 et
708 1549 760 1602 in
790 1561 929 1617 aqua
954 1544 1227 1610 laverunt,
1255 1550 1311 1597 et
1343 1556 1412 1597 ex
1435 1555 1496 1595 ea
1520 1548 1704 1610 potum
1734 1537 1808 1590 illi
1834 1534 2117 1598 dederunt,

522 1640 811 1714 ipsumque
858 1654 923 1696 ea
972 1644 1376 1708 resperserunt.
1425 1634 1621 1688 Mirum
1668 1630 1844 1685 dictu!
1901 1627 2003 1694 Qui
2027 1618 2120 1681 sex

522 1733 686 1789 annis
727 1733 782 1788 in
811 1732 955 1788 lecto
1003 1732 1362 1796 decubuerat,
1419 1728 1563 1784 illico
1594 1742 1759 1782 sanus
1787 1722 2045 1787 surrexit,
2070 1728 2125 1774 et

524 1825 790 1884 exsiliens
815 1827 884 1881 ad
906 1823 1149 1880 Dominae
1179 1832 1380 1879 nostrre
1410 1820 1669 1876 feretrum
1709 1816 1913 1887 gratias
1958 1828 2124 1884 agens

525 1918 789 1976 cucurrit.

599 2011 800 2068 Tribus
833 2010 1048 2068 clericis
1099 2009 1191 2081 qui
1228 2009 1297 2064 ad
1348 2023 1469 2063 eum
1508 2006 1683 2061 ierant
1736 2012 1847 2059 tres
1896 1998 2126 2055 annulus

526 2118 725 2161 aureos
754 2104 924 2171 dedit,
957 2118 1141 2159 coram
1175 2100 1377 2156 feretro
1409 2110 1520 2155 tres
1545 2097 1782 2169 scyphos
1816 2100 2124 2165 argenteos,

527 2195 865 2266 multamque
918 2192 1227 2266 pecuniam,
1297 2200 1351 2249 et
1399 2191 1503 2246 alia
1554 2196 1875 2245 ornamenta
1910 2185 2122 2241 obtulit.

528 2284 659 2353 Quae
682 2299 807 2341 cum
829 2284 885 2339 in
907 2284 1089 2357 platea
1121 2282 1335 2354 publice
1354 2281 1567 2354 prolata
1590 2278 1833 2335 nonnulli
1858 2278 2128 2344 videntes,

528 2395 628 2452 pro
659 2378 1007 2435 multitudine
1032 2378 1353 2434 divitiarum
1378 2376 1497 2449 ejus
1528 2376 1774 2431 dicerent
1804 2390 1927 2430 eum
1958 2387 2131 2444 pauca

533 2472 819 2555 obtulisse,
846 2487 971 2527 nam
994 2469 1277 2527 fbrebatur
1311 2470 1597 2540 plusquam
1626 2470 1728 2524 tria
1768 2469 1937 2523 millia
1966 2468 2134 2522 libras

531 2565 773 2638 Anglice:
804 2573 1035 2621 monetae
1080 2564 1137 2619 in
1198 2565 1456 2619 thesauro
1493 2562 1611 2633 ejus
1667 2563 1937 2633 repositas
1994 2574 2133 2625 esse,

532 2658 902 2729 respondebat
936 2658 1027 2714 ille
1064 2673 1122 2714 se
1172 2658 1240 2714 ad
1269 2673 1509 2728 praesens
1542 2657 1686 2713 nolle
1716 2657 1949 2727 amplius
1981 2656 2136 2721 dare,

537 2752 714 2810 donec
762 2769 979 2821 usuras,
1016 2767 1154 2824 quas
1201 2768 1230 2807 a
1287 2752 1623 2808 debitoribus
1673 2753 1786 2807 suis
1832 2757 2135 2820 acceperat,

536 2846 813 2913 redderet,
847 2846 990 2903 sicut
1028 2846 1140 2902 Deo
1174 2847 1526 2918 promiserat.
1579 2846 1735 2902 Unde
1766 2846 2015 2913 protinus
2047 2858 2141 2913 per

536 2946 711 2993 totam
741 2939 932 2994 urbem
979 2935 1111 2995 fecit
1148 2937 1371 2993 clamari
1402 2947 1460 2993 ut
1487 2938 1577 3009 qui
1608 2938 1656 2992 ei
1687 2953 1882 2993 usuras
1916 2937 2143 2991 dederat

540 3029 777 3095 veniret,
807 3039 859 3085 et
886 3045 982 3086 sua
1006 3030 1300 3100 reciperet.
1333 3029 1548 3098 Quanta
1577 3039 1705 3085 tune
1736 3029 1808 3085 ibi
1851 3028 2012 3085 fuerit
2040 3044 2145 3082 vox

540 3116 743 3173 laetitiae
772 3126 827 3173 et
875 3117 1230 3187 laudationis,
1267 3120 1577 3176 dicentibus
1604 3120 1878 3175 universis
1913 3135 2009 3189 per
2040 3119 2141 3174 Do-

2215 595 2394 651 minus
2420 592 2590 648 altare
2616 597 2932 662 poneretur,
2968 587 3022 642 in
3054 594 3262 642 remota
3295 582 3528 653 ejusdem
3552 592 3753 653 ecclesiae

2214 696 2387 759 parte.
2430 684 2532 741 Sed
2569 698 2691 738 cum
2733 680 2945 735 videret
2974 676 3239 748 quosdam
3286 677 3659 748 negotiatorum
3683 685 3753 753 qui

2217 778 2482 835 miracula
2511 773 2811 831 Wintoniae
2849 779 3005 844 gesta
3052 769 3362 835 audierant,
3409 766 3649 827 feretrum
3675 775 3760 831 Do-

2217 870 2379 926 minae
2410 868 2609 924 nostra:
2651 880 2774 920 cum
2805 862 3173 918 oblationibus
3202 870 3478 930 expetere,
3526 871 3577 918 et
3616 865 3758 935 majus

2218 961 2390 1016 altare
2439 958 2737 1022 dimittere,
2770 954 2895 1011 felle
2943 962 3253 1010 commotus
3304 952 3611 1021 iracundiae,
3632 955 3763 1025 jussit

2220 1052 2349 1109 illud
2378 1052 2443 1107 de
2484 1049 2711 1107 ecclesia
2744 1049 2887 1118 ejici.
2914 1046 3104 1117 Ejecto
3142 1045 3369 1112 feretro,
3404 1060 3510 1101 non
3540 1057 3615 1102 est
3640 1043 3773 1118 facile!

2222 1147 2369 1221 dictu
2395 1153 2654 1216 quantam
2691 1114 3023 1198 ansietatem
3064 1137 3433 1211 patiebamur,
3481 1140 3706 1210 quoniam
3727 1114 3780 1221 et;

2220 1236 2561 1293 immensitas
2610 1234 2825 1306 pluvias,
2882 1243 2992 1288 tam
3039 1247 3141 1287 nos
3192 1246 3357 1301 quam
3388 1245 3554 1300 equos
3595 1211 3781 1291 nostros;

2222 1330 2400 1386 adhuc
2430 1331 2783 1385 vehementer
2804 1326 3166 1398 deprimebat,
3198 1334 3254 1382 et
3278 1334 3388 1383 tota
3419 1324 3543 1380 villa
3574 1330 3771 1400 negotia.

2224 1420 2435 1475 toribus
2484 1419 2714 1489 repleta,
2767 1433 3036 1489 nusquam
3096 1415 3255 1473 nobis
3309 1416 3611 1488 hospitandi
3654 1418 3774 1477 locus

2164 1512 2167 1523 â€˜
2224 1511 2467 1582 patebat.

2299 1626 2407 1681 Sed
2435 1626 2488 1679 in
2514 1630 2687 1707 'tanta
2733 1624 2955 1680 miseria
2985 1623 3149 1679 citius
3178 1637 3279 1679 nos
3306 1622 3546 1693 respexit
3576 1623 3775 1680 Domina:

2228 1719 2393 1791 538
2423 1720 2815 1775 misericordia.
2864 1718 2998 1773 Nam
3050 1726 3297 1773 matrona
3324 1718 3571 1787 quaedam
3592 1718 3777 1775 calami-

2232 1812 2329 1866 tati
2363 1809 2564 1866 noslraÃ©
2586 1811 2946 1881 compatiens,
2981 1810 3157 1864 virum
3212 1825 3372 1865 suum
3409 1819 3596 1865 exorat
3627 1820 3679 1865 ut
3699 1810 3776 1866 do-

2229 1920 2379 1959 tnum
2429 1919 2624 1960 novam
2671 1919 2832 1973 quam
2870 1903 3254 1968 aâ€˜diftcaverat,
3285 1917 3526 1970 namque
3562 1900 3641 1973 [f.,
3665 1918 3780 1958 eam-

2229 1999 2364 2070 que]
2392 1996 2822 2067 negotiatoribus
2869 2010 2969 2064 pro
3027 1993 3236 2049 duobus
3292 1993 3500 2048 marcis
3539 1993 3782 2061 locaverat,

2233 2090 2442 2147 cmlesti
2470 2090 2691 2160 Reginae
2720 2105 2840 2160 quae
2890 2104 2920 2142 a
2975 2088 3182 2143 decano
3228 2088 3294 2142 de
3338 2087 3572 2143 ecclesia
3609 2090 3786 2159 expulsa

2233 2184 2427 2247 fuerat,
2459 2184 2573 2254 ipsa
2605 2183 2691 2237 die
2714 2182 3023 2237 commodet
3075 2191 3130 2237 et
3154 2180 3209 2235 in
3239 2195 3304 2234 ea
3330 2189 3445 2234 tam
3477 2180 3636 2250 ipsam
3663 2197 3786 2251 quam

2235 2280 2468 2336 clericos
2530 2278 2651 2348 ejus
2704 2276 2953 2346 sequenti
3001 2284 3158 2330 nocte
3206 2274 3479 2343 hospitari
3542 2276 3789 2345 permittat,

2237 2369 2775 2445 negotiatoribnsque
2806 2366 3025 2421 mandet
3078 2373 3137 2419 Î¹Î¹Î¹
3165 2364 3381 2419 interim
3430 2363 3532 2418 sibi
3560 2364 3686 2418 aliud
3720 2365 3791 2419 ho-

2240 2464 2464 2533 spitium
2492 2468 2759 2532 quaerant.
2789 2459 2995 2513 Annuit
3024 2457 3255 2511 maritus
3280 2454 3537 2527 conjugis
3565 2454 3791 2527 precibus,

2240 2570 2453 2626 nosque
2479 2554 2589 2625 jam
2619 2565 2755 2623 pene
2778 2550 2974 2621 pluvia:
3015 2548 3362 2603 vehementia
3420 2545 3727 2601 madefactos
3754 2556 3795 2599 et

2242 2649 2560 2705 deficientes
2593 2647 2645 2700 in
2676 2645 2896 2699 domum
2920 2657 3073 2698 suam
3102 2656 3298 2696 novam
3337 2638 3601 2709 suscepit,
3634 2648 3798 2693 vestes-

2243 2758 2348 2812 que
2395 2750 2611 2797 nostras
2659 2739 2773 2793 luto
2822 2736 3071 2807 perfusas
3099 2734 3245 2789 ablui
3277 2733 3409 2789 fecit
3450 2742 3507 2787 ct
3534 2732 3794 2796 exsiccari;

2246 2835 2511 2890 feretrum
2567 2842 2622 2888 et
2658 2831 2917 2902 reliquias
2976 2828 3218 2884 Domina:
3258 2835 3471 2881 nostra
3522 2821 3802 2894 competenti

2263 2943 2364 2982 oco
2417 2927 2676 2981 decenter
2733 2920 2966 2978 cortinis
3016 2926 3283 2974 exornato
3334 2916 3598 2983 collocat;
3646 2915 3802 2970 deinde

2246 3018 2404 3073 nobis
2431 3031 2649 3072 onmem
2704 3011 3097 3084 hospitalitatis
3142 3007 3543 3063 humanitatem
3586 3004 3801 3062 exhibere

2250 3121 2428 3167 CUIâ€˜ill.

544 3211 748 3266 minam
780 3220 1023 3268 nostram
1061 3222 1308 3270 sanctam
1340 3212 1567 3269 Mariam
1596 3213 1824 3268 alterum
1854 3212 2146 3267 Wintonia:
2172 3230 2215 3287 Ï
2326 3221 2479 3277 Unus
2509 3237 2577 3276 ex
2619 3216 3052 3290 negotiatoribus
3079 3223 3191 3268 [res
3222 3225 3549 3281 campauas,
3590 3222 3711 3278 quas
3739 3218 3807 3260 Î³Îµ.

545 3314 995 3374 reprresentatum
1031 3321 1152 3362 esse
1177 3306 1489 3375 Zachaeum,
1522 3317 1577 3362 et
1598 3306 1719 3377 plus
1762 3308 1827 3362 de
1852 3321 2140 3362 usurarum

514 3396 851 3452 .rcdditione
882 3399 1190 3471 animaeque
1220 3402 1338 3471 ejus
1383 3400 1684 3457 salvatione
1724 3416 1889 3472 quam
1931 3400 1997 3455 de
2022 3414 2145 3455 cor-

543 3482 718 3561 pOrali
758 3493 1040 3549 curatione
1091 3495 1261 3550 Deum
1293 3494 1671 3563 laudantibus;
1721 3510 1823 3551 nec
1860 3495 1975 3566 ipse
2025 3494 2179 3549 Tul-s

546 3580 670 3646 lius,
691 3583 733 3638 si
755 3583 1040 3654 adfuisset,
1068 3585 1344 3656 explicare
1373 3588 1533 3658 digne
1553 3589 1843 3659 potuisset.

597 3677 728 3733 Car.
766 3677 862 3733 IX.
889 3710 961 3720 â€”
990 3679 1066 3736 De
1092 3681 1366 3736 duodecim
1400 3682 1626 3751 inï¬rmis
1654 3682 1846 3736 ibidem
1874 3682 2090 3736 curatis.

598 3849 602 3852 Î¾
626 3768 821 3825 Plures
853 3769 945 3825 alii
982 3763 1149 3828 etiam
1176 3772 1317 3829 infra
1342 3783 1466 3830 octo
1493 3774 1628 3840 dies,
1659 3774 1854 3845 quibus
1877 3774 1930 3828 in
1958 3773 2149 3829 eadem

549 3859 688 3917 urbe
742 3861 1108 3921 Wintoniensi
1164 3866 1483 3933 mansimus,
1526 3866 1700 3922 curati
1753 3874 1882 3921 sunt
1922 3866 2146 3934 infirmi,

550 3954 697 4024 quod
726 3964 947 4026 propter
976 3957 1193 4014 ttcdium
1223 3959 1562 4015 auditoribus
1590 3952 2008 4026 removendum,
2034 3958 2148 4012 sin-

553 4045 788 4119 gillatim
849 4063 1172 4106 enumerare
1235 4052 1711 4121 praetermisimus.
1766 4049 1881 4105 Hoc
1944 4057 2153 4104 tantum

555 4137 789 4197 fidenter
819 4130 1137 4210 asserimus,
1174 4142 1353 4214 palam
1384 4152 1439 4201 et
1472 4143 1687 4215 publice
1731 4142 2014 4199 duodecim
2062 4157 2153 4198 sa-

554 4239 716 4289 natos
739 4232 928 4302 fuisse,
958 4224 1203 4307 quorum.
1222 4236 1314 4292 alii
1347 4237 1519 4303 surdi,
1555 4237 1648 4291 alii
1690 4236 1889 4302 claudi,
1931 4235 2155 4307 quidam

554 4328 711 4396 caeci,
741 4329 964 4400 quidam
1010 4328 1233 4386 fuerant
1280 4330 1440 4386 muti.
1476 4330 1687 4401 Quique
1725 4344 1915 4385 omnes
1954 4336 2047 4382 aut
2090 4327 2156 4382 de

556 4420 679 4495 ipsa
708 4423 950 4493 civitate,
1012 4435 1107 4481 aut
1155 4426 1677 4499 de-circumjacenti
1708 4434 1864 4481 erant
1906 4424 2152 4496 regione;

556 4516 794 4589 ideoque
824 4519 1037 4576 cunctis
1066 4520 1287 4577 fuerant
1314 4504 1446 4577 noti.

2250 3313 2403 3368 nales
2435 3311 2690 3376 habebat,
2723 3308 2788 3363 ad
2817 3307 3009 3361 domus
3037 3303 3278 3373 ejusdem
3308 3301 3597 3371 laquearia
3621 3312 3805 3367 suspen-

2253 3404 2354 3471 dit,
2417 3416 2717 3471 earumque
2769 3398 2949 3454 sonitu
3000 3403 3264 3450 convocat
3315 3394 3521 3458 socios,
3572 3400 3624 3447 et
3661 3390 3804 3445 locum

2254 3498 2554 3553 ascendens
2606 3492 3047 3556 eminentiorem,
3094 3487 3369 3559 quomodo
3431 3486 3666 3542 decanus
3696 3483 3806 3536 fere-

2255 3601 2399 3648 trum
2423 3599 2668 3644 nostrum
2706 3588 2772 3641 de
2801 3584 3030 3640 ecclesia
3082 3597 3178 3636 sua
3217 3579 3451 3650 ejecerit
3500 3577 3676 3640 refert,
3702 3580 3810 3629 etut

2255 3683 2437 3737 nullus
2474 3696 2663 3736 eorum
2719 3678 2785 3732 ad
2842 3677 3014 3746 ipsam
3047 3673 3337 3729 ecclesiam
3385 3680 3501 3738 eat,
3552 3671 3640 3725 sed
3666 3680 3815 3722 omnes

2256 3776 2438 3847 potius
2468 3773 2534 3826 ad
2565 3770 2858 3840 hospitium
2890 3775 3135 3821 nostrum
3164 3763 3412 3819 divinum
3439 3760 3671 3817 cilicium
3696 3755 3815 3811 audi-

2261 3869 2365 3923 turi
2392 3865 2727 3922 conveniant
2747 3862 3091 3915 exhortatur.
3116 3856 3406 3912 Postremo
3426 3855 3630 3918 cuncti,
3658 3849 3819 3920 pariter

2257 3959 2595 4032 congregati,
2638 3955 2970 4009 unanimiter
3025 3950 3264 4005 edictum
3308 3954 3626 4019 proponunt
3656 3952 3741 4004 ut,
3783 3938 3817 3992 si

2260 4056 2384 4126 quis
2410 4050 2817 4121 negotiatorum
2848 4045 3133 4101 ecclesiam
3188 4042 3594 4113 ingrederetur,
3625 4036 3821 4107 quinque

2259 4148 2464 4206 solidos
2493 4144 2656 4200 sociis
2696 4140 3059 4212 persolveret.
3103 4136 3235 4190 Erat
3272 4143 3461 4189 autem
3489 4143 3617 4188 tunc
3652 4126 3817 4183 Sabba-

2261 4222 2373 4298 tnm
2408 4249 2533 4294 ante
2562 4245 2784 4293 octavas
2814 4233 3189 4287 Pentecostes.

2331 4353 2563 4407 Tantam
2620 4351 2801 4417 itaque
2863 4343 3094 4414 hospitis
3170 4338 3343 4395 nostri
3415 4328 3817 4393 benevolentiam

2262 4447 2511 4517 protinus
2539 4440 2783 4498 ostendit
2809 4438 3035 4493 Domina
3082 4443 3267 4489 nostra
3297 4446 3357 4486 se
3397 4436 3678 4502 gratanter
3709 4434 3825 4477 rece-

2265 4542 2430 4612 pisse.
2462 4537 2710 4592 Habebat
2760 4531 3028 4602 siquidcm
3062 4528 3204 4583 idem
3245 4526 3445 4595 hospes
3483 4530 3670 4578 noster
3693 4526 3824 4587 prope

560 4631 694 4691 CAP.
718 4632 792 4691 Î§.
813 4663 888 4677 --
913 4635 994 4691 De
1030 4635 1207 4708 puella
1246 4636 1462 4708 inï¬rma
1512 4644 1698 4691 curata
1755 4633 1896 4705 apud
1938 4594 2160 4689 Christt-
2187 4601 2238 4661 Î’
2266 4594 2524 4703 oppidum
2557 4642 2718 4683 unam
2748 4594 2990 4690 domum,
3016 4621 3072 4675 in
3099 4635 3205 4690 qua
3238 4594 3409 4674 boves
3435 4617 3559 4686 ejus
3589 4623 3642 4668 et
3669 4619 3826 4680 pecora

1235 4707 1464 4761 kercam.

634 4799 716 4854 Dc
741 4797 1112 4855 Wintoniensi
1157 4799 1382 4855 civitate
1426 4797 1676 4854 venimus
1704 4796 1771 4852 ad
1822 4796 2001 4851 villam
2042 4812 2163 4865 quae

564 4893 768 4950 dicitur
792 4892 1186 4961 Christikerca,
1222 4894 1276 4948 id
1304 4900 1411 4959 est,
1440 4890 1641 4945 Christi
1679 4888 1940 4959 Ecclesia,
1987 4890 2075 4944 ubi
2109 4890 2162 4942 in

564 4987 775 5043 octavis
811 4987 1162 5063 Pentecostes
1215 5000 1454 5039 annuum
1500 4980 1719 5048 festum,
1758 4991 1814 5037 et
1867 4988 2164 5037 conventus

566 5082 963 5139 celeberrimus
996 5081 1204 5138 solebat
1234 5094 1357 5135 esse
1398 5078 1818 5147 negotiatorum.
1864 5071 2165 5144 Appropin-

569 5184 806 5247 quantes
830 5189 962 5247 ergo
995 5173 1171 5229 eidem
1209 5170 1372 5236 villae,
1407 5179 1558 5228 tanta
1608 5168 1788 5223 subito
1815 5175 2037 5234 tamque
2071 5178 2165 5217 veâ€”

570 5266 817 5323 hementi
846 5265 1092 5338 depressi
1118 5278 1308 5320 sumus
1333 5260 1686 5317 inundatione
1712 5257 1924 5328 pluviae,
1953 5264 2010 5308 ut
2033 5269 2172 5307 mm-

574 5374 742 5432 ]uam
802 5369 963 5417 antea
1010 5374 1112 5415 nos
1176 5357 1416 5413 similem
1472 5353 1675 5409 vidisse
1737 5347 2168 5405 meminerimus.

575 5450 879 5509 Ecclesiam
909 5450 1079 5523 ipsius
1105 5450 1289 5521 oppidi
1316 5449 1555 5505 decanus
1583 5442 1801 5513 quidam
1826 5456 1947 5496 cum
1968 5439 2173 5493 duode-

577 5546 686 5603 cim
740 5545 1019 5602 canonicis
1050 5542 1312 5617 tenebat,
1370 5541 1463 5612 qui
1515 5536 1838 5609 rogantibus
1902 5533 2060 5588 nobis
2114 5537 2173 5584 ut

580 5638 1011 5709 susciperentur,
1044 5634 1327 5706 respondit
1353 5631 1640 5689 ecclesiam
1671 5628 1816 5683 illam
1850 5625 2078 5681 llet'dlllll
2106 5636 2173 5677 ex

581 5731 794 5803 integro
825 5729 942 5785 fore
968 5735 1363 5793 constructam,
1393 5725 1622 5793 ideoque
1653 5736 1751 5775 nos
1774 5735 1879 5775 non
1906 5718 2173 5786 recipien-

583 5802 715 5889 dos,
746 5837 814 5877 nc
843 5818 1055 5876 solitam
1087 5818 1364 5873 amitteret
1392 5802 1790 5887 negotiatorum
1825 5812 2173 5865 oblationem.

584 5916 692 5976 â€˜v'ix
724 5925 907 5975 tamen
928 5916 1087 5973 nobis
1106 5913 1374 5970 concessit
1401 5919 1481 5980 ut,
1509 5910 1682 5965 donec
1700 5906 1955 5962 nimietas
1982 5900 2176 5973 pluviae
2234 5944 2270 5960 .,

2186 4762 2187 4765 Î·
2265 4699 2648 4792 servabantur,
2694 4724 2879 4793 ibique
2923 4718 3179 4773 manebat
3210 4714 3432 4785 quidam
3474 4723 3677 4780 panper
3704 4699 3827 4758 rusti-

2265 4840 2384 4888 cus,
2420 4822 2623 4877 eisdem
2651 4816 2937 4888 pecoribus
2960 4806 3333 4866 custodiendis
3358 4806 3674 4874 deputatus.
3697 4794 3830 4860 Hujus

2266 4914 2456 4972 rustici
2491 4910 2622 4975 ï¬lia,
2652 4883 2835 4979 puella
2864 4901 3110 4976 parvula,
3145 4907 3347 4953 tortum
3380 4895 3576 4965 pedem
3607 4908 3635 4944 a
3670 4883 3829 4942 nativi-

2269 5018 2381 5066 tate
2429 5005 2685 5067 habebat,
2736 5002 2811 5055 ita
2872 5007 2930 5052 ut
2977 4994 3267 5049 calcaneus
3312 4989 3365 5042 in
3398 4982 3667 5039 anteriori
3690 4984 3827 5049 parte,

2268 5100 2423 5172 digiti
2457 5115 2582 5154 veru
2613 5096 2767 5167 pedis
2798 5094 2849 5146 in
2901 5086 3191 5161 posteriori
3244 5081 3405 5154 positi
3436 5084 3648 5132 essent.
3679 5063 3829 5137 [togati

2268 5164 2399 5269 ergo
2427 5197 2494 5251 ab
2532 5164 2747 5263 hospite
2780 5198 2968 5245 nostro
3022 5195 3080 5240 ut
3118 5184 3183 5237 de
3222 5197 3360 5250 aqua
3396 5177 3746 5247 reliquiarum
3771 5164 3830 5216 loc

2270 5302 2448 5348 tarum
2481 5288 2720 5360 ejusdem
2754 5281 3002 5355 puellulae
3052 5293 3148 5349 pes
3183 5274 3374 5330 debilis
3429 5269 3830 5335 contingeretur,

2271 5385 2504 5441 fecimus
2534 5396 2655 5435 eam
2687 5376 2905 5432 adduci.
2926 5372 3069 5427 Bibit
3091 5386 3155 5426 ex
3183 5382 3321 5438 aqua
3349 5366 3491 5436 ipsa,
3524 5371 3722 5432 pesque
3746 5360 3834 5418 eius

2274 5494 2338 5533 ex
2375 5492 2436 5531 ea
2492 5474 2635 5528 lotus
2662 5479 2762 5525 est.
2796 5464 3050 5537 Vigilavit
3084 5475 3267 5517 coram
3319 5456 3528 5511 feretro
3570 5452 3657 5505 illa
3691 5450 3833 5501 nocte.

2278 5572 2433 5627 Mane
2464 5576 2643 5622 autem
2694 5563 2859 5626 facto,
2891 5561 3016 5613 dum
3062 5569 3213 5610 more
3242 5550 3398 5606 solito
3426 5547 3659 5602 missam
3692 5547 3836 5625 coram

2188 5706 2191 5709 Î¹
2278 5667 2481 5720 feretro
2531 5678 2582 5714 Î¹Î¹Î¹
2620 5659 2808 5712 eadem
2856 5653 3018 5706 domo
3051 5644 3367 5704 solemniter
3394 5630 3836 5711 cantareniuslal'

2282 5770 2396 5813 tare
2426 5753 2689 5823 siquidem
2720 5744 2993 5818 purtalile,
3036 5750 3089 5795 et
3130 5736 3310 5805 eninia
3345 5733 3527 5787 missm
3566 5729 3837 5782 necessaria

2286 5852 2570 5909 nobiscum
2612 5840 2939 5900 ferebamusl
2996 5849 3122 5891 ecce
3164 5827 3394 5902 puellula
3436 5833 3656 5885 Sillimâ€œ:
3684 5812 3833 5886 [ï¬dem
