4018 6324
229 310 319 374 981

858 284 861 289 ’
939 298 1302 358 HERMANNI
1328 299 1417 358 DE
1448 299 1682 359 MIRAC.
1710 300 1773 359 S.
1812 300 2055 359 ΜΑΒῘᾹΕ
2092 303 2401 365 LAUDUN.
2428 336 2496 348 -—-
2525 305 2651 362 LIB.
2691 305 2755 361 ll.

3397 307 3508 366 98%

229 441 373 489 suum
402 423 627 480 reclum
678 410 930 474 Omnibus
960 418 1216 485 ostendit,
1265 418 1619 489 dominosque
1662 432 1812 487 suos,
1844 421 1891 484 Α
1914 416 2060 490 justa
2113 432 2468 492 protestatus,
2501 426 2645 494 quod
2701 420 2842 479 male
2878 430 3142 494 gesserat,
3191 421 3293 479 sibi
3332 421 3510 479 indul-

232 522 314 593 qui
340 532 435 573 nos
456 513 700 583 benigne
723 519 1065 582 receperant,
1104 526 1189 566 ma
1202 510 1397 583 gnifice
1426 510 1736 567 lattiticavit.
1799 528 1805 537 λ

238 680 360 740 ω.
393 676 486 735 XI.
535 704 609 720 —
665 676 745 733 De
803 673 1099 819 increfdib‘ili
1172 670 1403 729 vindicta
1453 670 1555 728 Dei
1620 671 1814 727 ibidem

960 763 1021 802 ac
1048 763 1101 803 a.
1802 803 1808 813 ,

960 763 1101 803 aeta.

306 884 429 940 Post
471 880 757 953 prandium
796 881 986 937 eadem
1016 879 1105 935 die
1151 878 1453 945 Dominica,
1500 879 1720 937 licentia
1748 878 1817 936 ab

239 977 423 1035 incolis
445 976 696 1047 [accepta
740 975 1149 1046 gratiarumque
1180 974 1397 1030 actione
1424 972 1523 1044 'pro
1555 973 1818 1030 beneﬁcio

236 1085 418 1127 eorum
446 1068 551 1124 illis
588 1070 819 1135 reddita,
867 1068 933 1124 de
979 1068 1176 1139 oppido
1232 1067 1519 1123 exivimus.
1554 1065 1661 1123 Sed
1709 1081 1819 1122 non

235 1162 437 1218 distulit
465 1160 647 1230 justus
675 1160 848 1219 Judex
875 1161 1032 1217 Matri
1060 1177 1170 1217 suae
1189 1160 1389 1216 factam
1414 1158 1669 1230 iniuriam
1698 1160 1820 1215 vin-

237 1253 430 1309 dicare.
476 1251 579 1308 Vix
608 1252 755 1308 enim
796 1253 1019 1308 dimidio
1050 1253 1226 1309 stadio
1271 1250 1461 1322 procul
1508 1265 1819 1307 recessera-

238 1360 373 1412 mus,
402 1358 524 1399 cum
552 1358 682 1401 ecce
705 1353 827 1416 post
857 1360 956 1403 nos
977 1361 1098 1401 cum
1123 1346 1361 1401 clamore
1381 1358 1634 1401 cursores
1657 1359 1820 1415 super
1869 1400 1874 1418 λ

1918 512 2342 580 geriexorabat.

1919 624 2083 701 539
2117 626 2246 683 Car.
2288 626 2402 683 ΧΠ.
2426 659 2497 671 -υ-
2517 628 2596 683 De
2623 628 2852 701 inﬁrmis
2896 629 3258 700 septemdecim
3307 626 3511 685 sanatis

2439 703 2579 768 apud
2618 698 2993 755 Essecestram.
3136 722 3139 723 '

1988 787 2116 843 Inde
2141 788 2391 843 venimus
2428 790 2504 844 ad
2536 791 2722 845 urbem
2755 806 2875 860 qua:
2927 792 3126 847 dicitur
3173 793 3510 861 Essecestra,

1919 880 2010 936 ubi
2042 888 2160 935 erat
2187 880 2460 937 Robertus
2503 884 2947 954 archidiaconus,
2980 886 3071 957 qui
3109 887 3196 941 diu
3237 896 3514 942 manserat

1918 972 2166 1029 Lauduni
2209 990 2309 1045 pro
2348 975 2614 1030 audienda
2671 976 2903 1034 lectione
2954 981 3198 1051 magistri
3246 981 3511 1036 Anselmi.

1919 1064 1965 1120 A
2010 1080 2118 1136 quo
2165 1066 2573 1135 gratantissime
2639 1070 2879 1139 suscepti
2929 1072 3229 1128 mansimus
3270 1073 3367 1128 tibi
3416 1087 3516 1143 per

1921 1156 2108 1212 decem
2133 1158 2269 1214 dies.
2300 1158 2357 1213 In
2382 1160 2579 1231 quibus
2604 1161 2866 1215 miracula
2895 1161 3124 1231 plurima
3148 1167 3513 1237 contigerunt,

1920 1266 2149 1323 quorum
2224 1254 2498 1323 prmeipua
2571 1261 2626 1308 et
2701 1254 3091 1310 excellentiora
3169 1257 3388 1313 fuerunt
3451 1259 3518 1315 de

1942 1342 2310 1419 pptemdecim
2368 1342 2602 1397 inﬁrmis
2653 1344 2891 1411 curatis,
2957 1345 3280 1414 quibusdam
3335 1348 3515 1416 czecis,
3556 1359 3569 1362 ’

235 1450 395 1505 equos
434 1437 755 1501 adveniunt,
806 1447 861 1492 et
907 1445 968 1492 ut
993 1439 1206 1493 ardenti
1252 1438 1393 1495 villae
1429 1452 1818 1497 succurramus
1856 1444 1869 1527 ί
1925 1435 2048 1497 aliis
2091 1434 2293 1500 surdis,
2344 1435 2511 1489 mutis
2559 1442 2615 1489 et
2662 1434 2892 1491 claudis.
2928 1434 3344 1492 Contendebant
3374 1438 3521 1493 cives

234 1535 473 1587 exorant.
507 1529 883 1601 Respicientes
920 1541 1043 1601 post
1086 1541 1319 1604 tergum,
1367 1533 1612 1590 videmus
1649 1541 1817 1589 totam
1858 1524 1861 1527 “
1918 1524 2248 1581 mirabiliter
2275 1526 2396 1597 quis
2432 1541 2621 1582 eorum
2663 1542 2762 1582 nos
2800 1528 3035 1598 hospitio
3073 1529 3395 1599 susciperet,
3436 1530 3523 1586 vel

233 1619 407 1675 villam
436 1635 757 1676 succensam
798 1625 1052 1678 cremari.
1091 1624 1494 1696 lnterrogantes
1523 1640 1651 1681 vero
1684 1641 1819 1695 quo-

228 1713 381 1769 modo
405 1712 457 1767 id
487 1714 834 1783 contigisset,
880 1715 1191 1772 audivimus
1218 1717 1287 1773 ab
1332 1719 1415 1774 eis
1435 1719 1725 1775 draconem
1751 1718 1818 1773 de

227 1805 468 1878 proximo
505 1806 644 1861 mari
675 1820 979 1877 egressum,
1004 1808 1164 1864 nobis
1193 1809 1599 1867 discedentibus
1628 1811 1682 1865 in
1713 1810 1817 1865 vil-
1846 1780 1895 1842 Β

228 1896 326 1951 lam
349 1895 658 1963 advolasse,
680 1908 735 1952 et
764 1898 1019 1968 primitus
1072 1900 1383 1969 ecclesiam,
1433 1903 1628 1959 deinde
1655 1918 1818 1973 quas-

227 1989 342 2045 dam
365 1990 559 2045 domos
581 1989 822 2057 ﬂamma,
844 2006 1008 2062 quam
1031 2007 1099 2048 ex
1125 1995 1347 2050 naribus
1370 1994 1484 2050 suis
1509 1994 1815 2061 emittebat,

228 2083 600 2139 succendisse.
634 2084 789 2152 Quod
834 2085 1117 2143 audientes
1144 2096 1197 2142 et
1224 2088 1462 2143 humana
1503 2089 1819 2145 curiositate

230 2182 430 2228 tantum
462 2174 776 2245 prodigium
802 2176 988 2232 videre
1017 2177 1283 2246 sitientes,
1317 2180 1590 2251 deputatis
1613 2170 1817 2237 feretro

225 2264 429 2320 idoneis
457 2266 803 2335 custodibus,
848 2268 1113 2324 velociter
1140 2285 1308 2341 super
1332 2285 1502 2341 equos
1533 2270 1601 2326 ad
1637 2271 1819 2327 vicum

225 2355 560 2411 recurrimus
587 2357 975 2431 cernimusque
1013 2360 1308 2416 draconem
1338 2362 1673 2418 ineredibilis
1702 2362 1816 2418 lon-

225 2447 475 2516 gitudinis
501 2449 743 2519 quinque
766 2451 944 2521 capita
985 2453 1299 2523 habentem,
1334 2471 1430 2526 per
1476 2471 1637 2512 nares
1672 2455 1821 2511 ﬂam-

225 2552 338 2593 mas
390 2537 723 2595 sulohureas
766 2541 1125 2610 emittentem,
1172 2554 1227 2599 et
1254 2545 1319 2600 de
1368 2545 1487 2601 loco
1526 2547 1593 2602 ad
1637 2546 1818 2602 locum

224 2627 519 2693 volantem,
558 2630 856 2701 domosque
885 2632 1197 2703 singillatim
1236 2636 1673 2691 succendentem.
1711 2636 1819 2692 Re-

232 2718 457 2777 deuntes
479 2736 617 2778 vero
640 2739 811 2794 usque
836 2726 903 2781 ad
928 2727 1215 2782 ecclesiam
1230 2728 1344 2798 jam
1367 2744 1486 2791 eam
1514 2729 1823 2787 invenimus

227 2822 656 2884 concrematam,
700 2827 756 2873 et
801 2818 881 2873 sic
920 2819 1332 2886 incredibiliter,
1381 2829 1440 2875 ut
1488 2837 1594 2877 non
1645 2822 1819 2877 solum

225 2901 384 2975 ligna,
411 2908 513 2963 sed
536 2917 593 2964 et
619 2908 722 2980 ipsi
748 2911 1008 2979 parietes,
1042 2912 1151 2973 imo
1180 2912 1401 2967 maximi
1430 2914 1657 2982 lmides,
1684 2914 1823 2985 ipsa-

228 3010 329 3068 que
356 3000 557 3058 altaria
587 3003 643 3058 in
672 3004 911 3060 favillam
960 3016 1017 3061 et
1065 3007 1302 3063 cinerem
1343 3008 1589 3066 funditus
1638 3019 1824 3067 essent

227 3092 464 3158 redacta,
499 3094 580 3149 ita
603 3105 663 3150 ut
689 3098 945 3155 omnibus
971 3099 1384 3169 inspicientibus
1410 3110 1600 3173 stupor
1625 3091 1824 3159 exinde
1853 3137 1902 3203 C

228 3180 493 3241 mirabilis
518 3185 880 3245 incuteretur.

297 3275 555 3333 Decanus
582 3294 713 3336 vero
742 3282 832 3336 ubi
864 3282 999 3338 vidit
1020 3284 1239 3339 domum
1275 3299 1428 3341 suam
1460 3294 1516 3341 et
1538 3285 1826 3343 ecclesiam

230 3383 574 3440 succensam,
624 3383 806 3430 vestes
848 3384 905 3431 et
931 3376 1319 3448 supellectilem
1373 3395 1529 3435 suam
1562 3378 1828 3435 festinan-

231 3467 313 3515 ter
339 3462 613 3534 colligens
640 3473 697 3519 et
718 3465 1108 3538 circumligans
1134 3471 1200 3524 ad
1224 3484 1439 3537 navem,
1471 3487 1591 3541 quae
1616 3471 1669 3525 in
1697 3486 1825 3540 pro-

229 3550 361 3605 ximi
391 3554 566 3609 maris
589 3554 772 3612 littore
800 3557 976 3612 defixa
1016 3568 1156 3627 erat,
1183 3559 1314 3617 fecit
1344 3562 1569 3630 deferri,
1600 3577 1830 3632 sperans

228 3652 291 3694 ea
318 3640 393 3697 ibi
418 3643 508 3708 ab,-
544 3643 666 3714 igne
692 3662 850 3715 posse
885 3648 1106 3705 salvari.
1138 3650 1243 3706 Sed
1271 3653 1436 3709 draco
1462 3654 1735 3724 protinus,
1764 3669 1828 3712 ac

228 3733 271 3788 si
294 3744 523 3805 propter
554 3736 659 3795 hoc
696 3740 869 3795 solum
897 3743 1158 3810 venisset,
1183 3760 1378 3802 navem
1407 3747 1588 3803 volatu
1616 3757 1824 3818 petens,

229 3835 425 3879 cuncta
459 3842 586 3896 quae.
629 3829 683 3883 in
736 3845 800 3884 ea
842 3841 1000 3887 erant
1039 3836 1337 3903 succendit,
1380 3837 1593 3905 deinde,
1632 3840 1828 3895 mirum

227 3914 375 3971 dictu
407 3926 464 3974 et
521 3918 841 3976 incredibile
889 3922 1104 3979 auditu!
1160 3925 1333 3996 ipsam
1363 3944 1581 4001 quoque
1635 3947 1829 3987 navem

224 4007 389 4064 simul
422 4012 716 4067 cremavit.
746 4013 826 4068 Ad
856 4015 1073 4071 domum
1118 4033 1336 4089 quoque
1378 4022 1611 4093 hospitis
1656 4024 1830 4082 nostri

224 4102 539 4187 venientes,
592 4115 646 4161 et
675 4108 946 4176 quomodo
974 4124 1032 4165 se
1080 4109 1310 4168 haberet
1360 4115 1502 4169 scire
1558 4117 1825 4187 volentes,

223 4180 544 4252 invenimus
570 4211 715 4262 eum,
753 4198 899 4253 salva
921 4200 1104 4266 domo,
1144 4212 1200 4259 et
1221 4206 1476 4263 omnibus
1516 4222 1636 4277 qua:
1658 4209 1829 4265 habe-

224 4281 343 4352 bat,
374 4286 772 4355 exsultantem,
820 4306 1083 4361 suamque
1128 4292 1509 4353 liberationem
1540 4297 1696 4355 bonae
1727 4301 1826 4357 ho-

224 4376 386 4446 spitae
413 4395 534 4435 sua:
562 4380 683 4437 caeli
714 4381 936 4455 Reginae
961 4385 1333 4454 deputantem.
1359 4388 1476 4445 Non
1499 4390 1673 4447 solum
1696 4408 1828 4449 vero

1923 1622 2044 1693 quis
2071 1621 2341 1690 susceptis
2369 1622 2682 1677 necessaria
2725 1631 3068 1691 procuraret.
3107 1623 3238 1678 Erat
3277 1624 3349 1679 ibi
3398 1624 3523 1694 qui—

1923 1712 2047 1767 dam
2078 1712 2325 1767 infirmus
2354 1712 2443 1780 qui
2469 1711 2579 1781 jam
2616 1726 2715 1782 per
2752 1700 2944 1781 viginti
2988 1723 3223 1784 quatuor
3254 1730 3427 1770 annos
3454 1714 3521 1769 ad

1923 1813 2134 1875 portam
2166 1804 2350 1874 templi
2387 1804 2703 1859 recubuisse
2724 1802 2928 1874 jugiter
2960 1804 3015 1859 in
3050 1807 3188 1862 lecto
3219 1805 3519 1873 ferebatur,

1923 1896 1999 1951 ita
2031 1907 2092 1953 ut
2123 1913 2391 1969 nusquam
2440 1898 2520 1954 ire
2550 1908 2756 1968 posset,
2790 1900 2895 1955 nisi
2949 1916 2979 1954 a
3024 1900 3236 1957 duobus
3275 1910 3525 1973 portare-

1923 1996 2029 2042 tur.
2064 1988 2184 2057 Hic,
2230 1990 2463 2060 septimo
2519 1990 2606 2046 die
2655 1990 2919 2047 adventus
2957 1993 3131 2047 nostri
3175 1992 3460 2048 consilium
3493 2008 3524 2046 ει

1922 2080 2079 2136 nobis
2106 2096 2380 2151 quaerens,
2423 2081 2705 2139 confessus
2737 2093 2821 2139 est
2858 2094 3083 2155 peccata
3134 2100 3256 2151 sua,
3288 2084 3427 2139 bibit
3458 2099 3525 2138 ex

1924 2188 2066 2245 aqua
2097 2173 2386 2229 lavationis
2435 2162 2790 2247 reliquiarum
2835 2184 2890 2231 et
2935 2192 2999 2231 ex
3046 2192 3109 2232 ca
3142 2177 3286 2232 lotus
3326 2176 3527 2231 obdor-

1922 2264 2100 2319 mivit.
2168 2263 2555 2337 Protinusque,
2608 2266 2860 2322 mirabile
2915 2266 3108 2322 dictu!
3177 2276 3403 2323 sanatus
3450 2283 3525 2322 ex

1923 2356 2160 2427 integro,
2203 2357 2424 2413 exsiluit
2456 2358 2523 2413 de
2575 2358 2828 2430 grabato,
2874 2359 2929 2413 in
2960 2374 3067 2430 quo
3118 2367 3402 2431 tantopere
3434 2356 3524 2435 ja-

1924 2456 2136 2514 cuerat,
2166 2456 2223 2505 et
2245 2448 2556 2505 videntibus
2597 2452 2820 2505 cunctis
2848 2452 2913 2505 ad
2968 2450 3230 2507 feretrum
3272 2466 3522 2517 currens,

1925 2546 1981 2593 et
2008 2553 2195 2594 coram
2242 2555 2308 2595 co
2348 2549 2502 2596 stans
2532 2541 2586 2596 in
2618 2557 2754 2597 voce
2794 2542 3176 2598 exsultationis
3221 2552 3276 2599 et
3302 2542 3520 2599 confes-

1926 2630 2120 2701 sionis,
2154 2632 2267 2688 Deo
2296 2640 2353 2688 et
2377 2633 2481 2704 piae
2512 2632 2673 2688 Matri
2705 2633 2822 2705 ejus
2846 2635 3054 2705 gratias
3084 2633 3377 2690 referebat.

1930 2808 1933 2811 λ
1996 2744 2109 2803 Str.
2150 2744 2289 2800 Xlll.
2309 2775 2382 2788 -—
2415 2744 2493 2800 De
2522 2744 2739 2818 Glutino
2765 2757 3039 2801 contracto
3069 2756 3254 2802 curato
3284 2748 3337 2801 in
3366 2748 3473 2818 epi-

2392 2828 2611 2887 scopatu
2643 2816 3053 2873 Salesbcriensi.

1999 2907 2133 2963 Erat
2189 2908 2261 2963 ibi
2297 2916 2353 2964 et
2412 2908 2550 2963 alius
2604 2917 2940 2976 contractus,
2981 2910 3199 2966 nomine
3248 2910 3523 2977 Glutinus,

1928 2998 2021 3066 qui
2055 2998 2249 3055 merito
2286 2999 2365 3054 sic
2394 3000 2713 3067 vocabatur,
2749 3001 3009 3070 quoniam
3051 3009 3163 3056 toto
3191 3016 3421 3072 corpore
3447 3001 3528 3056 sic

1925 3077 2054 3143 erat
2117 3089 2540 3159 conglutinatus,
2595 3100 2654 3147 ut
2710 3092 2949 3147 calcanei
2992 3094 3227 3159 natibus,
3281 3101 3333 3147 et
3382 3093 3527 3149 tibia:

1933 3182 2094 3237 dorso
2130 3183 2483 3249 inhaererent,
2517 3185 2588 3238 ita
2619 3193 2677 3239 ut
2708 3185 2854 3240 velut
2887 3186 2943 3241 in
2980 3202 3148 3241 unum
3180 3186 3402 3258 globum
3435 3202 3524 3243 re-

1932 3274 2145 3343 dactus,
2222 3276 2417 3331 faciem
2474 3278 2693 3333 assidue
2746 3295 2909 3349 super
2944 3295 3117 3351 genua
3164 3288 3391 3336 teneret.
3427 3278 3527 3337 Hic

1927 3381 2085 3449 ergo,
2115 3382 2236 3441 cum
2265 3377 2499 3445 peccata
2534 3384 2632 3422 sua
2659 3370 2944 3427 confessus
2976 3382 3031 3426 et
3056 3387 3196 3442 aqua
3236 3371 3526 3449 lavationis

1892 3468 1905 3473 “
1928 3448 2288 3528 reliquiarum
2323 3458 2487 3525 lotus,
2521 3460 2663 3515 intra
2687 3461 2873 3516 decem
2899 3461 3017 3517 dies
3044 3448 3345 3533 quibus-ibi
3370 3477 3528 3516 man-

1930 3536 2102 3606 ‘simus
2164 3567 2271 3606 non
2324 3561 2635 3619 curaretur,
2696 3554 3024 3610 mirantibus
3080 3555 3236 3611 nobis
3289 3565 3345 3611 et
3383 3553 3528 3610 unde

1932 3653 2077 3698 esset
2115 3645 2509 3714 quaerentibus,
2564 3645 2854 3716 profitetur
2885 3662 2944 3703 se
2971 3640 3083 3705 non
3128 3663 3249 3704 csse
3290 3648 3358 3703 de
3406 3647 3526 3718 ipso

1933 3737 2266 3808 episc0patn,
2316 3740 2409 3795 sed
2460 3740 2527 3794 de
2560 3739 2973 3797 Salcsberiensi.
3020 3741 3277 3798 Protinus
3308 3757 3337 3796 a
3367 3740 3525 3798 nobis

1933 3831 2134 3885 acriter
2159 3831 2475 3903 obiurgatus
2508 3850 2607 3888 cur
2638 3842 2901 3890 tentasset
2936 3834 3012 3890 ibi
3047 3835 3339 3891 sanitatem
3368 3848 3526 3890 asse-

1910 3923 2047 3994 .qui,
2103 3938 2264 3994 quam
2310 3935 2524 3980 certum
2586 3934 2642 3981 et
2684 3927 2973 3997 probatum
3021 3936 3141 3982 erat
3196 3925 3330 3981 nulli
3370 3934 3526 3982 extra

1932 4016 2305 4088 episcopatum
2337 4034 2495 4074 suum
2532 4019 2743 4088 donari,
2792 4035 2915 4076 cum
2946 4019 3203 4091 lacrymis
3244 4028 3302 4076 et
3358 4018 3529 4075 nimio

1933 4108 2134 4187 ejulatu
2165 4113 2329 4183 coepit
2356 4128 2456 4168 nos
2487 4113 2872 4169 miserabiliter
2902 4112 3159 4183 adjurare
3187 4120 3273 4177 ut,
3302 4127 3401 4184 pro
3428 4110 3525 4167 Dei

1933 4213 2242 4275 sanctaeque
2271 4205 2461 4261 Matris
2486 4206 2603 4276 ejus
2650 4222 2854 4273 amore,
2894 4205 2961 4261 ad
2992 4206 3181 4274 ipsam
3206 4205 3395 4261 urbem
3426 4203 3528 4260 Sa-

1933 4296 2193 4353 lesberias
2221 4298 2710 4367 proficisceremur.

2006 4387 2140 4442 Tam
2166 4389 2336 4458 ipsius
2363 4405 2492 4460 ergo
2530 4406 2693 4459 quam
2727 4388 2891 4444 totius
2936 4388 3107 4459 plebis
3140 4388 3193 4442 id
3228 4388 3403 4458 ipsum
3430 4402 3527 4441 cx-

225 4467 344 4537 ipsa
369 4470 571 4527 domus
601 4470 737 4541 ejus,
778 4474 830 4528 in
857 4490 961 4546 qua
987 4477 1244 4546 hospitati
1268 4477 1492 4547 fuimus,
1523 4484 1617 4537 sed
1641 4492 1697 4537 et
1724 4484 1829 4539 alia
1863 4500 1908 4556 ι)
1936 4480 2145 4535 orantis
2193 4480 2598 4535 satisfacientes
2652 4480 2904 4550 precibus
2929 4522 2943 4545 ,
3008 4487 3131 4548 post
3174 4480 3359 4533 decem
3412 4478 3528 4532 dies

223 4560 422 4630 procul
450 4562 654 4632 posita,
702 4564 754 4619 in
802 4581 906 4635 qua
952 4582 1151 4638 pecora
1183 4569 1300 4638 ejus
1332 4575 1537 4628 servari
1569 4574 1830 4643 diximus,

224 4655 438 4710 mansit
480 4656 672 4724 illtcsa,
720 4658 795 4713 ita
845 4668 903 4714 ut
950 4662 1015 4717 de
1046 4664 1298 4720 omnibus
1330 4667 1495 4722 rebus
1539 4668 1653 4724 suis
1696 4669 1833 4724 nihil

225 4746 462 4803 omnino
501 4750 817 4817 perdiderit.
849 4751 1229 4825 Negotiatores
1256 4758 1449 4824 etiam,
1477 4761 1569 4830 qui
1607 4762 1832 4819 multam

225 4837 391 4895 nobis
425 4840 811 4911 impenderant
836 4845 1294 4917 benevolentiam,
1325 4852 1397 4906 ita
1442 4869 1676 4924 superna
1700 4855 1835 4911 fovit

231 4930 419 4998 gratia
471 4940 530 4985 ut
554 4942 648 4987 aut
672 4934 806 4989 nihil
840 4932 931 4990 aut
966 4954 1157 5009 parum
1187 4942 1253 4996 de
1299 4943 1463 4999 rebus
1494 4945 1609 5000 suis
1636 4947 1837 5003 amise-

224 5021 361 5076 rint.
390 5022 536 5091 Quia
564 5025 707 5080 enim
746 5027 944 5084 ibidem
974 5035 1312 5089 consuetudo
1345 5046 1465 5092 erat
1490 5053 1599 5094 uno
1626 5048 1834 5097 tantum

226 5113 318 5171 die
348 5116 562 5172 durare
608 5121 902 5189 nundinas,
933 5122 1086 5180 finito
1113 5126 1340 5196 prandio
1363 5128 1473 5197 jam
1499 5147 1692 5189 onmes
1717 5150 1837 5189 sar-

225 5209 389 5265 cinas
419 5224 553 5266 suas
595 5213 946 5285 collegerant,
975 5206 1055 5271 ‘et
1097 5218 1501 5292 circumligatas
1544 5233 1833 5295 antequam

228 5304 409 5359 draco
441 5305 657 5362 veniret
698 5320 1077 5379 reposuerant.
1127 5312 1416 5371 Terrorem
1457 5325 1635 5372 tamen
1666 5322 1837 5378 maxi-

226 5410 388 5450 mum
420 5394 531 5452 illis
562 5398 791 5454 incussit
820 5410 1071 5471 aspectus
1100 5403 1372 5472 draconis,
1409 5407 1478 5464 ita
1507 5416 1564 5463 ut
1590 5425 1685 5465 eos
1715 5427 1837 5466 cur-

226 5490 339 5545 sim
382 5505 491 5561 per
511 5491 725 5547 diversa
760 5494 1071 5551 videremus
1104 5496 1391 5568 fugientes.
1423 5498 1675 5557 Decanus
1704 5517 1836 5559 vero

225 5584 348 5652 ille,
386 5585 489 5654 qui
519 5586 780 5642 feretrum
805 5589 1055 5648 Dominze.
1072 5608 1273 5648 nosme
1295 5596 1361 5648 dc
1388 5594 1628 5651 Ecclesia
1652 5596 1831 5667 cjcce-

227 5683 349 5744 rat,
381 5691 515 5734 sera
534 5689 713 5737 motus
740 5686 1082 5753 pmnitentia,
1114 5687 1273 5759 nudis
1294 5686 1522 5758 pedibus
1544 5688 1676 5745 illud
1699 5706 1831 5763 pro-

227 5777 476 5832 secutus
498 5779 604 5847 est,
633 5781 691 5832 et
715 5789 900 5835 coram
937 5793 1004 5837 eo
1035 5786 1365 5851 prostratus,
1392 5777 1708 5855 iudiciaque
1733 5781 1834 5843 Dei

1938 4572 2145 4642 egressi
2171 4570 2237 4627 dc
2267 4571 2602 4637 Esscccstra,
2635 4583 2682 4626 ct
2717 4571 3095 4641 retrogradum
3127 4571 3229 4625 iter
3258 4570 3529 4639 arripien-

1937 4674 2037 4730 tcs,
2092 4665 2158 4719 ad
2215 4665 2388 4736 ipsam
2439 4664 2627 4718 urbem
2682 4664 2901 4718 tendere
2959 4664 3245 4734 coepimus.
3289 4662 3356 4717 Et
3400 4677 3530 4719 ecce

1937 4759 2054 4829 ipse
2083 4758 2292 4814 itineris
2324 4759 2530 4829 peritus
2575 4757 2825 4812 vehiculo
2858 4758 3055 4814 sedens
3092 4756 3206 4827 jam
3240 4772 3530 4825 processe-

1938 4861 2045 4919 rat,
2075 4861 2129 4907 et
2160 4854 2213 4907 in
2261 4853 2377 4922 ipso
2410 4852 2677 4922 principio
2707 4850 3053 4923 episcopatus
3090 4867 3191 4907 nos
3243 4853 3531 4927 operiebat-

1939 4951 2045 4999 tur.
2087 4944 2187 4999 Vix
2245 4953 2426 4999 autem
2474 4943 2631 4998 nobis
2686 4942 2947 5013 ingressis
3000 4942 3238 5013 primum
3292 4941 3531 4997 stadium

1937 5034 2304 5107 episcopatus,
2339 5052 2466 5092 ecce
2497 5036 2612 5107 ipse
2641 5036 2733 5106 qui
2784 5046 3161 5107 praecesserat,
3211 5052 3332 5091 cum
3377 5035 3531 5090 vehi-

1937 5131 2057 5185 culo
2133 5131 2408 5198 occurrit;
2478 5131 2773 5202 statimque
2843 5129 2992 5187 velut
3041 5130 3271 5186 Domina
3340 5138 3528 5183 nostra

1936 5223 2155 5279 nolente
2206 5240 2328 5279 cum
2360 5223 2587 5279 ulterius
2626 5222 2870 5294 fatigari,
2925 5224 3165 5294 perfecte
3197 5229 3418 5276 curatus
3464 5220 3529 5274 de

1940 5316 2219 5371 curriculo
2247 5314 2509 5384 cxsilivit,
2540 5320 2596 5371 et
2623 5316 2876 5371 omnibus
2906 5332 2996 5385 qttt
3031 5314 3265 5384 undique
3291 5328 3526 5369 cernen-

1940 5412 2083 5468 tibus
2117 5412 2482 5481 confluebant,
2513 5412 2581 5467 ad
2611 5410 2871 5467 feretrum
2902 5411 3107 5481 gratias
3133 5425 3300 5481 agens
3329 5409 3381 5463 in
3414 5422 3527 5463 me-

1940 5505 2025 5559 dia
2053 5505 2140 5558 via
2170 5504 2434 5560 cucurrit.
2460 5503 2517 5557 In
2548 5503 2653 5558 hoc
2691 5518 2881 5558 revera
2929 5501 3214 5573 probatum
3246 5508 3328 5556 est
3372 5499 3522 5566 illud,

1937 5590 2079 5669 quod
2123 5612 2282 5667 supra
2329 5598 2586 5665 diximus,
2626 5598 2829 5653 nullmn
2862 5608 3016 5653 extra
3048 5613 3202 5652 suum
3245 5596 3528 5669 episcopa-

1936 5697 2050 5744 tum
2095 5689 2338 5761 potuisse
2381 5690 2582 5745 sanari.
2624 5690 2754 5746 Inde
2808 5708 2956 5763 ergo,
3011 5691 3153 5747 sicut
3202 5688 3523 5759 dispositum

1933 5781 2141 5854 fuerat,
2198 5782 2267 5840 ad
2313 5783 2488 5856 ipsam
2530 5782 2717 5841 urbem
2772 5783 3106 5841 Salesbcrias
3152 5780 3501 5853 pervenimus
3522 5844 3536 5858 η
