4018 6324
453 236 561 296 983

1287 230 1579 289 APPEND.
1619 230 1711 285 AD
1748 226 1875 283 LIB.
1910 224 1974 281 III
2011 219 2335 281 GUIBERTI
2358 218 2447 275 DE
2490 215 2644 274 VITA
2686 213 2845 275 SUAt.

3622 213 3719 272 981

459 351 553 409 ubi
589 352 892 409 honorifice
919 349 1153 419 suscepti
1180 362 1368 403 sumus
1399 348 1466 401 ab
1491 345 1743 416 episcopo
1771 339 1940 411 ipsius
1960 352 2052 393 ur-
2076 340 2132 403 Α
2154 331 2469 401 nistaplum,
2524 330 2617 385 ubi
2647 326 2902 383 manebat
2932 323 3149 396 quidam
3197 323 3473 395 princeps,
3518 326 3720 419 nomine

459 430 567 509 bis,
596 460 699 515 pro
724 443 912 499 notitia
957 440 1199 512 magistri
1232 438 1494 503 Anselmi,
1539 436 1800 507 quoniam
1826 431 2044 504 cognati

461 535 582 606 ejus
634 536 941 592 Alexander
988 543 1043 590 et
1087 532 1325 606 Nigellus
1382 532 1449 588 ad
1485 531 1732 615 scholam
1782 529 1900 600 ejus
1953 528 2083 584 diu.

461 636 779 683 manserant
807 626 1071 683 Lauduni.

460 716 591 774 CAP.
614 718 757 776 XIV.
777 748 851 760 —-
872 718 951 773 De
999 718 1323 789 febricitante
1356 727 1540 774 curato
1570 715 1710 786 apud
1736 712 2049 772 Wiltoniam

858 790 1123 845 abbatiam
1151 789 1650 846 sanctimonialium.
1956 826 1961 827 ν

533 880 728 939 Postea
764 882 1017 938 venimus
1044 882 1111 937 ad
1143 884 1430 952 quamdam
1470 880 1736 936 abbatiam
1764 876 2051 933 sanctimoc

462 972 710 1041 nialium,
756 989 875 1045 quae
917 983 1141 1031 vocatur
1171 974 1455 1042 Wiltonia,
1510 973 1600 1028 ubi
1657 971 1815 1028 nobis
1864 982 2049 1025 osten-

463 1067 659 1122 derunt
724 1066 1059 1139 sepulturam
1122 1066 1453 1123 venerabilis
1506 1066 1662 1120 Bedae
1711 1061 2049 1137 presbyteri,

462 1158 668 1230 egregii
704 1158 970 1226 doctoris;
1029 1175 1195 1231 prope
1251 1175 1411 1230 quem
1450 1158 1659 1229 sepulta
1713 1166 1797 1213 est
1848 1154 2051 1226 inclyta

461 1249 856 1318 versiﬁcatrix,
881 1236 1004 1323 quae
1026 1252 1244 1323 preprio
1268 1250 1484 1307 nomine
1507 1260 1695 1306 vocata
1719 1257 1803 1305 est
1827 1246 2050 1302 Murier.

466 1339 700 1415 Quidam
732 1356 799 1399 ex
844 1343 1005 1414 longo
1060 1342 1302 1413 tempore
1350 1342 1669 1397 febricitans
1704 1340 1924 1413 jacebat
1984 1332 2055 1394 ad

467 1432 774 1506 sepulcrum
801 1436 1130 1492 venerabilis
1160 1436 1319 1491 Beda:
1356 1435 1683 1508 presbyteri,
1735 1434 1823 1490 ubi
1862 1448 2088 1505 quam-g

466 1528 649 1598 plures
679 1537 1072 1585 consueverant
1101 1529 1307 1585 sanari.
1347 1528 1551 1583 Eadem
1592 1536 1750 1583 nocte
1792 1526 2055 1581 adventus

466 1618 637 1675 nostri
683 1622 933 1693 apparuit
961 1623 1006 1677 ei
1058 1621 1111 1676 in
1158 1620 1365 1677 somnis
1395 1620 1598 1675 Murier
1654 1619 1743 1674 illa
1772 1617 2053 1673 versiﬁca-

2148 421 2354 480 Joellus
2382 422 2449 477 de
2474 420 2731 489 'I‘otenes,
2761 418 2920 490 cujus
2956 431 3094 472 uxor
3117 424 3239 473 erat
3273 431 3538 495 germana
3561 416 3722 473 Guer-

2149 514 2335 571 muudi
2365 514 2432 569 de
2454 511 2680 567 Pinkeni
2711 510 3071 581 (Pequiguy).
3108 508 3208 564 Hic
3241 524 3374 580 ergo
3414 509 3615 582 partim
3636 525 3725 582 pro

2147 605 2392 675 conjugis
2436 608 2551 661 suae
2596 601 2808 668 notitia,
2835 604 2956 673 quae
2982 599 3059 657 ‘de
3083 600 3438 658 Ambianensi
3475 592 3595 658 ﬁt
3634 617 3721 659 re-

2146 699 2367 769 ligione,
2399 698 2543 753 unde
2590 704 2647 753 et
2697 695 2892 751 nostra
2910 693 3198 749 videbatur
3226 707 3349 750 esse
3392 692 3728 764 comprovin-

2148 792 2320 859 cialis,
2362 791 2534 863 magis
2588 800 2768 859 autem
2817 801 2918 858 pro
2945 785 3235 853 miraculis.
3273 800 3395 857 quae
3429 800 3531 867 per
3551 785 3727 867 Domi:

2147 900 2274 941 nam
2329 860 2570 940 nostram
2636 882 2779 939 facta
2829 880 3112 949 didicerat,
3156 862 3583 950 gratantusiine'
3640 860 3729 938 ne?

2150 976 2475 1048 suscipiens,
2507 966 2605 1046 per
2646 974 2887 1031 triduum
2918 988 3102 1030 secum
3143 972 3393 1041 retinuit,
3448 972 3733 1046 scyphum-

2150 1085 2258 1136 que
2283 1080 2623 1143 argenteum,
2660 1079 2716 1125 et
2762 1068 2988 1125 calicem
3035 1068 3354 1138 pretiosum,
3394 1081 3498 1123 nec
3542 1081 3649 1123 non
3684 1074 3734 1124 et

2152 1161 2418 1230 cortinas,
2448 1159 2665 1231 aliaque
2689 1168 3034 1227 ornamenta,
3065 1174 3186 1229 quae
3221 1158 3405 1216 adhuc
3435 1160 3493 1216 in
3525 1156 3730 1217 Lauda-

2153 1254 2313 1311 nensi
2360 1260 2651 1311 servantur
2704 1252 2973 1320 ecclesia,
3022 1252 3118 1309 sed
3157 1260 3215 1310 et
3262 1266 3490 1323 equum,
3541 1250 3635 1321 qui
3676 1264 3733 1307 ea

2157 1345 2420 1417 deferret,
2471 1346 2641 1419 dedit,
2677 1345 2973 1417 multaque
3012 1344 3162 1413 alia;
3219 1343 3535 1416 quindecim
3580 1342 3735 1399 libras

2156 1440 2538 1517 Laudunensis
2578 1447 2811 1519 moneta:
2853 1438 3099 1519 valentia
3141 1436 3546 1513 superaddidit.
3585 1434 3734 1505 Cujus

2157 1535 2469 1593 devotionis
2502 1520 2662 1606 quasi
2689 1518 2799 1591 cita
2848 1518 3252 1590 remuneratrix
3282 1530 3471 1587 volens
3499 1545 3620 1587 esse
3644 1529 3735 1585 Do-

2158 1628 2305 1685 mina
2334 1636 2542 1699 nostra,
2591 1614 2813 1695 evidens
2838 1626 2913 1683 ibi
2939 1624 3263 1682 miraculum
3283 1622 3544 1680 ostendit.
3569 1620 3735 1678 Puella

470 1711 598 1777 trix,
632 1710 818 1767 dicens
850 1712 900 1767 ei
949 1729 964 1767 Ζ
1001 1711 1120 1768 Non
1173 1720 1327 1783 potes
1383 1711 1472 1766 hic
1514 1711 1674 1766 modo
1716 1725 1812 1781 per
1853 1710 2061 1766 Bedam
2093 1710 2398 1792 Bnamque
2456 1720 2719 1777 duodenis
2784 1720 2840 1775 in
2896 1717 3014 1789 ejus
3060 1719 3223 1774 domo
3289 1716 3567 1783 manebat,
3615 1715 3735 1772 adeo

467 1805 669 1871 sanari,
696 1806 952 1876 quoniam
981 1805 1138 1862 beata
1168 1804 1382 1861 Domini
1410 1804 1580 1873 Mater
1626 1804 1693 1859 ad
1726 1820 1823 1860 nos
1845 1805 2060 1861 descen-

469 1898 568 1953 dit.
608 1898 761 1965 Quod
793 1915 915 1954 cum
976 1900 1131 1955 nobis
1184 1900 1239 1954 in
1297 1899 1536 1955 crastino
1566 1897 1866 1964 retulisset,
1912 1908 1967 1952 et
1992 1911 2060 1951 ex

471 2004 612 2059 aqua
668 1989 1018 2060 reliquiarum
1070 1990 1303 2046 lotarum
1336 1991 1587 2056 bibisset,
1636 1990 1781 2046 illico
1836 2001 2062 2046 sanatus

470 2089 577 2135 est.
631 2080 858 2137 Reversi
896 2098 1083 2138 sumus
1118 2098 1218 2153 per
1272 2083 1668 2149 Essecestram,
1724 2098 1832 2138 non
1878 2095 2060 2138 tamen

471 2171 819 2228 introivimus
858 2172 1068 2241 urbem,
1110 2176 1360 2245 quamvis
1411 2192 1443 2230 a
1491 2176 1679 2230 multis
1718 2190 2059 2245 rogaremur,

470 2278 542 2319 ne
580 2264 803 2321 viliores
834 2281 1100 2335 essemus,
1141 2269 1398 2339 quoniam
1430 2267 1545 2338 jam
1574 2270 1759 2324 decem
1789 2268 1980 2325 diebus
2008 2268 2061 2323 in

470 2369 534 2412 ea
562 2370 961 2414 manseramus.
1830 2346 1831 2349 “

577 2448 709 2506 CAP.
750 2448 869 2507 XV.
891 2483 960 2493 —
984 2451 1263 2526 De_puella
1310 2470 1449 2508 cwca
1482 2453 1784 2509 illuminata
1815 2456 1957 2526 apud

1048 2523 1487 2579 Danavexeriam.

543 2613 755 2671 Exinde
781 2615 1027 2671 venimus
1062 2615 1117 2670 in
1176 2615 1511 2686 provinciam
1556 2632 1677 2687 qua:
1705 2624 1933 2671 vocatur
1960 2615 2066 2671 Da-

474 2704 792 2773 navexeria,
860 2703 952 2759 ubi
1006 2704 1364 2761 ostenderunt
1417 2705 1575 2761 nobis
1619 2706 1961 2772 cathedram,
2013 2714 2069 2762 et

477 2798 698 2854 furnum
726 2799 870 2855 illius
892 2798 1085 2855 famosi
1117 2799 1413 2854 secundum
1445 2797 1656 2854 fabulas
1681 2782 2067 2854 Britannorum

478 2890 625 2960 regis
653 2889 862 2956 Arturi,
908 2890 1193 2961 ipsamque
1222 2900 1423 2945 terram
1454 2889 1695 2959 ejusdem
1737 2891 1923 2945 Arturi
1950 2906 2068 2947 esse

480 2980 753 3036 dicebant.
802 2981 879 3037 Ibi
910 2997 1010 3037 nos
1042 2981 1333 3053 plurimum
1361 2982 1653 3037 honoravit
1690 2980 1915 3052 quidam
1961 2981 2069 3038 cle-

478 3076 623 3132 ricus
667 3077 889 3133 nomine
918 3076 1323 3149 (56)Agardus,
1368 3077 1461 3147 qui
1518 3076 1629 3148 jam
1679 3076 1768 3131 diu
1817 3061 2143 3132 LauduniC

477 3180 773 3239 manserat,
799 3171 1000 3247 quique
1023 3173 1366 3241 postmodum
1399 3172 1452 3225 in
1478 3168 1875 3226 Northmannia
1898 3168 2072 3225 factus

478 3264 563 3324 est
596 3264 881 3340 episcopus
936 3267 1088 3324 urbis
1121 3267 1633 3323 Constantiniensis.
1676 3267 1812 3321 Dum
1837 3280 1968 3337 ergo
1999 3266 2072 3321 ibi

480 3360 741 3427 essemus,
802 3351 981 3431 puella
1028 3360 1273 3432 quadam
1326 3358 1443 3415 fere
1492 3359 1751 3415 decennis
1780 3400 1796 3425 ,
1853 3358 2073 3413 nomine

479 3451 811 3522 Kenehellis,
853 3468 996 3510 caeca
1029 3468 1059 3508 a
1090 3452 1397 3520 nativitate,
1430 3451 1484 3507 in
1524 3451 1649 3506 villa
1692 3448 1813 3521 quae
1848 3449 2074 3505 Bomine

483 3545 646 3619 540
671 3548 923 3613 vocatur,
953 3547 1021 3603 ad
1068 3545 1329 3601 feretrum
1362 3545 1532 3612 venit,
1560 3553 1615 3600 et
1643 3538 1754 3602 Iota
1781 3542 1976 3616 ;oculos
2005 3558 2073 3598 ex

489 3632 1023 3709 aQua‘reliquiarum
1067 3638 1250 3693 lumen
1278 3638 1501 3708 recepit.

624 3750 627 3751 ν
683 3753 813 3808 CAP.
838 3744 991 3807 XVI.
1016 3783 1090 3795 —
1124 3752 1199 3806 De
1240 3753 1401 3807 surdo
1439 3751 1631 3806 ibidem
1665 3760 1874 3807 sanato.

558 3842 668 3899 Sed
708 3855 762 3899 et
783 3845 1001 3914 juvenis
1029 3845 1249 3914 quidam
1300 3843 1355 3897 in
1415 3844 1604 3899 eadem
1650 3844 1777 3898 villa
1816 3843 2013 3917 surdus
2043 3857 2075 3898 a

486 3924 772 3992 nativitate
821 3935 889 3990 ad
925 3934 1187 3990 feretrum
1240 3935 1409 3999 venit,
1456 3943 1512 3990 et
1554 3935 1696 3991 lotus
1727 3950 1888 3991 aures
1932 3950 2076 4001 aqua

489 4026 841 4097 reliquiarum
873 4028 1123 4097 protinus
1155 4028 1383 4082 audivit.
1415 4026 1645 4095 Quidam
1670 4029 1833 4084 etiam
1867 4029 1949 4083 vir
1976 4028 2078 4082 ibi-

490 4118 611 4173 dem
655 4116 872 4172 manum
925 4118 1137 4172 aridam
1192 4117 1417 4183 habens,
1481 4134 1665 4175 coram
1721 4118 1922 4173 feretro
1981 4134 2079 4188 pro

492 4209 786 4265 sanctitate
826 4210 1138 4280 recipienda
1182 4210 1459 4280 vigilabat.
1512 4209 1619 4265 Sed
1652 4209 1793 4265 sicut
1832 4208 2081 4264 Britones

491 4301 672 4357 solent
708 4301 922 4373 jurgari
956 4318 1080 4357 cum
1111 4301 1338 4357 Francis
1380 4318 1481 4373 pro
1510 4318 1635 4372 rege
1660 4302 1883 4368 Arturo,
1937 4304 2081 4355 Idem

2165 1822 2278 1869 toto
2308 1827 2537 1882 corpore
2568 1811 2851 1867 incurvata
2881 1818 2939 1865 ut
2963 1824 3230 1879 nusquam
3266 1808 3347 1865 ire
3376 1806 3604 1874 valeret,
3643 1806 3731 1863 nisi

2163 1907 2308 1979 quod
2341 1904 2683 1961 solummodo
2712 1918 2834 1960 cum
2866 1902 3178 1959 scabellulis
3224 1901 3467 1972 rependo
3491 1914 3589 1972 per
3632 1908 3734 1955 ter-

2166 2016 2283 2056 ram
2324 2013 2382 2055 se
2412 1997 2663 2069 trahebat
2688 2004 2849 2067 prout
2896 2000 3132 2066 poterat.
3162 1992 3291 2049 Hmc
3333 2006 3465 2064 ergo
3515 1991 3581 2046 ad
3606 1989 3732 2046 fere-

2166 2100 2309 2145 trum
2339 2089 2591 2156 adducta,
2635 2096 2857 2157 peccata
2890 2084 3164 2153 confessa,
3215 2098 3357 2153 aqua
3401 2081 3730 2152 reliquiarum

2164 2184 2296 2255 Iota,
2347 2184 2587 2255 quandiu
2630 2182 2699 2236 ibi
2746 2180 2947 2237 fuimus
2991 2195 3099 2236 non
3126 2188 3211 2245 est
3241 2186 3453 2245 curata,
3493 2177 3585 2233 sed
3628 2192 3731 2232 cum

2158 2273 2273 2345 jam
2326 2276 2484 2331 nobis
2527 2272 2926 2330 discedentibus
2987 2287 3110 2326 cum
3149 2284 3348 2339 magno
3386 2269 3515 2325 fletu
3557 2268 3733 2325 clama-

2168 2375 2273 2431 ret,
2316 2365 2475 2421 Ileu!
2519 2362 2760 2437 piissime
2807 2362 3035 2418 Domina
3071 2370 3260 2417 sancta
3309 2360 3513 2424 Maria,
3557 2373 3733 2428 ergone

2168 2460 2250 2513 sic
2282 2457 2553 2524 discedes,
2589 2466 2647 2511 et
2681 2471 2768 2512 me
2798 2471 2905 2511 non
2939 2465 3185 2512 curatam
3220 2452 3544 2523 relinques?
3588 2452 3731 2522 proti-

2171 2567 2276 2608 nus
2308 2550 2617 2606 videntibus
2661 2550 2874 2606 cunctis
2903 2557 3115 2616 sanata,
3155 2545 3420 2619 projectis
3450 2543 3733 2601 scabellulis

2170 2642 2435 2700 exsiliens
2478 2642 2653 2709 stetit,
2697 2650 2753 2699 et
2799 2642 2870 2699 ad
2899 2641 3165 2698 feretrum
3211 2639 3421 2711 gratias
3453 2653 3611 2712 agens
3652 2654 3735 2694 cu—

2168 2735 2363 2792 currit.

2205 2842 2335 2899 CAP.
2378 2871 2425 2897 Λ
2442 2841 2560 2898 illi.
2587 2871 2657 2883 —
2681 2841 2762 2897 De
2790 2841 3046 2897 monacho
3075 2841 3269 2896 claudo
3303 2841 3496 2895 ibidem
3521 2848 3707 2894 curato.

2249 2932 2545 2989 Monachus
2587 2933 2754 2989 etiam
2798 2932 3019 3003 quidam
3052 2931 3352 3003 religiosus
3379 2928 3449 2985 de
3493 2928 3739 2985 charitat'e

2172 3024 2372 3081 ibidem
2415 3025 2687 3101 manebat,
2714 3025 2769 3081 in
2813 3024 2948 3089 cella
3000 3038 3165 3095 quam
3195 3021 3453 3095 praefatus
3507 3021 3740 3091 princeps

2173 3119 2379 3175 Joellus
2408 3118 2793 3185 azdilicaverat,
2837 3118 2929 3190 qui
2952 3116 3066 3187 jam
3099 3131 3197 3189 per
3246 3114 3526 3171 biennium
3550 3106 3743 3168 "mo'rbo

2173 3210 2483 3279 insanabili,
2513 3226 2676 3281 quem
2714 3210 2907 3266 medici
2939 3210 3107 3267 sciam
3133 3216 3352 3276 vocant,
3386 3206 3521 3261 adeo
3550 3194 3745 3260 labora-

2176 3313 2333 3360 verat
2376 3314 2438 3361 ut
2467 3320 2735 3376 nusquam
2781 3303 2887 3359 nisi
2921 3302 3284 3359 claudicando
3329 3309 3386 3357 et
3413 3298 3604 3355 hacqu
3627 3298 3744 3353 sub-

2172 3397 2473 3453 stendando
2536 3406 2719 3468 posset
2788 3394 3047 3451 incidere.
3108 3394 3209 3449 Hic
3264 3408 3397 3465 ergo
3443 3406 3540 3462 per
3585 3398 3743 3447 totum

2177 3490 2415 3546 triduum
2446 3490 2606 3545 nobis
2633 3489 2688 3545 in
2736 3490 2923 3546 eadem
2966 3487 3195 3544 ecclesia
3225 3485 3627 3543 remorantibus
3655 3496 3743 3553 pro

2173 3597 2337 3653 posse
2377 3597 2475 3638 suo
2504 3581 2819 3637 dulcissime
2868 3579 3112 3635 serviens
3141 3587 3197 3636 et
3222 3582 3289 3634 ex
3340 3593 3485 3648 aqua
3534 3576 3747 3631 letarum

2177 3673 2534 3744 reliquiarum
2599 3671 2767 3727 lotum
2832 3669 3007 3725 morbi
3071 3684 3234 3741 super
3301 3668 3479 3724 femur
3537 3667 3749 3731 lavsus,

2176 3768 2415 3838 quandiu
2446 3766 2516 3822 ibi
2544 3764 2747 3821 fuimus
2791 3779 2898 3819 non
2936 3771 3022 3819 est
3065 3770 3318 3829 curatus;
3349 3762 3466 3827 sed,
3493 3775 3612 3816 cum
3650 3756 3750 3826 jam

2179 3861 2247 3916 de
2287 3866 2469 3914 castro
2507 3855 2717 3929 egressi
2747 3854 3021 3910 licentiam
3065 3869 3095 3907 a
3137 3852 3335 3924 populo
3363 3852 3571 3922 gratias
3606 3862 3752 3920 agen-

2179 3958 2263 4005 tes
2307 3957 2636 4019 pcteremus,
2670 3955 2723 4002 et
2761 3948 2876 4016 ipse
2914 3960 3012 4001 nos
3038 3960 3160 4001 cum
3186 3944 3381 4000 bacqu
3411 3940 3753 3999 claudicaudo

2185 4049 2638 4111 prosequeretur,
2686 4047 2908 4109 repente
2954 4047 3179 4094 curatus
3217 4035 3469 4092 baculum
3520 4033 3747 4106 projeclt,

2181 4142 2238 4188 et
2268 4134 2335 4188 ad
2384 4131 2648 4189 feretrum
2686 4132 2893 4187 cursim
2927 4131 3170 4196 veniens,
3204 4129 3517 4186 videntibus
3561 4125 3752 4184 cunctis

2184 4226 2439 4292 libenter,
2470 4235 2525 4281 et
2569 4225 2820 4281 hilariter
2868 4225 2997 4279 illud
3037 4224 3398 4295 amplexando
3428 4222 3753 4280 deosculatus

2182 4320 2469 4377 humerum
2496 4320 2800 4390 supposuit,
2829 4327 2883 4376 et
2916 4334 2986 4375 ex
3008 4334 3113 4374 una
3141 4329 3302 4390 parte
3345 4310 3561 4388 longius
3589 4314 3752 4371 nobis—

490 4391 576 4445 vir
597 4392 763 4463 erepit
792 4392 956 4447 rixari
987 4409 1109 4447 cum
1137 4409 1245 4448 uno
1284 4409 1351 4449 ex
1375 4393 1591 4449 famulis
1619 4393 1839 4458 nostris,
1866 4392 2084 4447 nomine
2117 4417 2162 4473 ι)
2188 4428 2312 4470 cum
2341 4412 2669 4483 deportavit.

491 4481 810 4556 IIaganello,
870 4487 963 4555 qui
1012 4494 1129 4540 erat
1174 4501 1243 4540 ex
1314 4484 1517 4539 familia
1571 4485 1754 4539 domui
1818 4484 2081 4540 Guidonis

492 4570 866 4633 Laudunensis
919 4576 1314 4643 archidiaconi,
1368 4577 1553 4632 dicens
1598 4577 1774 4632 adhuc
1819 4576 2081 4631 Arturutn

492 4670 700 4726 vivere.
735 4670 886 4727 Unde
910 4689 1016 4727 non
1051 4688 1220 4742 parvo
1250 4671 1482 4727 tumultu
1517 4683 1729 4739 exorto,
1762 4688 1885 4728 cum
1918 4672 2085 4727 armis

498 4761 781 4817 ecclesiam
810 4760 1027 4818 irruunt
1054 4763 1292 4834 plurimi,
1320 4773 1374 4819 et
1404 4764 1506 4821 nisi
1532 4764 1789 4835 praefatus
1820 4764 2087 4835 Algardus

492 4852 730 4911 Clericus
775 4844 1093 4931 obstitisset,
1127 4872 1265 4926 pene
1314 4872 1488 4926 usque
1518 4856 1585 4911 ad
1632 4855 1918 4927 sanguinis
1948 4853 2085 4909 effu-

497 4949 707 5005 sionem
738 4960 960 5006 ventum
998 4951 1206 5007 fuisset.
1244 4951 1414 5019 Quam
1445 4952 1619 5007 rixam
1654 4967 1841 5007 coram
1886 4951 2089 5007 feretro

498 5034 596 5098 Suo
623 5028 821 5099 factam
853 5044 1126 5101 credimus
1175 5045 1416 5100 Dominae
1468 5053 1667 5099 nostrae
1727 5043 2088 5115 displicuisse,

500 5150 628 5189 nam
677 5136 818 5191 idem
871 5136 959 5191 vir
1013 5153 1233 5191 manum
1287 5137 1493 5191 habens
1535 5136 1743 5191 aridam
1778 5177 1793 5203 ,
1846 5139 1937 5206 qui
1967 5120 2091 5208 'pro

498 5224 701 5282 Arturo
745 5227 1034 5282 tumultum
1060 5227 1287 5295 fecerat,
1318 5227 1605 5283 sanitatem
1634 5242 1740 5282 non
1764 5228 1986 5298 recepit.

572 5339 703 5397 CAP.
743 5340 908 5398 XVII.
938 5372 1007 5414 -ς
1046 5342 1123 5397 De
1170 5342 1346 5413 puella
1392 5360 1550 5399 curva
1600 5344 1741 5414 apud
1791 5352 2023 5399 castrum

966 5413 1370 5483 Bannistaplum
1396 5425 1602 5470 curata.

576 5504 705 5563 Post
724 5507 844 5564 haec
870 5508 1118 5563 venimus
1145 5512 1211 5563 ad
1239 5517 1499 5577 castrum,
1546 5509 1689 5580 quod
1728 5509 1927 5566 dicitur
1953 5508 2096 5565 Ban-

579 5683 694 5755 (56)
734 5685 962 5755 Algarus
991 5697 1215 5741 vocatur
1244 5687 1298 5742 in
1330 5686 1501 5743 Gallia
1530 5688 1862 5746 Christiana.

2221 4504 2351 4561 CAP.
2380 4503 2521 4559 XIX.
2543 4533 2616 4545 —-
2642 4501 2722 4558 De
2754 4502 3082 4628 alioTcllaudo
3117 4513 3305 4559 curato
3335 4502 3480 4575 apud
3511 4510 3723 4556 castrum

2898 4591 2926 4628 ο
2953 4591 3091 4628 enea.

2898 4591 3091 4629 οιεηθδ.

2260 4667 2390 4724 Post
2426 4668 2543 4723 haec
2581 4666 2649 4723 ad
2674 4665 2885 4737 praefati
2920 4665 3182 4736 principis
3208 4664 3367 4721 Joelli
3415 4671 3650 4720 castrum
3675 4674 3755 4712 vc-

2191 4762 2392 4827 nimus,
2425 4760 2567 4830 quod
2596 4760 2833 4814 Totenes
2860 4758 3080 4825 dicitur,
3108 4756 3508 4813 deducentibus
3536 4769 3630 4809 nos
3659 4751 3755 4820 qui-

2191 4854 2417 4910 busdam
2442 4868 2507 4908 ex
2534 4851 2844 4907 hominibus
2876 4848 3012 4920 ejus,
3044 4850 3133 4906 ubi
3167 4849 3469 4906 honorifice
3495 4863 3526 4902 a
3556 4846 3755 4916 quibus-

2194 4945 2319 5000 dam
2360 4942 2641 4998 monachis
2677 4941 2914 5011 suscepti
2948 4939 3125 4995 triduo
3154 4940 3228 4994 ibi
3268 4939 3586 4994 mansimus.
3639 4934 3753 4999 Qui-

2195 5036 2318 5091 dam
2358 5049 2486 5105 ergo
2514 5049 2681 5088 senex
2711 5032 2819 5086 illic
2851 5032 3106 5086 manebat
3142 5047 3171 5085 a
3201 5030 3490 5086 nativitate
3528 5025 3752 5084 claudus,

2194 5139 2245 5184 et
2277 5127 2528 5183 onmibus
2559 5134 2746 5192 notus,
2776 5135 2835 5180 ut
2876 5133 3003 5196 pote
3036 5124 3312 5195 praepositi
3342 5123 3581 5195 ejusdem
3611 5116 3754 5176 castri

2197 5236 2505 5292 germanus.
2551 5219 2670 5285 llic,
2702 5219 2900 5273 auditis
2926 5217 3203 5273 miraculis
3245 5231 3367 5287 quae
3392 5215 3609 5279 ﬁebant,
3648 5224 3754 5267 cum

2198 5311 2305 5366 fide
2333 5320 2387 5367 et
2441 5310 2611 5366 multa
2665 5310 2951 5365 devotione
2995 5310 3060 5364 ad
3106 5308 3368 5364 feretrum
3412 5307 3579 5372 venit,
3606 5313 3656 5360 et
3698 5318 3755 5356 ex

2199 5419 2338 5474 aqua
2390 5406 2682 5461 lavationis
2723 5405 3079 5475 reliquiarum
3147 5402 3359 5469 bibens,
3409 5417 3580 5473 eaque
3634 5398 3757 5454 lotus

2198 5497 2448 5570 protinus
2486 5513 2667 5552 coram
2719 5497 2922 5568 populo
2957 5504 3038 5551 est
3067 5503 3302 5551 erectus.
3355 5494 3506 5563 Quod
3550 5495 3754 5548 miracu-
