1991 3173
112 191 166 221 985

453 191 629 221 HERMANNI
648 193 693 221 DE
710 193 826 223 MIRAC.
848 193 877 223 S.
896 193 1015 246 usam
1034 194 1185 224 LAUDUN.
1205 212 1240 217 —
1253 194 1316 225 LIB.
1331 194 1365 225 Il.
1399 182 1404 186 Ι

1684 198 1739 229 986

113 250 170 278 lum
191 249 217 289 in
236 253 311 277 tanta
331 250 505 278 veneratione
521 255 561 291 est
575 251 695 279 habitum
710 256 740 279 ut
759 245 901 280 confestim
916 245 940 282 Α
954 253 1068 281 tiatores
1081 253 1145 281 illuc
1162 254 1340 294 adduxerunt.
1357 255 1411 283 Nos
1431 263 1496 291 ergo
1507 263 1522 283 a
1540 255 1650 285 clericis
1663 256 1736 293 ejus-

114 301 260 330 germanus
280 292 338 329 ejus
356 291 445 329 ipsius
478 294 561 321 castri
589 294 749 329 praepositus
774 296 807 322 ad
830 296 901 323 fere-

115 331 399 392 trumv'quadpa‘ginta
422 339 526 368 solidos
548 340 668 377 Anglican
695 332 810 370 moueue
822 342 903 370 obtu-‘

114 379 194 427 lerit,
223 379 399 430 inlinittisque
416 387 530 430 populus
548 390 610 423 post
627 395 688 416 eum
714 387 798 416 multa
826 388 903 416 addi-

116 424 202 476 derit,
243 427 255 434 "
287 424 324 436 ’ί
392 434 396 436 ’
434 425 464 437 ³”
662 432 663 435 “
854 432 855 436 “

274 503 309 509 -
324 487 363 523 De
376 488 491 529 mirabili
503 488 726 529 vindiclqjlzidem
739 489 811 525 facta
825 497 904 526 super

361 532 393 563 eo
403 525 448 558 qui
463 532 490 552 se
507 525 651 560 suspendit.

151 569 205 598 Sed
226 577 291 599 ecce
315 568 436 598 terribile
449 567 621 600 miraculum
647 571 779 607 sequitur,
799 572 871 607 quod
886 579 902 599 a

116 620 236 652 tempore
257 615 332 645 Iudae
349 616 496 651 proditoris
520 626 582 645 raro
610 618 756 654 contigisse
776 611 907 654 legimus:

114 659 187 690 Tres
208 661 342 697 siquidem
365 659 478 697 juvenes
499 662 619 697 ejusdem
643 664 786 697 territorii,
809 663 902 691 carnis

114 707 348 743 consanguinitate
371 708 405 735 ad
440 708 556 736 invicem
581 709 741 745 propinqui,
779 709 902 739 videntes

115 756 222 780 tantam
256 752 399 787 pecuniam
427 753 460 780 ad
498 753 628 782 feretrum
659 754 779 788 deferri,
812 755 902 795 detra-

115 797 182 825 here
204 797 282 825 nobis
302 803 453 833 coeperunt,
479 799 598 828 dicentes
614 808 664 828 nos
682 807 803 836 quaestus
820 808 901 830 causa

114 843 228 879 magicis
272 843 375 871 artibus
409 843 472 872 talia
507 844 597 873 facere
636 846 778 874 ntiracula.
818 846 901 881 Quo-

114 897 176 917 rum
202 897 270 917 unus
293 889 374 927 alios,
399 890 467 919 duos
498 891 657 920 exhortatur
698 897 728 920 ut
753 900 843 921 secum
867 894 900 921 ad

953 298 1013 338 dem
1037 299 1120 326 castri
1136 305 1275 335 gratanter
1293 301 1422 337 suscepti,
1445 302 1639 339 audientesque
1654 311 1737 332 naves

953 343 1052 385 multas
1067 344 1221 384 advenisse,
1239 348 1324 382 gavisi
1346 356 1394 375 nos
1410 349 1585 377 emcndarum
1604 344 1737 378 novarum

952 388 1068 419 vestium
1089 393 1318 432 opportunitatem
1342 394 1487 429 invenisse,
1508 395 1541 423 ad
1562 401 1669 431 portum
1690 396 1739 425 de-

952 437 1117 479 scendimus,
1139 446 1275 474 navesque
1298 439 1467 481 introgressi,
1493 445 1594 468 tantam
1618 442 1737 470 varieta-

953 476 1007 524 tem
1021 483 1195 524 diversarum.
1206 484 1336 523 mercium
1350 476 1492 522 diligenter
1502 491 1528 514 et
1542 488 1629 523 avide,
1645 493 1739 524 utpote

953 519 1081 571 novitatis
1111 519 1235 576 videndae
1258 530 1372 564 curiosi,
1395 533 1634 567 perspiciebamus.
1661 529 1738 568 Quod

952 582 1066 616 cernens
1085 575 1184 612 hospes
1207 581 1311 616 noster,
1332 577 1449 605 innotuit
1465 577 1543 606 nobis
1559 581 1737 608 consuetudi-

952 612 1248 649 nem-Hibernentium
1271 622 1469 658 negotiatorum
1495 631 1556 651 esse
1576 619 1605 652 ut
1632 625 1739 661 ignotos

952 666 1076 695 homines
1093 667 1202 696 incaute
1215 676 1303 697 naves
1311 677 1374 697 suas
1396 669 1590 706 introgressos,
1608 671 1700 700 subito
1712 676 1741 699 et

952 711 1108 747 improvise,
1130 714 1245 742 navibus
1267 722 1282 742 a
1298 714 1389 743 littore
1409 716 1555 751 propulsis,
1580 716 1614 745 ad
1628 721 1750 745 exteras‘

990 759 1076 786 tiones
1101 759 1330 802 transvehebant,
1357 763 1389 802 et:
1409 760 1534 790 barbaris
1561 763 1736 796 vendebant,

952 798 1111 840 nionuitque
1127 804 1157 833 ut
1177 798 1210 833 ab
1224 798 1318 834 eorum
1341 798 1447 835 insidiis
1474 815 1648 836 caveremus.
1673 809 1740 843 Sed,

951 857 1013 878 cum
1042 850 1107 887 ejus
1123 851 1234 893 monita,
1250 852 1497 894 paryinendgntes.
1519 861 1629 893 rursum
1655 862 1740 882 naves

952 893 1127 930 frequentare
1156 904 1209 925 non
1236 897 1443 930 omitteremus.
1460 905 1525 927 ecce
1548 899 1664 934 benigna
1691 898 1740 927 Dei

114 934 345 971 feretrum'eant,
372 935 583 971 simulantesque
621 945 650 965 se
681 937 744 965 illud
769 938 898 974 osculari,
914 929 1099 968 IiGenitricis
1124 941 1297 976 provisione,
1329 942 1453 978 sequenti
1483 939 1563 971 nocte
1592 929 1649 972 ’ήδη
1676 944 1741 972 dor-

114 979 194 1016 541
209 980 242 1007 de
255 979 373 1008 nummis
389 988 469 1016 super
490 981 575 1009 altare
588 982 683 1017 positis
700 990 748 1010 ora
766 991 815 1011 sua
833 983 901 1011 lam-

114 1025 203 1053 bendo
223 1025 355 1070 repleant,
379 1027 566 1070 A‘bnuentibus
591 1027 643 1056 illis
668 1033 771 1057 tantum
793 1030 900 1068 facinus

113 1076 271 1107 perpetrare
288 1067 465 1111 sanctamque
488 1074 593 1102 Domini
613 1074 726 1103 Matrem
747 1076 900 1110 offendere,

113 1118 233 1152 perﬁdus
250 1118 295 1146 ille
314 1124 403 1155 coepta
427 1120 577 1155 persistens
604 1120 631 1148 in
652 1121 767 1155 malitia,
790 1122 901 1151 dimisso

113 1164 188 1193 foras
213 1172 283 1201 equo
311 1166 354 1193 cui
390 1166 518 1200 sedebat,
549 1167 692 1195 ecclesiam
716 1168 839 1205 intravit,
869 1168 902 1196 ad

113 1210 245 1239 feretrum
271 1212 353 1245 venit,
378 1212 563 1248 simulansque
589 1221 619 1242 se
647 1214 712 1246 illud
739 1221 902 1243 veneranter

115 1255 277 1289 deosculari,
300 1257 333 1284 de
356 1264 454 1286 acervo
471 1266 642 1287 nummorum
666 1264 796 1295 quantum
816 1261 903 1297 potuit

115 1309 164 1329 ore
185 1302 286 1338 rapuit,
307 1307 335 1330 et
356 1304 482 1345 protinus
499 1306 593 1339 exivit,
614 1314 815 1343 conscensoque
833 1317 903 1344 equo

113 1349 203 1376 socios
225 1349 269 1384 qui
291 1356 352 1377 eum
375 1351 599 1392 prrestolabantu‘r
622 1358 756 1388 repetens,
776 1362 903 1384 nummos

113 1402 183 1429 quos
201 1395 328 1430 rapuerat
349 1397 479 1431 ostendit,
495 1406 581 1434 usque
592 1406 686 1427 secum
704 1401 737 1428 ad
751 1402 903 1436 proximam

115 1440 256 1468 tabernam
271 1440 344 1469 irent
360 1447 482 1477 potatum
502 1444 636 1482 invitavit.
667 1445 902 1481 Respondentibus

113 1485 169 1513 illis
184 1494 214 1514 se
228 1488 337 1522 quidem
351 1495 411 1516 cum
426 1497 458 1517 eo
473 1482 570 1523 ituros,
590 1490 637 1519 sed
653 1492 686 1520 de
698 1493 743 1520 tali
757 1493 831 1522 furto
846 1502 900 1521 non

113 1533 262 1569 hibituros,
293 1535 377 1564 miser
395 1536 440 1564 ille
464 1537 603 1565 tabernam
626 1538 740 1573 introiit,
763 1544 800 1575 et,
823 1544 903 1576 prout

113 1579 211 1614 libuit,
242 1582 358 1611 satiatus
383 1583 459 1622 exiit.
486 1583 583 1612 Postea
610 1584 648 1612 illi
675 1586 727 1613 duo
748 1586 783 1614 ad
810 1587 901 1622 populi

114 1633 277 1656 conventum
304 1619 431 1672 redeuut;
455 1625 557 1669 infelix
584 1631 648 1660 vero
672 1632 729 1667 ille,
752 1641 901 1663 conscenso

113 1680 195 1707 equo,
215 1674 319 1703 caelesti
333 1675 451 1704 vindicta
466 1684 527 1704 eum
542 1684 732 1714 persequente,
750 1681 903 1715 proximam

114 1719 229 1753 silvam,
255 1726 326 1756 quae
343 1718 388 1750 vix
415 1719 529 1751 dimidio
555 1723 683 1753 milliario
706 1726 800 1760 procul
827 1731 902 1760 erat,

115 1766 241 1800 expetiit,
262 1771 388 1803 resteque
409 1767 481 1796 linea
502 1769 571 1797 collo
589 1778 639 1798 suo
659 1770 858 1810 circumligata,
876 1772 903 1800 in

113 1811 198 1839 unius
211 1813 317 1841 arboris
334 1821 408 1842 ramo
421 1822 449 1842 se
462 1816 611 1851 suspendit.
625 1816 717 1850 Equus
731 1818 774 1845 cui
794 1818 903 1849 insede-

116 1863 172 1892 rat,
185 1866 285 1887 vacuus
302 1860 335 1888 ad
347 1861 473 1896 populum
493 1863 610 1897 rediens,
627 1864 725 1891 mirum
739 1864 905 1894 intuentibus

115 1909 253 1940 stuporem
279 1906 405 1941 praebuit.
433 1908 532 1936 Statim
558 1909 665 1945 praefati
696 1910 749 1938 duo
770 1911 903 1946 juvenes,

116 1954 318 1986 compa‘ris‘sui
335 1955 456 1988 'équ'um'
467 1955 720 1991 recognoscentes;
737 1956 771 1985 et
789 1956 856 1993 quid
880 1959 906 1986 ei

116 1997 278 2033 contigisset
286 1998 462 2037 admirantes,
479 2002 526 2029 sed
537 2003 688 2031 nescientes
701 2004 763 2038 equi
777 2005 902 2041 vestigia,

116 2043 313 2077 perscrutando
330 2048 357 2071 et
379 2045 478 2073 cursim
494 2048 679 2083 prosequendo
691 2048 723 2076 ad
743 2048 838 2078 silvam
855 2058 902 2078 ce-

117 2087 212 2116 leriter
237 2095 427 2125 pervenerunt,
448 2099 563 2128 eumque
588 2099 661 2121 reste
683 2102 855 2130 suspensum,
878 2100 907 2124 et

112 2133 169 2169 jam
185 2140 322 2163 mortuum
336 2136 506 2166 invenerunt.
531 2139 701 2175 Deponentes
720 2146 811 2169 autem
831 2150 905 2177 eum,

116 2184 145 2207 et
168 2182 355 2217 marsupium,
376 2183 446 2217 quod
470 2184 503 2211 ad
528 2184 587 2219 ejus
610 2185 728 2213 balteum
750 2188 905 2221 pendebat,

117 2226 266 2261 solventes,
294 2236 418 2256 nummos
441 2236 509 2264 quos
528 2236 667 2265 rapuerat,
692 2232 780 2261 adhuc
803 2234 905 2262 recenti

117 2272 203 2300 saliva
217 2273 273 2302 oris
286 2274 345 2310 ejus
360 2274 483 2309 infectos,
499 2282 667 2312 repererunt.
686 2278 762 2313 Quod
782 2281 904 2316 protinus
919 2288 944 2318 ι)

118 2327 182 2348 cum
197 2320 316 2349 maximo
339 2321 412 2349 luctu
429 2323 462 2350 ad
485 2322 613 2351 feretrum
629 2330 803 2360 reportantes
825 2334 906 2362 super

119 2366 208 2395 altare
224 2373 414 2402 reposuerunt,
434 2373 566 2405 terraeque
586 2371 727 2406 prostrati,
746 2376 772 2399 et
794 2379 843 2407 pro
858 2373 907 2400 de-

119 2412 208 2441 functi
223 2413 330 2448 cognati
346 2414 387 2442 sui
404 2414 493 2442 anima
515 2416 730 2445 misericordiam
746 2423 846 2445 sanctae
861 2418 907 2446 Dei

117 2458 264 2488 Gcnitricis
293 2460 487 2495 implorantes,
517 2469 607 2489 coram
640 2463 775 2491 universis
803 2462 907 2491 facinus

118 2506 191 2541 quod
218 2506 303 2534 miser
323 2511 526 2542 perpetraverat
546 2508 706 2535 retulerunt.
726 2509 835 2537 Videres
857 2517 906 2545 po-

117 2551 174 2587 puli
190 2556 314 2580 catervas
325 2552 420 2580 ,audito
434 2556 510 2580 tanto
525 2553 629 2581 scelere
641 2558 791 2589 stupentes,
808 2560 834 2583 et
857 2563 906 2590 pro

119 2602 175 2625 tam
194 2598 275 2627 celeri
299 2599 420 2627 vindicta
440 2604 550 2635 pectora
564 2608 612 2628 sua
637 2601 774 2629 tundendo
790 2602 906 2630 ubertim

118 2644 255 2680 lacrymas
265 2645 431 2674 emittentes.

117 2699 184 2728 Car.
199 2699 270 2728 XXI.
281 2716 318 2737 :—
328 2701 368 2729 De
378 2701 532 2737 liberatione
549 2701 704 2729 clericorum
725 2710 772 2737 per
790 2707 908 2731 sanctam

274 2736 391 2764 Mariam
407 2736 477 2772 apud
489 2741 604 2764 castrum
617 2736 755 2765 Bristolth.

156 2781 222 2810 .nde
233 2783 358 2811 venimus
374 2782 408 2810 ad
423 2782 599 2811 fortissimum
614 2783 679 2812 illud
693 2788 823 2818 castrum,
839 2785 909 2820 quod

119 2834 234 2857 vocatur
253 2830 395 2863 Bristolth,
412 2829 484 2865 quod
507 2838 605 2866 magno
620 2831 729 2858 flumine
757 2832 905 2859 circumda-

119 2880 176 2908 tur,
195 2883 244 2911 pcr
267 2876 338 2911 quod
364 2877 517 2905 maritimas
532 2884 614 2905 naves
631 2877 664 2904 dc
688 2877 796 2905 Ibernia
820 2877 907 2905 insula

121 2922 207 2951 variis
220 2923 357 2951 mercibus
369 2927 492 2959 onustas,
518 2929 581 2952 tunc
596 2931 676 2956 quam
692 2923 801 2959 plurimi
824 2931 906 2959 nego-

955 985 1073 1019 miendo,
1092 986 1140 1014 sed
1166 986 1311 1032 vigilando,
1324 986 1507 1032 commonitus
1528 993 1570 1027 est
1594 988 1666 1032 ἱρείη
1691 989 1740 1016 bo-

953 1039 1017 1066 spes
1043 1036 1136 1060 noster
1162 1032 1245 1067 nobis
1259 1029 1349 1061 dicere
1377 1031 1412 1069 "ne
1436 1029 1659 1070 ulterius-paves
1679 1034 1740 1062 illas

955 1070 1169 1113 ingrederemur,
1194 1078 1342 1113 quoniam,
1363 1079 1386 1107 si
1406 1074 1467 1115 quis
1486 1079 1530 1107 illa
1557 1080 1608 1121 die
1621 1079 1739 1115 aliquam

956 1123 1065 1152 illarum
1091 1125 1221 1159 intraret,
1247 1125 1350 1161 absque
1369 1121 1441 1169 omni
1463 1126 1545 1175 dpbio
1567 1127 1741 1168 seiprotiuus

953 1171 1182 1200 trausducendum
1204 1177 1231 1201 et
1245 1173 1378 1210 barbaris,
1392 1167 1473 1201 sciret
1484 1167 1739 1211 ‘esse'vendendum.

952 1216 1029 1250 Quod
1049 1225 1109 1245 cum
1125 1218 1203 1245 nobis
1217 1226 1297 1246 mane
1316 1218 1388 1246 facto
1403 1217 1582 1254 jurejurando
1595 1217 1743 1246 'notiﬁcas~

952 1266 1004 1293 set.
1025 1269 1076 1289 nos
1096 1262 1238 1290 credentes
1257 1263 1329 1297 quod
1339 1258 1528 1304 verumerat,
1549 1262 1737 1313 misericordia

953 1308 1058 1336 scilicet
1074 1308 1195 1336 Domime
1217 1312 1318 1336 nostrae
1332 1316 1382 1336 nos
1403 1308 1487 1347 fuisse
1500 1304 1683 1351 praemonitos,
1706 1308 1740 1336 ad

953 1361 1036 1381 naves
1068 1353 1183 1381 ulterius
1199 1361 1253 1382 non
1269 1349 1451 1389 ascendimus,
1465 1354 1519 1388 sed.
1528 1349 1628 1390 emptis
1648 1361 1743 1382 neces-

951 1398 1032 1427 sariis
1052 1399 1238 1427 discessimus.
1433 1399 1437 1402 ”
1516 1400 1522 1404 ⁷
1594 1399 1606 1403 ”

988 1454 1051 1483 Car.
1073 1453 1155 1482 XXII.
1167 1470 1202 1475 —
1215 1454 1254 1483 De
1273 1463 1363 1496 puero.
1377 1459 1474 1494 satiate,
1493 1455 1580 1494 apud,
1591 1454 1705 1491 Begeam

1274 1496 1418 1527 anitatem,

987 1535 1052 1565 Inde
1067 1536 1192 1564 venimus
1209 1536 1242 1563 ad
1254 1537 1369 1569 'urbem,
1387 1544 1448 1571 quae
1462 1535 1549 1572 Begea
1574 1535 1678 1572 (Belga)
1694 1544 1742 1564 vo-

953 1585 1049 1616 catur,
1076 1586 1103 1609 et
1130 1582 1281 1610 honoriﬁce
1305 1582 1340 1610 ab
1369 1577 1497 1619 episcopo
1522 1583 1686 1619 elerieisque
1711 1591 1743 1611 ac

954 1627 1095 1655 monachis
1109 1628 1228 1663 suscepti
1245 1636 1349 1656 sumus.
1367 1622 1472 1667 ln‘ipsa
1492 1621 1584 1667 autem
1602 1623 1669 1656 urbe
1681 1633 1744 1656 sunt

953 1673 1050 1702 balnea
1072 1674 1169 1707 calida,
1183 1682 1243 1710 quas
1263 1675 1297 1703 ab
1311 1674 1372 1702 aliis
1385 1675 1499 1702 thermae
1513 1678 1653 1702 vocantur.
1673 1674 1745 1702 Puer

953 1721 1063 1756 quidam
1090 1721 1231 1756 duodenis,
1252 1722 1347 1750 eadem
1370 1721 1414 1749 die
1436 1721 1569 1749 adventus
1595 1720 1680 1748 nostri
1702 1720 1742 1748 la-

954 1767 1035 1794 vandi
1069 1766 1151 1795 causa
1183 1775 1245 1795 cum
1275 1767 1357 1796 sociis
1391 1767 1448 1795 suis
1477 1763 1587 1805 easdem
1609 1767 1744 1794 thermas

955 1813 1104 1849 ingressus,
1128 1813 1177 1841 sed
1197 1813 1288 1841 minus
1308 1818 1397 1846 caute.
1413 1809 1466 1841 sibi
1486 1809 1642 1849 providens,
1665 1820 1742 1847 aquae

954 1860 1067 1888 calentis
1078 1860 1248 1888 vehementia
1260 1860 1417 1896 depressus,
1433 1867 1519 1895 ttsque
1539 1859 1566 1887 in
1581 1858 1743 1894 profundum

955 1908 1124 1935 thermarum
1136 1912 1179 1935 est
1194 1907 1362 1935 submersus.
1383 1907 1461 1936 Unde
1484 1911 1574 1934 tamen
1590 1913 1605 1933 a
1621 1905 1742 1941 parenti-

955 1953 1005 1982 bus
1024 1955 1207 1982 ext‘ractus’et
1219 1956 1286 1982 c‘um"
1295 1953 1369 1981 luctu
1381 1954 1491 1981 domum
1500 1952 1617 1985 relatus,
1631 1950 1744 1978 ‘v‘ttalem

956 1999 1080 2034 spiritum
1091 2000 1147 2035 jam
1172 1999 1294 2027 funditus
1309 1999 1435 2028 emisisse
1452 2006 1467 2026 a
1487 1997 1578 2026 multis
1592 1996 1744 2025 dicebatur.

956 2043 1010 2073 Sed
1040 2045 1141 2080 auditis
1166 2046 1307 2073 miraculis
1339 2045 1460 2072 Dominae
1490 2048 1604 2075 nostrae,
1631 2042 1664 2069 ad
1686 2041 1746 2075 ejus

955 2081 1091 2119 feretrum
1110 2081 1172 2119 cum
1189 2087 1284 2118 ‘nulta
1306 2090 1369 2118 ﬁdei
1388 2089 1532 2118 devotione
1553 2095 1614 2115 eum
1642 2085 1747 2114 detule-

955 2140 1029 2164 runt.
1053 2135 1107 2163 Nos
1123 2143 1188 2172 ergo
1208 2130 1338 2163 videntes
1356 2141 1454 2169 corpus
1465 2133 1523 2168 jam
1541 2132 1745 2167 refrigeratum,

958 2183 1026 2210 duos
1044 2182 1122 2217 ignes
1140 2182 1210 2215 ﬁeri,
1229 2186 1257 2209 et
1277 2181 1304 2208 in
1324 2180 1413 2208 medio
1426 2187 1520 2207 eorum
1539 2181 1650 2214 propter
1674 2176 1744 2204 reri-

956 2227 1070 2264 piandos
1090 2227 1196 2255 calores
1219 2227 1283 2254 illud
1301 2226 1445 2262 suspendi,
1467 2225 1502 2252 ita
1522 2229 1552 2251 ut
1570 2224 1651 2258 eaput
1673 2222 1744 2251 infc-

958 2274 1025 2306 rius,
1037 2273 1119 2308 pedes
1136 2280 1203 2300 vero
1220 2272 1369 2308 penderent
1382 2271 1515 2307 superius,
1531 2269 1629 2297 deinde
1644 2276 1675 2296 os
1687 2267 1746 2302 cjus

958 2319 1059 2355 aperiri
1074 2319 1232 2354 lignumque
1242 2325 1355 2353 parvum
1371 2317 1442 2344 inter
1455 2315 1611 2352 superiores
1627 2319 1655 2343 et
1675 2314 1745 2342 infe-

959 2366 1046 2393 riores
1068 2365 1163 2392 dentes
1181 2364 1244 2400 poni
1266 2363 1390 2391 fecimus.
1410 2362 1469 2396 Quo
1490 2362 1572 2396 facto,
1603 2365 1631 2389 et
1661 2361 1746 2389 multa

959 2419 1037 2447 aquae
1050 2410 1216 2438 abundantia
1235 2410 1364 2443 evomita,
1385 2417 1484 2444 corpus
1505 2409 1560 2445 jam
1580 2407 1746 2436 sufficienter

958 2457 1119 2486 calefactum
1145 2457 1297 2492 deponitur,
1318 2460 1346 2484 et
1370 2455 1404 2483 ad
1424 2456 1553 2483 feretrum
1576 2454 1745 2490 deportatur,

959 2512 1026 2540 aqua
1049 2505 1164 2532 lotarum
1188 2503 1365 2539 reliquiarum
1390 2503 1518 2533 abluitur,
1543 2501 1571 2528 in
1598 2508 1646 2528 ore
1666 2500 1747 2527 etiam

959 2551 1016 2586 ejus
1031 2550 1227 2586 aliquantulum
1244 2558 1276 2579 ex
1294 2558 1325 2578 ea
1341 2549 1499 2578 distillatur.
1512 2547 1568 2575 Nec
1583 2554 1670 2580 mora,
1685 2553 1749 2573 ecce

959 2605 1036 2633 puer,
1061 2597 1117 2624 Deo
1132 2596 1290 2629 miserante,
1315 2604 1368 2624 non
1396 2595 1483 2623 solum
1508 2593 1605 2629 spiritu
1627 2594 1747 2626 recepto,

960 2644 1007 2672 sed
1029 2643 1112 2671 etiam
1141 2643 1246 2679 integra
1266 2643 1383 2670 sanitate
1404 2642 1562 2674 subsecuta,
1587 2639 1666 2668 laetus
1686 2645 1747 2666 cum

961 2691 1117 2726 parentibus
1132 2690 1189 2718 suis
1202 2690 1310 2718 domum
1326 2688 1407 2717 rediit

998 2737 1080 2765 Multa
1097 2742 1161 2766 sunt
1179 2741 1208 2765 et
1228 2736 1282 2763 alia
1300 2734 1442 2768 miracula,
1455 2742 1515 2771 qua:
1532 2734 1560 2763 in
1573 2732 1671 2771 Anglia
1685 2732 1750 2761 fecit

962 2784 1076 2812 Domina
1096 2787 1201 2818 nostra,
1221 2782 1300 2811 nobis
1321 2782 1508 2815 cernentibus,
1523 2790 1582 2818 quae
1591 2779 1749 2817 singillatim

965 2831 1043 2859 facile
1057 2839 1110 2859 non
1128 2834 1220 2865 posset
1233 2830 1370 2865 explicare
1382 2829 1526 2864 cujuslibet
1537 2828 1671 2856 facundia.
1687 2826 1749 2853 Ilmc

963 2885 1027 2906 vero
1054 2878 1087 2905 de
1112 2876 1234 2913 pluribus
1253 2875 1333 2911 542
1353 2882 1438 2911 pauca
1462 2882 1588 2902 narrasse
1609 2872 1723 2901 sufﬁciat
1739 2890 1748 2903 ,

964 2931 1034 2958 quae,
1049 2927 1118 2953 teste
1132 2922 1189 2951 Deo
1203 2921 1261 2957 ejus
1274 2920 1354 2956 Filio,
1371 2921 1430 2950 sine
1443 2921 1496 2949 ulla
1522 2919 1641 2948 falsitate
1655 2916 1750 2947 retuli-
