  <div class='ocr_page' id='page_1' title='image "/cluster/home/n/w/nwhite01/storage/ocr_20150623/156/hvd.32044010683712/499.png"; bbox 0 0 4018 6324; ppageno 0'>
   <div class='ocr_carea' id='block_1_1' title="bbox 560 285 665 344">
    <p class='ocr_par' dir='ltr' id='par_1_1' title="bbox 560 285 665 344">
     <span class='ocr_line' id='line_1_1' title="bbox 560 285 665 344; baseline -0.048 0"><span class='ocrx_word' id='word_1_1' title='bbox 560 285 665 344; x_wconf 82' lang='grc'><strong>987</strong></span> 
     </span>
    </p>
   </div>
   <div class='ocr_carea' id='block_1_2' title="bbox 1415 286 2214 352">
    <p class='ocr_par' dir='ltr' id='par_1_2' title="bbox 1415 286 2214 346">
     <span class='ocr_line' id='line_1_2' title="bbox 1415 286 2214 346; baseline 0.001 -1"><span class='ocrx_word' id='word_1_2' title='bbox 1415 287 1710 345; x_wconf 80' lang='grc' dir='ltr'><strong>ΑΡΡΕΝΙ).</strong></span> <span class='ocrx_word' id='word_1_3' title='bbox 1743 288 1838 346; x_wconf 85' lang='lat' dir='ltr'><strong>AD</strong></span> <span class='ocrx_word' id='word_1_4' title='bbox 1874 286 2004 344; x_wconf 86' lang='lat' dir='ltr'><strong>LIB.</strong></span> <span class='ocrx_word' id='word_1_5' title='bbox 2035 287 2101 343; x_wconf 92' lang='lat' dir='ltr'><strong>llI</strong></span> <span class='ocrx_word' id='word_1_6' title='bbox 2137 287 2214 346; x_wconf 85' lang='lat' dir='ltr'><strong>Gl</strong></span> 
     </span>
    </p>
   </div>
   <div class='ocr_carea' id='block_1_3' title="bbox 2240 286 3778 352">
    <p class='ocr_par' dir='ltr' id='par_1_3' title="bbox 2240 286 3778 352">
     <span class='ocr_line' id='line_1_3' title="bbox 2240 286 3778 352; baseline 0.005 -8"><span class='ocrx_word' id='word_1_7' title='bbox 2240 286 2466 344; x_wconf 81' lang='lat' dir='ltr'><strong>IBEBTI</strong></span> <span class='ocrx_word' id='word_1_8' title='bbox 2496 287 2587 346; x_wconf 88' lang='lat' dir='ltr'><strong>DE</strong></span> <span class='ocrx_word' id='word_1_9' title='bbox 2624 287 2786 346; x_wconf 78' lang='lat' dir='ltr'><strong>Vl&#39;I‘A</strong></span> <span class='ocrx_word' id='word_1_10' title='bbox 2814 287 2970 346; x_wconf 84' lang='lat' dir='ltr'><strong>SUA.</strong></span> <span class='ocrx_word' id='word_1_11' title='bbox 3701 291 3778 352; x_wconf 85' lang='lat'><strong>988</strong></span> 
     </span>
    </p>
   </div>
   <div class='ocr_carea' id='block_1_4' title="bbox 563 398 3778 480">
    <p class='ocr_par' dir='ltr' id='par_1_4' title="bbox 563 398 3778 480">
     <span class='ocr_line' id='line_1_4' title="bbox 563 398 3778 480; baseline 0.001 -20"><span class='ocrx_word' id='word_1_12' title='bbox 563 419 689 460; x_wconf 90' lang='lat' dir='ltr'><strong>mus</strong></span> <span class='ocrx_word' id='word_1_13' title='bbox 709 403 1027 462; x_wconf 78' lang='lat' dir='ltr'><strong>narratione</strong></span> <span class='ocrx_word' id='word_1_14' title='bbox 1046 406 1415 464; x_wconf 90' lang='lat' dir='ltr'><strong>veracissima.</strong></span> <span class='ocrx_word' id='word_1_15' title='bbox 1442 406 1597 464; x_wconf 89' lang='lat' dir='ltr'><strong>Nunc</strong></span> <span class='ocrx_word' id='word_1_16' title='bbox 1615 422 1748 464; x_wconf 91' lang='lat' dir='ltr'><strong>vero</strong></span> <span class='ocrx_word' id='word_1_17' title='bbox 1773 422 2030 480; x_wconf 81' lang='lat' dir='ltr'><strong>rogamus</strong></span> <span class='ocrx_word' id='word_1_18' title='bbox 2051 421 2150 463; x_wconf 90' lang='lat' dir='ltr'><strong>vos</strong></span> <span class='ocrx_word' id='word_1_19' title='bbox 2179 407 2227 467; x_wconf 75' lang='grc' dir='ltr'>Α</span> <span class='ocrx_word' id='word_1_20' title='bbox 2251 407 2494 478; x_wconf 75' lang='lat' dir='ltr'><strong>exceptis</strong></span> <span class='ocrx_word' id='word_1_21' title='bbox 2528 406 2779 475; x_wconf 92' lang='lat' dir='ltr'><strong>cortinis,</strong></span> <span class='ocrx_word' id='word_1_22' title='bbox 2815 413 2872 462; x_wconf 90' lang='lat' dir='ltr'><strong>et</strong></span> <span class='ocrx_word' id='word_1_23' title='bbox 2900 404 3022 461; x_wconf 92' lang='lat' dir='ltr'><strong>aliis</strong></span> <span class='ocrx_word' id='word_1_24' title='bbox 3049 398 3443 460; x_wconf 74' lang='lat' dir='ltr'><strong>ecclesiasticis</strong></span> <span class='ocrx_word' id='word_1_25' title='bbox 3479 406 3778 474; x_wconf 78' lang='lat' dir='ltr'><strong>ornamentis,</strong></span> 
     </span>
    </p>
   </div>
   <div class='ocr_carea' id='block_1_5' title="bbox 459 494 2150 570">
    <p class='ocr_par' dir='ltr' id='par_1_5' title="bbox 459 494 2150 570">
     <span class='ocr_line' id='line_1_5' title="bbox 459 494 2150 570; baseline 0.003 -21"><span class='ocrx_word' id='word_1_26' title='bbox 459 503 462 507; x_wconf 86' lang='lat'>&#39;</span> <span class='ocrx_word' id='word_1_27' title='bbox 563 494 706 550; x_wconf 87' lang='lat' dir='ltr'><strong>sicut</strong></span> <span class='ocrx_word' id='word_1_28' title='bbox 729 495 929 552; x_wconf 80' lang='lat' dir='ltr'><strong>fratres</strong></span> <span class='ocrx_word' id='word_1_29' title='bbox 941 506 996 552; x_wconf 89' lang='lat' dir='ltr'><strong>et</strong></span> <span class='ocrx_word' id='word_1_30' title='bbox 1011 497 1280 568; x_wconf 88' lang='lat' dir='ltr'><strong>dominos,</strong></span> <span class='ocrx_word' id='word_1_31' title='bbox 1296 507 1462 570; x_wconf 91' lang='lat' dir='ltr'><strong>atque</strong></span> <span class='ocrx_word' id='word_1_32' title='bbox 1483 499 1886 556; x_wconf 88' lang='lat' dir='ltr'><strong>concanouicos</strong></span> <span class='ocrx_word' id='word_1_33' title='bbox 1910 509 2150 568; x_wconf 88' lang='lat' dir='ltr'><strong>nostros,</strong></span> 
     </span>
    </p>
   </div>
   <div class='ocr_carea' id='block_1_6' title="bbox 564 594 2150 663">
    <p class='ocr_par' dir='ltr' id='par_1_6' title="bbox 564 594 2150 663">
     <span class='ocr_line' id='line_1_6' title="bbox 564 594 2150 663; baseline 0.004 -20"><span class='ocrx_word' id='word_1_34' title='bbox 564 601 798 659; x_wconf 90' lang='lat' dir='ltr'><strong>quorum</strong></span> <span class='ocrx_word' id='word_1_35' title='bbox 842 601 1115 661; x_wconf 82' lang='lat' dir='ltr'><strong>praecepto</strong></span> <span class='ocrx_word' id='word_1_36' title='bbox 1160 607 1310 648; x_wconf 90' lang='lat' dir='ltr'><strong>mare</strong></span> <span class='ocrx_word' id='word_1_37' title='bbox 1360 602 1722 661; x_wconf 71' lang='lat' dir='ltr'><strong>transeuntes,</strong></span> <span class='ocrx_word' id='word_1_38' title='bbox 1771 594 2036 663; x_wconf 88' lang='lat' dir='ltr'><strong>plurimos</strong></span> <span class='ocrx_word' id='word_1_39' title='bbox 2094 594 2150 650; x_wconf 87' lang='lat' dir='ltr'><strong>in</strong></span> 
     </span>
    </p>
   </div>
   <div class='ocr_carea' id='block_1_7' title="bbox 563 681 2153 758">
    <p class='ocr_par' dir='ltr' id='par_1_7' title="bbox 563 681 2153 758">
     <span class='ocr_line' id='line_1_7' title="bbox 563 681 2153 758; baseline 0.004 -21"><span class='ocrx_word' id='word_1_40' title='bbox 563 681 766 738; x_wconf 91' lang='lat' dir='ltr'><strong>itinere</strong></span> <span class='ocrx_word' id='word_1_41' title='bbox 815 683 1030 740; x_wconf 87' lang='lat' dir='ltr'><strong>labores</strong></span> <span class='ocrx_word' id='word_1_42' title='bbox 1073 686 1419 755; x_wconf 83' lang='lat' dir='ltr'><strong>pertulimus,</strong></span> <span class='ocrx_word' id='word_1_43' title='bbox 1471 694 1534 741; x_wconf 93' lang='lat' dir='ltr'><strong>ut</strong></span> <span class='ocrx_word' id='word_1_44' title='bbox 1577 700 1766 742; x_wconf 90' lang='lat' dir='ltr'><strong>eorum</strong></span> <span class='ocrx_word' id='word_1_45' title='bbox 1797 687 2028 754; x_wconf 87' lang='lat' dir='ltr'><strong>animas,</strong></span> <span class='ocrx_word' id='word_1_46' title='bbox 2059 687 2153 758; x_wconf 88' lang='lat' dir='ltr'><strong>qui</strong></span> 
     </span>
    </p>
   </div>
   <div class='ocr_carea' id='block_1_8' title="bbox 561 774 2153 850">
    <p class='ocr_par' dir='ltr' id='par_1_8' title="bbox 561 774 2153 850">
     <span class='ocr_line' id='line_1_8' title="bbox 561 774 2153 850; baseline 0.003 -20"><span class='ocrx_word' id='word_1_47' title='bbox 561 774 722 832; x_wconf 82' lang='lat' dir='ltr'><strong>vobis</strong></span> <span class='ocrx_word' id='word_1_48' title='bbox 751 790 849 845; x_wconf 91' lang='lat' dir='ltr'><strong>per</strong></span> <span class='ocrx_word' id='word_1_49' title='bbox 878 787 979 831; x_wconf 91' lang='lat' dir='ltr'><strong>nos</strong></span> <span class='ocrx_word' id='word_1_50' title='bbox 1009 791 1137 833; x_wconf 89' lang='lat' dir='ltr'><strong>suas</strong></span> <span class='ocrx_word' id='word_1_51' title='bbox 1169 778 1596 835; x_wconf 85' lang='lat' dir='ltr'><strong>transmiserunt</strong></span> <span class='ocrx_word' id='word_1_52' title='bbox 1631 777 2006 850; x_wconf 87' lang='lat' dir='ltr'><strong>eleemosynas</strong></span> <span class='ocrx_word' id='word_1_53' title='bbox 2047 778 2153 835; x_wconf 87' lang='lat' dir='ltr'><strong>Do-</strong></span> 
     </span>
    </p>
   </div>
   <div class='ocr_carea' id='block_1_9' title="bbox 562 867 2148 942">
    <p class='ocr_par' dir='ltr' id='par_1_9' title="bbox 562 867 2148 942">
     <span class='ocr_line' id='line_1_9' title="bbox 562 867 2148 942; baseline 0.003 -20"><span class='ocrx_word' id='word_1_54' title='bbox 562 867 714 923; x_wconf 88' lang='lat' dir='ltr'><strong>mino</strong></span> <span class='ocrx_word' id='word_1_55' title='bbox 750 869 961 939; x_wconf 82' lang='lat' dir='ltr'><strong>piaeque</strong></span> <span class='ocrx_word' id='word_1_56' title='bbox 1007 867 1274 926; x_wconf 87' lang='lat' dir='ltr'><strong>Cenitrici</strong></span> <span class='ocrx_word' id='word_1_57' title='bbox 1317 871 1436 942; x_wconf 89' lang='lat' dir='ltr'><strong>ejus</strong></span> <span class='ocrx_word' id='word_1_58' title='bbox 1476 871 1894 939; x_wconf 90' lang='lat' dir='ltr'><strong>commendetis,</strong></span> <span class='ocrx_word' id='word_1_59' title='bbox 1929 881 1987 928; x_wconf 91' lang='lat' dir='ltr'><strong>et</strong></span> <span class='ocrx_word' id='word_1_60' title='bbox 2028 887 2148 927; x_wconf 92' lang='lat' dir='ltr'><strong>om-</strong></span> 
     </span>
    </p>
   </div>
   <div class='ocr_carea' id='block_1_10' title="bbox 560 961 2148 1036">
    <p class='ocr_par' dir='ltr' id='par_1_10' title="bbox 560 961 2148 1036">
     <span class='ocr_line' id='line_1_10' title="bbox 560 961 2148 1036; baseline 0.003 -18"><span class='ocrx_word' id='word_1_61' title='bbox 560 962 711 1018; x_wconf 90' lang='lat' dir='ltr'><strong>nium</strong></span> <span class='ocrx_word' id='word_1_62' title='bbox 751 961 1019 1020; x_wconf 91' lang='lat' dir='ltr'><strong>bonorum</strong></span> <span class='ocrx_word' id='word_1_63' title='bbox 1061 980 1183 1036; x_wconf 69' lang='lat' dir='ltr'><strong>quae</strong></span> <span class='ocrx_word' id='word_1_64' title='bbox 1229 967 1284 1024; x_wconf 91' lang='lat' dir='ltr'><strong>in</strong></span> <span class='ocrx_word' id='word_1_65' title='bbox 1325 967 1558 1026; x_wconf 88' lang='lat' dir='ltr'><strong>ecclesia</strong></span> <span class='ocrx_word' id='word_1_66' title='bbox 1594 968 1941 1026; x_wconf 86' lang='lat' dir='ltr'><strong>Laudunensi</strong></span> <span class='ocrx_word' id='word_1_67' title='bbox 1989 968 2148 1035; x_wconf 83' lang='lat' dir='ltr'><strong>ﬁunt,</strong></span> 
     </span>
    </p>
   </div>
   <div class='ocr_carea' id='block_1_11' title="bbox 559 1049 2156 1132">
    <p class='ocr_par' dir='ltr' id='par_1_11' title="bbox 559 1049 2156 1132">
     <span class='ocr_line' id='line_1_11' title="bbox 559 1049 2156 1132; baseline 0.003 -23"><span class='ocrx_word' id='word_1_68' title='bbox 559 1053 650 1110; x_wconf 91' lang='lat' dir='ltr'><strong>vel</strong></span> <span class='ocrx_word' id='word_1_69' title='bbox 704 1054 962 1127; x_wconf 85' lang='lat' dir='ltr'><strong>deinceps</strong></span> <span class='ocrx_word' id='word_1_70' title='bbox 1018 1057 1137 1113; x_wconf 84' lang='lat' dir='ltr'><strong>ﬁeri</strong></span> <span class='ocrx_word' id='word_1_71' title='bbox 1181 1059 1516 1132; x_wconf 86' lang='lat' dir='ltr'><strong>contigerit,</strong></span> <span class='ocrx_word' id='word_1_72' title='bbox 1565 1075 1660 1118; x_wconf 92' lang='lat' dir='ltr'><strong>eos</strong></span> <span class='ocrx_word' id='word_1_73' title='bbox 1705 1060 2000 1132; x_wconf 85' lang='lat' dir='ltr'><strong>participes</strong></span> <span class='ocrx_word' id='word_1_74' title='bbox 2028 1049 2156 1115; x_wconf 83' lang='lat' dir='ltr'><strong>esse</strong></span> 
     </span>
    </p>
   </div>
   <div class='ocr_carea' id='block_1_12' title="bbox 559 1147 2148 1223">
    <p class='ocr_par' dir='ltr' id='par_1_12' title="bbox 559 1147 2148 1223">
     <span class='ocr_line' id='line_1_12' title="bbox 559 1147 2148 1223; baseline 0.004 -21"><span class='ocrx_word' id='word_1_75' title='bbox 559 1147 898 1205; x_wconf 87' lang='lat' dir='ltr'><strong>concedatis.</strong></span> <span class='ocrx_word' id='word_1_76' title='bbox 951 1147 1184 1206; x_wconf 83' lang='lat' dir='ltr'><strong>Centum</strong></span> <span class='ocrx_word' id='word_1_77' title='bbox 1233 1151 1501 1222; x_wconf 88' lang='lat' dir='ltr'><strong>siquidem</strong></span> <span class='ocrx_word' id='word_1_78' title='bbox 1551 1164 1608 1209; x_wconf 89' lang='lat' dir='ltr'><strong>et</strong></span> <span class='ocrx_word' id='word_1_79' title='bbox 1656 1152 1856 1223; x_wconf 81' lang='lat' dir='ltr'><strong>viginti</strong></span> <span class='ocrx_word' id='word_1_80' title='bbox 1907 1165 2148 1219; x_wconf 89' lang='lat' dir='ltr'><strong>marcas,</strong></span> 
     </span>
    </p>
   </div>
   <div class='ocr_carea' id='block_1_13' title="bbox 2197 492 3782 572">
    <p class='ocr_par' dir='ltr' id='par_1_13' title="bbox 2197 492 3782 572">
     <span class='ocr_line' id='line_1_13' title="bbox 2197 492 3782 572; baseline -0.001 -14"><span class='ocrx_word' id='word_1_81' title='bbox 2197 504 2204 510; x_wconf 87' lang='grc'><strong>’</strong></span> <span class='ocrx_word' id='word_1_82' title='bbox 2256 516 2324 558; x_wconf 81' lang='lat' dir='ltr'><strong>ex</strong></span> <span class='ocrx_word' id='word_1_83' title='bbox 2372 500 2567 572; x_wconf 80' lang='lat' dir='ltr'><strong>Anglia</strong></span> <span class='ocrx_word' id='word_1_84' title='bbox 2616 500 2774 558; x_wconf 91' lang='lat' dir='ltr'><strong>nobis</strong></span> <span class='ocrx_word' id='word_1_85' title='bbox 2821 498 3126 565; x_wconf 85' lang='lat' dir='ltr'><strong>attulimus,</strong></span> <span class='ocrx_word' id='word_1_86' title='bbox 3170 504 3228 552; x_wconf 84' lang='lat' dir='ltr'><strong>et</strong></span> <span class='ocrx_word' id='word_1_87' title='bbox 3270 495 3364 567; x_wconf 91' lang='lat' dir='ltr'><strong>qui</strong></span> <span class='ocrx_word' id='word_1_88' title='bbox 3406 492 3544 551; x_wconf 89' lang='lat' dir='ltr'><strong>l&#39;eria</strong></span> <span class='ocrx_word' id='word_1_89' title='bbox 3595 500 3782 556; x_wconf 80' lang='lat' dir='ltr'><strong>secunda</strong></span> 
     </span>
    </p>
   </div>
   <div class='ocr_carea' id='block_1_14' title="bbox 2255 587 3786 656">
    <p class='ocr_par' dir='ltr' id='par_1_14' title="bbox 2255 587 3786 656">
     <span class='ocr_line' id='line_1_14' title="bbox 2255 587 3786 656; baseline -0.002 -7"><span class='ocrx_word' id='word_1_90' title='bbox 2255 602 2384 649; x_wconf 89' lang='lat' dir='ltr'><strong>ante</strong></span> <span class='ocrx_word' id='word_1_91' title='bbox 2426 607 2612 649; x_wconf 86' lang='lat' dir='ltr'><strong>ramos</strong></span> <span class='ocrx_word' id='word_1_92' title='bbox 2664 591 2980 648; x_wconf 90' lang='lat' dir='ltr'><strong>Palmarum</strong></span> <span class='ocrx_word' id='word_1_93' title='bbox 3021 606 3050 646; x_wconf 92' lang='lat' dir='ltr'><strong>a</strong></span> <span class='ocrx_word' id='word_1_94' title='bbox 3094 588 3252 646; x_wconf 84' lang='lat' dir='ltr'><strong>vobis</strong></span> <span class='ocrx_word' id='word_1_95' title='bbox 3298 587 3659 656; x_wconf 88' lang='lat' dir='ltr'><strong>discessimus,</strong></span> <span class='ocrx_word' id='word_1_96' title='bbox 3689 603 3786 649; x_wconf 79' lang='lat' dir='ltr'><strong>ecce</strong></span> 
     </span>
    </p>
   </div>
   <div class='ocr_carea' id='block_1_15' title="bbox 2253 669 3785 742">
    <p class='ocr_par' dir='ltr' id='par_1_15' title="bbox 2253 669 3785 742">
     <span class='ocr_line' id='line_1_15' title="bbox 2253 669 3785 742; baseline -0.001 0"><span class='ocrx_word' id='word_1_97' title='bbox 2253 669 2399 742; x_wconf 80' lang='lat' dir='ltr'><strong>nunc</strong></span> <span class='ocrx_word' id='word_1_98' title='bbox 2427 684 2638 742; x_wconf 87' lang='lat' dir='ltr'><strong>duobus</strong></span> <span class='ocrx_word' id='word_1_99' title='bbox 2685 685 2879 742; x_wconf 89' lang='lat' dir='ltr'><strong>diebus</strong></span> <span class='ocrx_word' id='word_1_100' title='bbox 2910 692 3037 741; x_wconf 86' lang='lat' dir='ltr'><strong>ante</strong></span> <span class='ocrx_word' id='word_1_101' title='bbox 3079 681 3438 738; x_wconf 86' lang='lat' dir='ltr'><strong>Nativitatem</strong></span> <span class='ocrx_word' id='word_1_102' title='bbox 3474 679 3694 738; x_wconf 71' lang='lat' dir='ltr'><strong>Domina:</strong></span> <span class='ocrx_word' id='word_1_103' title='bbox 3714 699 3785 741; x_wconf 90' lang='lat' dir='ltr'><strong>no-</strong></span> 
     </span>
    </p>
   </div>
   <div class='ocr_carea' id='block_1_16' title="bbox 2253 772 3786 846">
    <p class='ocr_par' dir='ltr' id='par_1_16' title="bbox 2253 772 3786 846">
     <span class='ocr_line' id='line_1_16' title="bbox 2253 772 3786 846; baseline 0.001 -13"><span class='ocrx_word' id='word_1_104' title='bbox 2253 788 2381 834; x_wconf 77' lang='lat' dir='ltr'><strong>strae</strong></span> <span class='ocrx_word' id='word_1_105' title='bbox 2430 779 2760 836; x_wconf 87' lang='lat' dir='ltr'><strong>revertimur</strong></span> <span class='ocrx_word' id='word_1_106' title='bbox 2817 777 2885 833; x_wconf 92' lang='lat' dir='ltr'><strong>ad</strong></span> <span class='ocrx_word' id='word_1_107' title='bbox 2935 792 3052 845; x_wconf 89' lang='lat' dir='ltr'><strong>vos,</strong></span> <span class='ocrx_word' id='word_1_108' title='bbox 3099 791 3222 832; x_wconf 92' lang='lat' dir='ltr'><strong>cum</strong></span> <span class='ocrx_word' id='word_1_109' title='bbox 3270 774 3504 846; x_wconf 88' lang='lat' dir='ltr'><strong>gaudio,</strong></span> <span class='ocrx_word' id='word_1_110' title='bbox 3553 772 3786 834; x_wconf 83' lang='lat' dir='ltr'><strong>laudantes</strong></span> 
     </span>
    </p>
   </div>
   <div class='ocr_carea' id='block_1_17' title="bbox 2256 866 3788 941">
    <p class='ocr_par' dir='ltr' id='par_1_17' title="bbox 2256 866 3788 941">
     <span class='ocr_line' id='line_1_17' title="bbox 2256 866 3788 941; baseline 0 -16"><span class='ocrx_word' id='word_1_111' title='bbox 2256 871 2537 927; x_wconf 82' lang='lat' dir='ltr'><strong>vobiscum</strong></span> <span class='ocrx_word' id='word_1_112' title='bbox 2581 870 2764 927; x_wconf 76' lang='lat' dir='ltr'><strong>Iesum</strong></span> <span class='ocrx_word' id='word_1_113' title='bbox 2795 869 3076 927; x_wconf 86' lang='lat' dir='ltr'><strong>Christum</strong></span> <span class='ocrx_word' id='word_1_114' title='bbox 3105 866 3400 925; x_wconf 88' lang='lat' dir='ltr'><strong>Dominum</strong></span> <span class='ocrx_word' id='word_1_115' title='bbox 3442 874 3675 922; x_wconf 90' lang='lat' dir='ltr'><strong>nostrum</strong></span> <span class='ocrx_word' id='word_1_116' title='bbox 3700 867 3788 941; x_wconf 78' lang='lat' dir='ltr'><strong>ejus</strong></span> 
     </span>
    </p>
   </div>
   <div class='ocr_carea' id='block_1_18' title="bbox 2252 959 3787 1036">
    <p class='ocr_par' dir='ltr' id='par_1_18' title="bbox 2252 959 3787 1036">
     <span class='ocr_line' id='line_1_18' title="bbox 2252 959 3787 1036; baseline -0.001 -18"><span class='ocrx_word' id='word_1_117' title='bbox 2252 962 2475 1031; x_wconf 84' lang='lat' dir='ltr'><strong>Filium,</strong></span> <span class='ocrx_word' id='word_1_118' title='bbox 2508 964 2712 1036; x_wconf 86' lang='lat' dir='ltr'><strong>Regem</strong></span> <span class='ocrx_word' id='word_1_119' title='bbox 2751 979 2962 1035; x_wconf 90' lang='lat' dir='ltr'><strong>regum,</strong></span> <span class='ocrx_word' id='word_1_120' title='bbox 3013 971 3068 1019; x_wconf 91' lang='lat' dir='ltr'><strong>et</strong></span> <span class='ocrx_word' id='word_1_121' title='bbox 3097 961 3391 1018; x_wconf 89' lang='lat' dir='ltr'><strong>Dominum</strong></span> <span class='ocrx_word' id='word_1_122' title='bbox 3423 959 3787 1030; x_wconf 84' lang='lat' dir='ltr'><strong>dominantium,</strong></span> 
     </span>
    </p>
   </div>
   <div class='ocr_carea' id='block_1_19' title="bbox 2252 1053 3789 1130">
    <p class='ocr_par' dir='ltr' id='par_1_19' title="bbox 2252 1053 3789 1130">
     <span class='ocr_line' id='line_1_19' title="bbox 2252 1053 3789 1130; baseline -0.001 -17"><span class='ocrx_word' id='word_1_123' title='bbox 2252 1058 2345 1130; x_wconf 92' lang='lat' dir='ltr'><strong>qui</strong></span> <span class='ocrx_word' id='word_1_124' title='bbox 2373 1074 2498 1114; x_wconf 92' lang='lat' dir='ltr'><strong>cum</strong></span> <span class='ocrx_word' id='word_1_125' title='bbox 2520 1059 2688 1115; x_wconf 90' lang='lat' dir='ltr'><strong>Patre</strong></span> <span class='ocrx_word' id='word_1_126' title='bbox 2724 1066 2778 1115; x_wconf 91' lang='lat' dir='ltr'><strong>et</strong></span> <span class='ocrx_word' id='word_1_127' title='bbox 2813 1056 3025 1129; x_wconf 87' lang='lat' dir='ltr'><strong>Spiritu</strong></span> <span class='ocrx_word' id='word_1_128' title='bbox 3053 1064 3248 1114; x_wconf 85' lang='lat' dir='ltr'><strong>sancto</strong></span> <span class='ocrx_word' id='word_1_129' title='bbox 3274 1053 3416 1110; x_wconf 86' lang='lat' dir='ltr'><strong>vivit</strong></span> <span class='ocrx_word' id='word_1_130' title='bbox 3435 1061 3496 1110; x_wconf 86' lang='lat' dir='ltr'><strong>et</strong></span> <span class='ocrx_word' id='word_1_131' title='bbox 3523 1061 3696 1124; x_wconf 83' lang='lat' dir='ltr'><strong>regnat</strong></span> <span class='ocrx_word' id='word_1_132' title='bbox 3716 1070 3789 1128; x_wconf 85' lang='lat' dir='ltr'><strong>per</strong></span> 
     </span>
    </p>
   </div>
   <div class='ocr_carea' id='block_1_20' title="bbox 2251 1149 3034 1208">
    <p class='ocr_par' dir='ltr' id='par_1_20' title="bbox 2251 1149 3034 1208">
     <span class='ocr_line' id='line_1_20' title="bbox 2251 1149 3034 1208; baseline -0.004 -1"><span class='ocrx_word' id='word_1_133' title='bbox 2251 1150 2436 1207; x_wconf 89' lang='lat' dir='ltr'><strong>omnia</strong></span> <span class='ocrx_word' id='word_1_134' title='bbox 2465 1150 2660 1208; x_wconf 75' lang='lat' dir='ltr'><strong>saecula</strong></span> <span class='ocrx_word' id='word_1_135' title='bbox 2690 1149 3034 1207; x_wconf 64' lang='lat' dir='ltr'><strong>saeculorum.</strong></span> 
     </span>
    </p>
   </div>
   <div class='ocr_carea' id='block_1_21' title="bbox 1237 1308 3779 1335">
    <p class='ocr_par' dir='ltr' id='par_1_21' title="bbox 1237 1308 3779 1335">
     <span class='ocr_line' id='line_1_21' title="bbox 1237 1308 3779 1335; baseline 0.001 -4"><span class='ocrx_word' id='word_1_136' title='bbox 1237 1308 3779 1335; x_wconf 57' lang='lat' dir='ltr'><em>W</em></span> 
     </span>
    </p>
   </div>
   <div class='ocr_carea' id='block_1_22' title="bbox 1280 1461 3114 1594">
    <p class='ocr_par' dir='ltr' id='par_1_22' title="bbox 1280 1461 3114 1594">
     <span class='ocr_line' id='line_1_22' title="bbox 1280 1461 3114 1594; baseline -0.001 -18"><span class='ocrx_word' id='word_1_137' title='bbox 1280 1461 2002 1594; x_wconf 84' lang='lat' dir='ltr'><strong>CAPITULA</strong></span> <span class='ocrx_word' id='word_1_138' title='bbox 2101 1461 2486 1578; x_wconf 83' lang='lat' dir='ltr'><strong>LIBRI</strong></span> <span class='ocrx_word' id='word_1_139' title='bbox 2572 1461 3114 1576; x_wconf 82' lang='lat' dir='ltr'><strong>TERTII.</strong></span> 
     </span>
    </p>
   </div>
   <div class='ocr_carea' id='block_1_23' title="bbox 845 1681 2954 1757">
    <p class='ocr_par' dir='ltr' id='par_1_23' title="bbox 845 1681 2954 1757">
     <span class='ocr_line' id='line_1_23' title="bbox 845 1681 2954 1757; baseline 0 -18"><span class='ocrx_word' id='word_1_140' title='bbox 845 1681 978 1757; x_wconf 78' lang='lat' dir='ltr'><strong>CAP.</strong></span> <span class='ocrx_word' id='word_1_141' title='bbox 1013 1682 1060 1757; x_wconf 62' lang='lat' dir='ltr'><strong>_I.</strong></span> <span class='ocrx_word' id='word_1_142' title='bbox 1101 1682 1180 1757; x_wconf 87' lang='lat' dir='ltr'><strong>D_e</strong></span> <span class='ocrx_word' id='word_1_143' title='bbox 1213 1685 1551 1742; x_wconf 76' lang='lat' dir='ltr'><strong>multitudine</strong></span> <span class='ocrx_word' id='word_1_144' title='bbox 1585 1685 1771 1757; x_wconf 82' lang='lat' dir='ltr'><strong>populi</strong></span> <span class='ocrx_word' id='word_1_145' title='bbox 1795 1687 1866 1740; x_wconf 89' lang='lat' dir='ltr'><strong>ad</strong></span> <span class='ocrx_word' id='word_1_146' title='bbox 1900 1685 2284 1741; x_wconf 82' lang='lat' dir='ltr'><strong>dedicationem</strong></span> <span class='ocrx_word' id='word_1_147' title='bbox 2317 1685 2549 1742; x_wconf 75' lang='lat' dir='ltr'><strong>ecclesia:</strong></span> <span class='ocrx_word' id='word_1_148' title='bbox 2584 1683 2954 1757; x_wconf 81' lang='lat' dir='ltr'><strong>Laudunensis</strong></span> 
     </span>
    </p>
   </div>
   <div class='ocr_carea' id='block_1_24' title="bbox 843 1753 3334 1826">
    <p class='ocr_par' dir='ltr' id='par_1_24' title="bbox 843 1753 3334 1826">
     <span class='ocr_line' id='line_1_24' title="bbox 843 1753 3334 1826; baseline 0.001 -16"><span class='ocrx_word' id='word_1_149' title='bbox 843 1754 974 1826; x_wconf 80' lang='lat' dir='ltr'><strong>CAP.</strong></span> <span class='ocrx_word' id='word_1_150' title='bbox 1013 1753 1085 1826; x_wconf 73' lang='lat' dir='ltr'><strong>II.</strong></span> <span class='ocrx_word' id='word_1_151' title='bbox 1125 1755 1400 1821; x_wconf 83' lang='lat' dir='ltr'><strong>Quomodo</strong></span> <span class='ocrx_word' id='word_1_152' title='bbox 1430 1753 1654 1812; x_wconf 80' lang='lat' dir='ltr'><strong>domnus</strong></span> <span class='ocrx_word' id='word_1_153' title='bbox 1679 1757 2100 1812; x_wconf 79' lang='lat' dir='ltr'><strong>Bartholomreus</strong></span> <span class='ocrx_word' id='word_1_154' title='bbox 2129 1759 2402 1826; x_wconf 85' lang='lat' dir='ltr'><strong>episcopus</strong></span> <span class='ocrx_word' id='word_1_155' title='bbox 2432 1758 2683 1810; x_wconf 86' lang='lat' dir='ltr'><strong>damnum</strong></span> <span class='ocrx_word' id='word_1_156' title='bbox 2715 1756 3033 1811; x_wconf 86' lang='lat' dir='ltr'><strong>Norbertum</strong></span> <span class='ocrx_word' id='word_1_157' title='bbox 3056 1755 3334 1812; x_wconf 82' lang='lat' dir='ltr'><strong>invenerit.</strong></span> 
     </span>
    </p>
   </div>
   <div class='ocr_carea' id='block_1_25' title="bbox 844 1824 2086 1887">
    <p class='ocr_par' dir='ltr' id='par_1_25' title="bbox 844 1824 2086 1887">
     <span class='ocr_line' id='line_1_25' title="bbox 844 1824 2086 1887; baseline 0 -5"><span class='ocrx_word' id='word_1_158' title='bbox 844 1824 980 1882; x_wconf 87' lang='lat' dir='ltr'><strong>CAP.</strong></span> <span class='ocrx_word' id='word_1_159' title='bbox 1021 1825 1108 1881; x_wconf 89' lang='lat' dir='ltr'><strong>Ill.</strong></span> <span class='ocrx_word' id='word_1_160' title='bbox 1149 1826 1228 1882; x_wconf 91' lang='lat' dir='ltr'><strong>De</strong></span> <span class='ocrx_word' id='word_1_161' title='bbox 1255 1829 1527 1884; x_wconf 84' lang='lat' dir='ltr'><strong>ecclesiola</strong></span> <span class='ocrx_word' id='word_1_162' title='bbox 1555 1829 1738 1887; x_wconf 81' lang='lat' dir='ltr'><strong>Sancti</strong></span> <span class='ocrx_word' id='word_1_163' title='bbox 1768 1827 1989 1883; x_wconf 81' lang='lat' dir='ltr'><strong>Martini</strong></span> <span class='ocrx_word' id='word_1_164' title='bbox 2009 1827 2086 1882; x_wconf 86' lang='lat' dir='ltr'><strong>La</strong></span> 
     </span>
    </p>
   </div>
   <div class='ocr_carea' id='block_1_26' title="bbox 1227 1900 1962 1970">
    <p class='ocr_par' dir='ltr' id='par_1_26' title="bbox 1227 1900 1962 1970">
     <span class='ocr_line' id='line_1_26' title="bbox 1227 1900 1962 1970; baseline -0.003 -16"><span class='ocrx_word' id='word_1_165' title='bbox 1227 1916 1320 1969; x_wconf 87' lang='lat' dir='ltr'><strong>per</strong></span> <span class='ocrx_word' id='word_1_166' title='bbox 1343 1900 1570 1970; x_wconf 77' lang='lat' dir='ltr'><strong>plurima</strong></span> <span class='ocrx_word' id='word_1_167' title='bbox 1593 1900 1711 1953; x_wconf 90' lang='lat' dir='ltr'><strong>loca</strong></span> <span class='ocrx_word' id='word_1_168' title='bbox 1732 1900 1962 1954; x_wconf 72' lang='lat' dir='ltr'><strong>duxerit.</strong></span> 
     </span>
    </p>
   </div>
   <div class='ocr_carea' id='block_1_27' title="bbox 2169 1825 3796 1900">
    <p class='ocr_par' dir='ltr' id='par_1_27' title="bbox 2169 1825 3796 1900">
     <span class='ocr_line' id='line_1_27' title="bbox 2169 1825 3796 1900; baseline 0.001 -18"><span class='ocrx_word' id='word_1_169' title='bbox 2169 1825 2404 1896; x_wconf 79' lang='lat' dir='ltr'><strong>unensis,</strong></span> <span class='ocrx_word' id='word_1_170' title='bbox 2429 1837 2477 1884; x_wconf 86' lang='lat' dir='ltr'><strong>et</strong></span> <span class='ocrx_word' id='word_1_171' title='bbox 2499 1828 2760 1900; x_wconf 89' lang='lat' dir='ltr'><strong>quomodo</strong></span> <span class='ocrx_word' id='word_1_172' title='bbox 2784 1826 3209 1884; x_wconf 70' lang='lat' dir='ltr'><strong>Bartholomatus</strong></span> <span class='ocrx_word' id='word_1_173' title='bbox 3235 1827 3518 1899; x_wconf 72' lang='lat' dir='ltr'><strong>episcopus</strong></span> <span class='ocrx_word' id='word_1_174' title='bbox 3531 1825 3796 1886; x_wconf 69' lang='lat' dir='ltr'><strong>Norbam:</strong></span> 
     </span>
    </p>
   </div>
   <div class='ocr_carea' id='block_1_28' title="bbox 841 1944 2591 2040">
    <p class='ocr_par' dir='ltr' id='par_1_28' title="bbox 841 1944 2591 2040">
     <span class='ocr_line' id='line_1_28' title="bbox 841 1944 2591 2040; baseline 0 -18"><span class='ocrx_word' id='word_1_175' title='bbox 841 1944 972 2040; x_wconf 76' lang='lat' dir='ltr'><strong>CAP.</strong></span> <span class='ocrx_word' id='word_1_176' title='bbox 1008 1967 1103 2040; x_wconf 71' lang='lat' dir='ltr'><strong>IV.</strong></span> <span class='ocrx_word' id='word_1_177' title='bbox 1133 1944 1970 2040; x_wconf 41' lang='lat' dir='ltr'><strong>adﬁcit?</strong></span> <span class='ocrx_word' id='word_1_178' title='bbox 1998 1968 2219 2024; x_wconf 75' lang='lat' dir='ltr'><strong>ecclesia</strong></span> <span class='ocrx_word' id='word_1_179' title='bbox 2251 1969 2471 2040; x_wconf 70' lang='lat' dir='ltr'><strong>incoepta</strong></span> <span class='ocrx_word' id='word_1_180' title='bbox 2503 1970 2591 2040; x_wconf 82' lang='lat' dir='ltr'><strong>sit.</strong></span> 
     </span>
    </p>
   </div>
   <div class='ocr_carea' id='block_1_29' title="bbox 835 2037 1072 2094">
    <p class='ocr_par' dir='ltr' id='par_1_29' title="bbox 835 2037 1072 2094">
     <span class='ocr_line' id='line_1_29' title="bbox 835 2037 1072 2094; baseline -0.008 -2"><span class='ocrx_word' id='word_1_181' title='bbox 835 2037 967 2092; x_wconf 87' lang='lat' dir='ltr'><strong>CAP.</strong></span> <span class='ocrx_word' id='word_1_182' title='bbox 1007 2039 1072 2094; x_wconf 73' lang='grc' dir='ltr'><strong>ν.</strong></span> 
     </span>
    </p>
   </div>
   <div class='ocr_carea' id='block_1_30' title="bbox 1115 2037 3374 2110">
    <p class='ocr_par' dir='ltr' id='par_1_30' title="bbox 1115 2037 3374 2110">
     <span class='ocr_line' id='line_1_30' title="bbox 1115 2037 3374 2110; baseline 0.002 -17"><span class='ocrx_word' id='word_1_183' title='bbox 1115 2037 1388 2105; x_wconf 86' lang='lat' dir='ltr'><strong>Quomodo</strong></span> <span class='ocrx_word' id='word_1_184' title='bbox 1420 2040 1688 2096; x_wconf 88' lang='lat' dir='ltr'><strong>Walterus</strong></span> <span class='ocrx_word' id='word_1_185' title='bbox 1711 2042 1884 2110; x_wconf 79' lang='lat' dir='ltr'><strong>factus</strong></span> <span class='ocrx_word' id='word_1_186' title='bbox 1913 2042 1981 2095; x_wconf 87' lang='lat' dir='ltr'><strong>sit</strong></span> <span class='ocrx_word' id='word_1_187' title='bbox 2011 2041 2171 2110; x_wconf 83' lang='lat' dir='ltr'><strong>abbas</strong></span> <span class='ocrx_word' id='word_1_188' title='bbox 2195 2037 2479 2095; x_wconf 76' lang='lat' dir='ltr'><strong>ecclesiola:</strong></span> <span class='ocrx_word' id='word_1_189' title='bbox 2518 2039 2702 2110; x_wconf 63' lang='lat' dir='ltr'><strong>Sancti</strong></span> <span class='ocrx_word' id='word_1_190' title='bbox 2731 2049 2953 2096; x_wconf 58' lang='lat' dir='ltr'><strong>martmt</strong></span> <span class='ocrx_word' id='word_1_191' title='bbox 2981 2057 3374 2098; x_wconf 68' lang='lat' dir='ltr'><strong>uauaunensts.</strong></span> 
     </span>
    </p>
   </div>
   <div class='ocr_carea' id='block_1_31' title="bbox 837 2103 3073 2182">
    <p class='ocr_par' dir='ltr' id='par_1_31' title="bbox 837 2103 3073 2182">
     <span class='ocr_line' id='line_1_31' title="bbox 837 2103 3073 2182; baseline 0.004 -20"><span class='ocrx_word' id='word_1_192' title='bbox 837 2107 967 2182; x_wconf 70' lang='lat' dir='ltr'><strong>CAP.</strong></span> <span class='ocrx_word' id='word_1_193' title='bbox 1007 2108 1098 2182; x_wconf 53' lang='lat' dir='ltr'><strong>XI.</strong></span> <span class='ocrx_word' id='word_1_194' title='bbox 1137 2103 1415 2182; x_wconf 70' lang='lat' dir='ltr'><strong>Quomodo</strong></span> <span class='ocrx_word' id='word_1_195' title='bbox 1445 2103 1972 2167; x_wconf 78' lang='lat' dir='ltr'><strong>Prcemonstratensis</strong></span> <span class='ocrx_word' id='word_1_196' title='bbox 1994 2103 2227 2182; x_wconf 75' lang='lat' dir='ltr'><strong>ecclesia:</strong></span> <span class='ocrx_word' id='word_1_197' title='bbox 2251 2112 2474 2166; x_wconf 88' lang='lat' dir='ltr'><strong>domnus</strong></span> <span class='ocrx_word' id='word_1_198' title='bbox 2507 2109 2662 2182; x_wconf 85' lang='lat' dir='ltr'><strong>Hugo</strong></span> <span class='ocrx_word' id='word_1_199' title='bbox 2688 2111 2968 2182; x_wconf 69' lang='lat' dir='ltr'><strong>prazfectus</strong></span> <span class='ocrx_word' id='word_1_200' title='bbox 2985 2114 3073 2172; x_wconf 60' lang='lat' dir='ltr'><strong>sit;</strong></span> 
     </span>
    </p>
   </div>
   <div class='ocr_carea' id='block_1_32' title="bbox 835 2177 2347 2252">
    <p class='ocr_par' dir='ltr' id='par_1_32' title="bbox 835 2177 2347 2252">
     <span class='ocr_line' id='line_1_32' title="bbox 835 2177 2347 2252; baseline 0.002 -19"><span class='ocrx_word' id='word_1_201' title='bbox 835 2177 964 2252; x_wconf 73' lang='lat' dir='ltr'><strong>CAP.</strong></span> <span class='ocrx_word' id='word_1_202' title='bbox 1007 2179 1123 2252; x_wconf 64' lang='lat' dir='ltr'><strong>YII.</strong></span> <span class='ocrx_word' id='word_1_203' title='bbox 1161 2181 1440 2252; x_wconf 67' lang='lat' dir='ltr'><strong>Multiplea:</strong></span> <span class='ocrx_word' id='word_1_204' title='bbox 1462 2183 1841 2238; x_wconf 83' lang='lat' dir='ltr'><strong>commendatio</strong></span> <span class='ocrx_word' id='word_1_205' title='bbox 1865 2183 2045 2237; x_wconf 89' lang='lat' dir='ltr'><strong>domni</strong></span> <span class='ocrx_word' id='word_1_206' title='bbox 2078 2180 2347 2236; x_wconf 86' lang='lat' dir='ltr'><strong>Norberti.</strong></span> 
     </span>
    </p>
   </div>
   <div class='ocr_carea' id='block_1_33' title="bbox 838 2249 2583 2324">
    <p class='ocr_par' dir='ltr' id='par_1_33' title="bbox 838 2249 2583 2324">
     <span class='ocr_line' id='line_1_33' title="bbox 838 2249 2583 2324; baseline 0.001 -20"><span class='ocrx_word' id='word_1_207' title='bbox 838 2249 968 2324; x_wconf 72' lang='lat' dir='ltr'><strong>CAP.</strong></span> <span class='ocrx_word' id='word_1_208' title='bbox 1013 2250 1146 2324; x_wconf 54' lang='lat' dir='ltr'><strong>XIII.</strong></span> <span class='ocrx_word' id='word_1_209' title='bbox 1168 2249 1840 2324; x_wconf 15' lang='lat' dir='ltr'><strong>Quomodoiepiscopatum</strong></span> <span class='ocrx_word' id='word_1_210' title='bbox 1881 2252 2306 2308; x_wconf 87' lang='lat' dir='ltr'><strong>Cameracensem</strong></span> <span class='ocrx_word' id='word_1_211' title='bbox 2335 2253 2583 2308; x_wconf 87' lang='lat' dir='ltr'><strong>renuerit.</strong></span> 
     </span>
    </p>
   </div>
   <div class='ocr_carea' id='block_1_34' title="bbox 841 2318 1108 2376">
    <p class='ocr_par' dir='ltr' id='par_1_34' title="bbox 841 2318 1108 2376">
     <span class='ocr_line' id='line_1_34' title="bbox 841 2318 1108 2376; baseline 0 0"><span class='ocrx_word' id='word_1_212' title='bbox 841 2318 974 2376; x_wconf 95' lang='lat' dir='ltr'><strong>CAP.</strong></span> <span class='ocrx_word' id='word_1_213' title='bbox 1015 2321 1108 2376; x_wconf 86' lang='lat' dir='ltr'><strong>IX.</strong></span> 
     </span>
    </p>
   </div>
   <div class='ocr_carea' id='block_1_35' title="bbox 834 2389 1688 2450">
    <p class='ocr_par' dir='ltr' id='par_1_35' title="bbox 834 2389 1688 2450">
     <span class='ocr_line' id='line_1_35' title="bbox 834 2389 1688 2450; baseline 0.006 -5"><span class='ocrx_word' id='word_1_214' title='bbox 834 2389 968 2446; x_wconf 88' lang='lat' dir='ltr'><strong>CAP.</strong></span> <span class='ocrx_word' id='word_1_215' title='bbox 1010 2391 1080 2447; x_wconf 88' lang='lat' dir='ltr'><strong>X.</strong></span> <span class='ocrx_word' id='word_1_216' title='bbox 1123 2391 1430 2448; x_wconf 83' lang='lat' dir='ltr'><strong>Immutatio</strong></span> <span class='ocrx_word' id='word_1_217' title='bbox 1457 2389 1688 2450; x_wconf 67' lang='lat' dir='ltr'><strong>ecclesia?</strong></span> 
     </span>
    </p>
   </div>
   <div class='ocr_carea' id='block_1_36' title="bbox 1151 2321 2678 2395">
    <p class='ocr_par' dir='ltr' id='par_1_36' title="bbox 1151 2321 2678 2395">
     <span class='ocr_line' id='line_1_36' title="bbox 1151 2321 2678 2395; baseline 0.001 -19"><span class='ocrx_word' id='word_1_218' title='bbox 1151 2321 1427 2388; x_wconf 82' lang='lat' dir='ltr'><strong>Quomodo</strong></span> <span class='ocrx_word' id='word_1_219' title='bbox 1453 2321 1917 2395; x_wconf 81' lang='lat' dir='ltr'><strong>Magdeburgensis</strong></span> <span class='ocrx_word' id='word_1_220' title='bbox 1946 2324 2366 2392; x_wconf 80' lang='lat' dir='ltr'><strong>archiepiscOpns</strong></span> <span class='ocrx_word' id='word_1_221' title='bbox 2390 2325 2562 2393; x_wconf 78' lang='lat' dir='ltr'><strong>factus</strong></span> <span class='ocrx_word' id='word_1_222' title='bbox 2588 2333 2678 2378; x_wconf 83' lang='lat' dir='ltr'><strong>stt.</strong></span> 
     </span>
    </p>
   </div>
   <div class='ocr_carea' id='block_1_37' title="bbox 1769 2395 2695 2457">
    <p class='ocr_par' dir='ltr' id='par_1_37' title="bbox 1769 2395 2695 2457">
     <span class='ocr_line' id='line_1_37' title="bbox 1769 2395 2695 2457; baseline 0.002 -9"><span class='ocrx_word' id='word_1_223' title='bbox 1769 2395 2266 2457; x_wconf 75' lang='lat' dir='ltr'><strong>rmmonslratensis,</strong></span> <span class='ocrx_word' id='word_1_224' title='bbox 2298 2405 2346 2449; x_wconf 88' lang='lat' dir='ltr'><strong>et</strong></span> <span class='ocrx_word' id='word_1_225' title='bbox 2377 2395 2695 2450; x_wconf 85' lang='lat' dir='ltr'><strong>melioratio.</strong></span> 
     </span>
    </p>
   </div>
   <div class='ocr_carea' id='block_1_38' title="bbox 838 2459 2325 2522">
    <p class='ocr_par' dir='ltr' id='par_1_38' title="bbox 838 2459 2325 2522">
     <span class='ocr_line' id='line_1_38' title="bbox 838 2459 2325 2522; baseline 0.002 -6"><span class='ocrx_word' id='word_1_226' title='bbox 838 2459 970 2517; x_wconf 89' lang='lat' dir='ltr'><strong>CAP.</strong></span> <span class='ocrx_word' id='word_1_227' title='bbox 1014 2462 1104 2517; x_wconf 86' lang='lat' dir='ltr'><strong>XI.</strong></span> <span class='ocrx_word' id='word_1_228' title='bbox 1145 2463 1222 2517; x_wconf 90' lang='lat' dir='ltr'><strong>De</strong></span> <span class='ocrx_word' id='word_1_229' title='bbox 1248 2467 1632 2521; x_wconf 88' lang='lat' dir='ltr'><strong>constructione</strong></span> <span class='ocrx_word' id='word_1_230' title='bbox 1660 2464 2056 2521; x_wconf 82' lang='lat' dir='ltr'><strong>Fuisniacensis</strong></span> <span class='ocrx_word' id='word_1_231' title='bbox 2085 2465 2325 2522; x_wconf 68' lang='lat' dir='ltr'><strong>canobii.</strong></span> 
     </span>
    </p>
   </div>
   <div class='ocr_carea' id='block_1_39' title="bbox 837 2531 2008 2602">
    <p class='ocr_par' dir='ltr' id='par_1_39' title="bbox 837 2531 2008 2602">
     <span class='ocr_line' id='line_1_39' title="bbox 837 2531 2008 2602; baseline 0.003 -14"><span class='ocrx_word' id='word_1_232' title='bbox 837 2531 968 2588; x_wconf 90' lang='lat' dir='ltr'><strong>CAP.</strong></span> <span class='ocrx_word' id='word_1_233' title='bbox 1010 2532 1122 2588; x_wconf 93' lang='lat' dir='ltr'><strong>Xll.</strong></span> <span class='ocrx_word' id='word_1_234' title='bbox 1159 2533 1238 2590; x_wconf 90' lang='lat' dir='ltr'><strong>De</strong></span> <span class='ocrx_word' id='word_1_235' title='bbox 1264 2537 1644 2591; x_wconf 75' lang='lat' dir='ltr'><strong>constructione</strong></span> <span class='ocrx_word' id='word_1_236' title='bbox 1665 2535 2008 2602; x_wconf 87' lang='lat' dir='ltr'><strong>Spinetensis.</strong></span> 
     </span>
    </p>
   </div>
   <div class='ocr_carea' id='block_1_40' title="bbox 839 2603 2080 2663">
    <p class='ocr_par' dir='ltr' id='par_1_40' title="bbox 839 2603 2080 2663">
     <span class='ocr_line' id='line_1_40' title="bbox 839 2603 2080 2663; baseline 0.002 -4"><span class='ocrx_word' id='word_1_237' title='bbox 839 2603 972 2659; x_wconf 90' lang='lat' dir='ltr'><strong>CAP.</strong></span> <span class='ocrx_word' id='word_1_238' title='bbox 1011 2604 1146 2663; x_wconf 89' lang='lat' dir='ltr'><strong>XIH.</strong></span> <span class='ocrx_word' id='word_1_239' title='bbox 1189 2605 1266 2660; x_wconf 87' lang='lat' dir='ltr'><strong>De</strong></span> <span class='ocrx_word' id='word_1_240' title='bbox 1290 2610 1673 2663; x_wconf 76' lang='lat' dir='ltr'><strong>constructione</strong></span> <span class='ocrx_word' id='word_1_241' title='bbox 1708 2605 2080 2662; x_wconf 83' lang='lat' dir='ltr'><strong>Valclarensis.</strong></span> 
     </span>
    </p>
   </div>
   <div class='ocr_carea' id='block_1_41' title="bbox 841 2662 2318 2733">
    <p class='ocr_par' dir='ltr' id='par_1_41' title="bbox 841 2662 2318 2733">
     <span class='ocr_line' id='line_1_41' title="bbox 841 2662 2318 2733; baseline 0.001 -3"><span class='ocrx_word' id='word_1_242' title='bbox 841 2672 971 2730; x_wconf 90' lang='lat' dir='ltr'><strong>CAP.</strong></span> <span class='ocrx_word' id='word_1_243' title='bbox 1015 2662 1156 2730; x_wconf 78' lang='lat' dir='ltr'><strong>XIV.</strong></span> <span class='ocrx_word' id='word_1_244' title='bbox 1196 2675 1276 2731; x_wconf 90' lang='lat' dir='ltr'><strong>De</strong></span> <span class='ocrx_word' id='word_1_245' title='bbox 1297 2662 1682 2732; x_wconf 83' lang='lat' dir='ltr'><strong>constructione</strong></span> <span class='ocrx_word' id='word_1_246' title='bbox 1723 2677 2045 2732; x_wconf 83' lang='lat' dir='ltr'><strong>Tenoliensis</strong></span> <span class='ocrx_word' id='word_1_247' title='bbox 2065 2675 2318 2733; x_wconf 67' lang='lat' dir='ltr'><strong>ecclesiae.</strong></span> 
     </span>
    </p>
   </div>
   <div class='ocr_carea' id='block_1_42' title="bbox 840 2743 2114 2817">
    <p class='ocr_par' dir='ltr' id='par_1_42' title="bbox 840 2743 2114 2817">
     <span class='ocr_line' id='line_1_42' title="bbox 840 2743 2114 2817; baseline 0.002 -16"><span class='ocrx_word' id='word_1_248' title='bbox 840 2743 969 2817; x_wconf 80' lang='lat' dir='ltr'><strong>CAP.</strong></span> <span class='ocrx_word' id='word_1_249' title='bbox 1177 2746 1252 2801; x_wconf 90' lang='lat' dir='ltr'><strong>De</strong></span> <span class='ocrx_word' id='word_1_250' title='bbox 1278 2749 1662 2802; x_wconf 85' lang='lat' dir='ltr'><strong>constructione</strong></span> <span class='ocrx_word' id='word_1_251' title='bbox 1687 2747 2114 2817; x_wconf 78' lang='lat' dir='ltr'><strong>Clarefontensis.</strong></span> 
     </span>
    </p>
   </div>
   <div class='ocr_carea' id='block_1_43' title="bbox 833 2814 2116 2875">
    <p class='ocr_par' dir='ltr' id='par_1_43' title="bbox 833 2814 2116 2875">
     <span class='ocr_line' id='line_1_43' title="bbox 833 2814 2116 2875; baseline 0 -3"><span class='ocrx_word' id='word_1_252' title='bbox 833 2814 966 2872; x_wconf 66' lang='grc' dir='ltr'><strong>(ΞΜ.</strong></span> <span class='ocrx_word' id='word_1_253' title='bbox 1007 2815 1146 2871; x_wconf 86' lang='lat' dir='ltr'><strong>XVI.</strong></span> <span class='ocrx_word' id='word_1_254' title='bbox 1183 2817 1260 2871; x_wconf 88' lang='lat' dir='ltr'><strong>De</strong></span> <span class='ocrx_word' id='word_1_255' title='bbox 1290 2819 1676 2874; x_wconf 87' lang='lat' dir='ltr'><strong>constructione</strong></span> <span class='ocrx_word' id='word_1_256' title='bbox 1716 2814 2116 2875; x_wconf 76' lang='lat' dir='ltr'><strong>Cuissiaceitsis.</strong></span> 
     </span>
    </p>
   </div>
   <div class='ocr_carea' id='block_1_44' title="bbox 838 2885 3140 2961">
    <p class='ocr_par' dir='ltr' id='par_1_44' title="bbox 838 2885 3140 2961">
     <span class='ocr_line' id='line_1_44' title="bbox 838 2885 3140 2961; baseline 0.003 -19"><span class='ocrx_word' id='word_1_257' title='bbox 838 2885 968 2961; x_wconf 71' lang='lat' dir='ltr'><strong>CAP.</strong></span> <span class='ocrx_word' id='word_1_258' title='bbox 1008 2887 1172 2961; x_wconf 57' lang='lat' dir='ltr'><strong>XXII.</strong></span> <span class='ocrx_word' id='word_1_259' title='bbox 1214 2887 1293 2961; x_wconf 54' lang='lat' dir='ltr'><strong>lle</strong></span> <span class='ocrx_word' id='word_1_260' title='bbox 1330 2889 1715 2961; x_wconf 67' lang='lat' dir='ltr'><strong>constructione</strong></span> <span class='ocrx_word' id='word_1_261' title='bbox 1745 2889 1961 2943; x_wconf 78' lang='lat' dir='ltr'><strong>cwnobii</strong></span> <span class='ocrx_word' id='word_1_262' title='bbox 1988 2891 2304 2961; x_wconf 74' lang='lat' dir='ltr'><strong>feminarum</strong></span> <span class='ocrx_word' id='word_1_263' title='bbox 2333 2890 2473 2961; x_wconf 86' lang='lat' dir='ltr'><strong>quod</strong></span> <span class='ocrx_word' id='word_1_264' title='bbox 2497 2889 2697 2945; x_wconf 89' lang='lat' dir='ltr'><strong>dicitur</strong></span> <span class='ocrx_word' id='word_1_265' title='bbox 2721 2890 3140 2948; x_wconf 84' lang='lat' dir='ltr'><strong>monsteriolum.</strong></span> 
     </span>
    </p>
   </div>
   <div class='ocr_carea' id='block_1_45' title="bbox 833 2957 2440 3026">
    <p class='ocr_par' dir='ltr' id='par_1_45' title="bbox 833 2957 2440 3026">
     <span class='ocr_line' id='line_1_45' title="bbox 833 2957 2440 3026; baseline 0.001 -13"><span class='ocrx_word' id='word_1_266' title='bbox 833 2957 963 3013; x_wconf 89' lang='lat' dir='ltr'><strong>CAP.</strong></span> <span class='ocrx_word' id='word_1_267' title='bbox 1008 2957 1190 3026; x_wconf 75' lang='lat' dir='ltr'><strong>XVIII.</strong></span> <span class='ocrx_word' id='word_1_268' title='bbox 1230 2959 1308 3012; x_wconf 90' lang='lat' dir='ltr'><strong>De</strong></span> <span class='ocrx_word' id='word_1_269' title='bbox 1328 2960 1519 3014; x_wconf 88' lang='lat' dir='ltr'><strong>domno</strong></span> <span class='ocrx_word' id='word_1_270' title='bbox 1543 2958 1753 3015; x_wconf 87' lang='lat' dir='ltr'><strong>Simone</strong></span> <span class='ocrx_word' id='word_1_271' title='bbox 1775 2961 1960 3014; x_wconf 87' lang='lat' dir='ltr'><strong>abbate</strong></span> <span class='ocrx_word' id='word_1_272' title='bbox 1988 2957 2176 3016; x_wconf 81' lang='lat' dir='ltr'><strong>Sancti</strong></span> <span class='ocrx_word' id='word_1_273' title='bbox 2209 2957 2440 3014; x_wconf 83' lang='lat' dir='ltr'><strong>Nicolai.</strong></span> 
     </span>
    </p>
   </div>
   <div class='ocr_carea' id='block_1_46' title="bbox 751 3028 2548 3087">
    <p class='ocr_par' dir='ltr' id='par_1_46' title="bbox 751 3028 2548 3087">
     <span class='ocr_line' id='line_1_46' title="bbox 751 3028 2548 3087; baseline 0.002 -3"><span class='ocrx_word' id='word_1_274' title='bbox 751 3061 756 3068; x_wconf 87' lang='lat'><strong><em>-</em></strong></span> <span class='ocrx_word' id='word_1_275' title='bbox 837 3028 968 3084; x_wconf 87' lang='lat' dir='ltr'><strong>CAP.</strong></span> <span class='ocrx_word' id='word_1_276' title='bbox 1013 3028 1154 3083; x_wconf 89' lang='lat' dir='ltr'><strong>XIX.</strong></span> <span class='ocrx_word' id='word_1_277' title='bbox 1197 3029 1276 3082; x_wconf 86' lang='lat' dir='ltr'><strong>De</strong></span> <span class='ocrx_word' id='word_1_278' title='bbox 1302 3031 1503 3084; x_wconf 87' lang='lat' dir='ltr'><strong>Domno</strong></span> <span class='ocrx_word' id='word_1_279' title='bbox 1531 3029 1766 3085; x_wconf 86' lang='lat' dir='ltr'><strong>Gilberto</strong></span> <span class='ocrx_word' id='word_1_280' title='bbox 1808 3031 1993 3084; x_wconf 86' lang='lat' dir='ltr'><strong>abbate</strong></span> <span class='ocrx_word' id='word_1_281' title='bbox 2027 3031 2212 3087; x_wconf 86' lang='lat' dir='ltr'><strong>Sancti</strong></span> <span class='ocrx_word' id='word_1_282' title='bbox 2251 3031 2548 3086; x_wconf 84' lang='lat' dir='ltr'><strong>Michaelis.</strong></span> 
     </span>
    </p>
   </div>
   <div class='ocr_carea' id='block_1_47' title="bbox 837 3099 2477 3164">
    <p class='ocr_par' dir='ltr' id='par_1_47' title="bbox 837 3099 2477 3164">
     <span class='ocr_line' id='line_1_47' title="bbox 837 3099 2477 3164; baseline 0.001 -9"><span class='ocrx_word' id='word_1_283' title='bbox 837 3099 966 3156; x_wconf 85' lang='lat' dir='ltr'><strong>CAP.</strong></span> <span class='ocrx_word' id='word_1_284' title='bbox 1009 3099 1130 3154; x_wconf 90' lang='lat' dir='ltr'><strong>XX.</strong></span> <span class='ocrx_word' id='word_1_285' title='bbox 1171 3100 1250 3154; x_wconf 87' lang='lat' dir='ltr'><strong>De</strong></span> <span class='ocrx_word' id='word_1_286' title='bbox 1277 3101 1468 3155; x_wconf 89' lang='lat' dir='ltr'><strong>domno</strong></span> <span class='ocrx_word' id='word_1_287' title='bbox 1508 3101 1751 3155; x_wconf 80' lang='lat' dir='ltr'><strong>Anselmo</strong></span> <span class='ocrx_word' id='word_1_288' title='bbox 1775 3101 2167 3164; x_wconf 83' lang='lat' dir='ltr'><strong>abbateSancti</strong></span> <span class='ocrx_word' id='word_1_289' title='bbox 2201 3099 2477 3156; x_wconf 84' lang='lat' dir='ltr'><strong>Vincentii.</strong></span> 
     </span>
    </p>
   </div>
   <div class='ocr_carea' id='block_1_48' title="bbox 837 3169 3304 3243">
    <p class='ocr_par' dir='ltr' id='par_1_48' title="bbox 837 3169 3304 3243">
     <span class='ocr_line' id='line_1_48' title="bbox 837 3169 3304 3243; baseline 0.002 -19"><span class='ocrx_word' id='word_1_290' title='bbox 837 3169 968 3243; x_wconf 76' lang='lat' dir='ltr'><strong>CAP.</strong></span> <span class='ocrx_word' id='word_1_291' title='bbox 999 3169 1140 3243; x_wconf 77' lang='lat' dir='ltr'><strong>XXI.</strong></span> <span class='ocrx_word' id='word_1_292' title='bbox 1185 3171 1460 3243; x_wconf 79' lang='lat' dir='ltr'><strong>Quomodo</strong></span> <span class='ocrx_word' id='word_1_293' title='bbox 1493 3173 1630 3225; x_wconf 84' lang='lat' dir='ltr'><strong>idem</strong></span> <span class='ocrx_word' id='word_1_294' title='bbox 1654 3173 1930 3227; x_wconf 87' lang='lat' dir='ltr'><strong>Anselmus</strong></span> <span class='ocrx_word' id='word_1_295' title='bbox 1958 3171 2138 3227; x_wconf 78' lang='lat' dir='ltr'><strong>Romre</strong></span> <span class='ocrx_word' id='word_1_296' title='bbox 2174 3174 2229 3227; x_wconf 89' lang='lat' dir='ltr'><strong>in</strong></span> <span class='ocrx_word' id='word_1_297' title='bbox 2261 3173 2561 3243; x_wconf 82' lang='lat' dir='ltr'><strong>episcopum</strong></span> <span class='ocrx_word' id='word_1_298' title='bbox 2590 3171 2973 3230; x_wconf 81' lang='lat' dir='ltr'><strong>Tornacensem</strong></span> <span class='ocrx_word' id='word_1_299' title='bbox 2995 3175 3188 3231; x_wconf 85' lang='lat' dir='ltr'><strong>electus</strong></span> <span class='ocrx_word' id='word_1_300' title='bbox 3212 3174 3304 3230; x_wconf 83' lang='lat' dir='ltr'><strong>sit.</strong></span> 
     </span>
    </p>
   </div>
   <div class='ocr_carea' id='block_1_49' title="bbox 838 3240 3378 3315">
    <p class='ocr_par' dir='ltr' id='par_1_49' title="bbox 838 3240 3378 3315">
     <span class='ocr_line' id='line_1_49' title="bbox 838 3240 3378 3315; baseline 0.002 -19"><span class='ocrx_word' id='word_1_301' title='bbox 838 3240 970 3315; x_wconf 77' lang='lat' dir='ltr'><strong>CAP.</strong></span> <span class='ocrx_word' id='word_1_302' title='bbox 1013 3241 1176 3315; x_wconf 56' lang='lat' dir='ltr'><strong>XXII.</strong></span> <span class='ocrx_word' id='word_1_303' title='bbox 1219 3242 1298 3315; x_wconf 66' lang='lat' dir='ltr'><strong>Qa</strong></span> <span class='ocrx_word' id='word_1_304' title='bbox 1333 3244 1655 3315; x_wconf 78' lang='lat' dir='ltr'><strong>correctione</strong></span> <span class='ocrx_word' id='word_1_305' title='bbox 1684 3243 1900 3296; x_wconf 83' lang='lat' dir='ltr'><strong>Abbatis</strong></span> <span class='ocrx_word' id='word_1_306' title='bbox 1931 3244 2100 3315; x_wconf 83' lang='lat' dir='ltr'><strong>sancti</strong></span> <span class='ocrx_word' id='word_1_307' title='bbox 2124 3243 2375 3308; x_wconf 82' lang='lat' dir='ltr'><strong>Joannis,</strong></span> <span class='ocrx_word' id='word_1_308' title='bbox 2403 3240 2449 3297; x_wconf 81' lang='lat' dir='ltr'><strong>et</strong></span> <span class='ocrx_word' id='word_1_309' title='bbox 2491 3243 2752 3315; x_wconf 88' lang='lat' dir='ltr'><strong>Drogonis</strong></span> <span class='ocrx_word' id='word_1_310' title='bbox 2775 3246 2977 3300; x_wconf 84' lang='lat' dir='ltr'><strong>abbatis</strong></span> <span class='ocrx_word' id='word_1_311' title='bbox 3017 3245 3378 3302; x_wconf 79' lang='lat' dir='ltr'><strong>institutione.</strong></span> 
     </span>
    </p>
   </div>
   <div class='ocr_carea' id='block_1_50' title="bbox 837 3312 2231 3383">
    <p class='ocr_par' dir='ltr' id='par_1_50' title="bbox 837 3312 2231 3383">
     <span class='ocr_line' id='line_1_50' title="bbox 837 3312 2231 3383; baseline 0.001 -17"><span class='ocrx_word' id='word_1_312' title='bbox 837 3312 970 3383; x_wconf 87' lang='lat' dir='ltr'><strong>CAP.</strong></span> <span class='ocrx_word' id='word_1_313' title='bbox 1011 3313 1196 3378; x_wconf 83' lang='lat' dir='ltr'><strong>XXIII.</strong></span> <span class='ocrx_word' id='word_1_314' title='bbox 1239 3313 1316 3368; x_wconf 87' lang='lat' dir='ltr'><strong>De</strong></span> <span class='ocrx_word' id='word_1_315' title='bbox 1339 3313 1606 3366; x_wconf 85' lang='lat' dir='ltr'><strong>Balduino</strong></span> <span class='ocrx_word' id='word_1_316' title='bbox 1634 3315 1818 3368; x_wconf 89' lang='lat' dir='ltr'><strong>abbate</strong></span> <span class='ocrx_word' id='word_1_317' title='bbox 1844 3313 1945 3367; x_wconf 87' lang='lat' dir='ltr'><strong>loci</strong></span> <span class='ocrx_word' id='word_1_318' title='bbox 1976 3315 2231 3383; x_wconf 86' lang='lat' dir='ltr'><strong>ejusdem.</strong></span> 
     </span>
    </p>
   </div>
   <div class='ocr_carea' id='block_1_51' title="bbox 837 3382 3428 3459">
    <p class='ocr_par' dir='ltr' id='par_1_51' title="bbox 837 3382 3428 3459">
     <span class='ocr_line' id='line_1_51' title="bbox 837 3382 3428 3459; baseline 0.003 -23"><span class='ocrx_word' id='word_1_319' title='bbox 837 3382 968 3459; x_wconf 77' lang='lat' dir='ltr'><strong>CAP.</strong></span> <span class='ocrx_word' id='word_1_320' title='bbox 1006 3384 1199 3459; x_wconf 51' lang='lat' dir='ltr'><strong>XXIV.</strong></span> <span class='ocrx_word' id='word_1_321' title='bbox 1227 3383 1694 3459; x_wconf 28' lang='lat' dir='ltr'><strong>_Qua_mAditata_sit</strong></span> <span class='ocrx_word' id='word_1_322' title='bbox 1722 3385 1893 3459; x_wconf 81' lang='lat' dir='ltr'><strong>major</strong></span> <span class='ocrx_word' id='word_1_323' title='bbox 1920 3382 2158 3459; x_wconf 64' lang='lat' dir='ltr'><strong>Epelesia</strong></span> <span class='ocrx_word' id='word_1_324' title='bbox 2181 3396 2378 3442; x_wconf 77' lang='lat' dir='ltr'><strong>sancta:</strong></span> <span class='ocrx_word' id='word_1_325' title='bbox 2402 3385 2592 3443; x_wconf 72' lang='lat' dir='ltr'><strong>Maria:</strong></span> <span class='ocrx_word' id='word_1_326' title='bbox 2621 3387 2715 3442; x_wconf 89' lang='lat' dir='ltr'><strong>sub</strong></span> <span class='ocrx_word' id='word_1_327' title='bbox 2743 3386 3134 3445; x_wconf 83' lang='lat' dir='ltr'><strong>Bartholomteo</strong></span> <span class='ocrx_word' id='word_1_328' title='bbox 3161 3387 3428 3459; x_wconf 69' lang='lat' dir='ltr'><strong>Ponti/iss</strong></span> 
     </span>
    </p>
   </div>
   <div class='ocr_carea' id='block_1_52' title="bbox 835 3452 2268 3527">
    <p class='ocr_par' dir='ltr' id='par_1_52' title="bbox 835 3452 2268 3527">
     <span class='ocr_line' id='line_1_52' title="bbox 835 3452 2268 3527; baseline 0.003 -19"><span class='ocrx_word' id='word_1_329' title='bbox 835 3453 964 3527; x_wconf 79' lang='lat' dir='ltr'><strong>CAP.</strong></span> <span class='ocrx_word' id='word_1_330' title='bbox 1006 3454 1174 3527; x_wconf 57' lang='lat' dir='ltr'><strong>XXV.</strong></span> <span class='ocrx_word' id='word_1_331' title='bbox 1219 3454 1294 3527; x_wconf 86' lang='lat' dir='ltr'><strong>D_e</strong></span> <span class='ocrx_word' id='word_1_332' title='bbox 1325 3452 1564 3527; x_wconf 53' lang='lat' dir='ltr'><strong>Gnidone</strong></span> <span class='ocrx_word' id='word_1_333' title='bbox 1596 3452 1975 3527; x_wconf 78' lang='lat' dir='ltr'><strong>Catalaunensi</strong></span> <span class='ocrx_word' id='word_1_334' title='bbox 2003 3457 2268 3527; x_wconf 85' lang='lat' dir='ltr'><strong>episcopo.</strong></span> 
     </span>
    </p>
   </div>
   <div class='ocr_carea' id='block_1_53' title="bbox 836 3523 2066 3580">
    <p class='ocr_par' dir='ltr' id='par_1_53' title="bbox 836 3523 2066 3580">
     <span class='ocr_line' id='line_1_53' title="bbox 836 3523 2066 3580; baseline -0.001 0"><span class='ocrx_word' id='word_1_335' title='bbox 836 3525 966 3580; x_wconf 87' lang='lat' dir='ltr'><strong>CAP.</strong></span> <span class='ocrx_word' id='word_1_336' title='bbox 1006 3524 1196 3579; x_wconf 72' lang='lat' dir='ltr'><strong>XXVI.</strong></span> <span class='ocrx_word' id='word_1_337' title='bbox 1240 3523 1316 3579; x_wconf 88' lang='lat' dir='ltr'><strong>De</strong></span> <span class='ocrx_word' id='word_1_338' title='bbox 1359 3524 1679 3580; x_wconf 84' lang='lat' dir='ltr'><strong>Tlteodorico</strong></span> <span class='ocrx_word' id='word_1_339' title='bbox 1711 3523 2066 3580; x_wconf 80' lang='lat' dir='ltr'><strong>Ambianensi.</strong></span> 
     </span>
    </p>
   </div>
   <div class='ocr_carea' id='block_1_54' title="bbox 835 3594 2439 3662">
    <p class='ocr_par' dir='ltr' id='par_1_54' title="bbox 835 3594 2439 3662">
     <span class='ocr_line' id='line_1_54' title="bbox 835 3594 2439 3662; baseline 0.003 -12"><span class='ocrx_word' id='word_1_340' title='bbox 835 3595 969 3650; x_wconf 88' lang='lat' dir='ltr'><strong>CAP.</strong></span> <span class='ocrx_word' id='word_1_341' title='bbox 1011 3594 1222 3662; x_wconf 81' lang='lat' dir='ltr'><strong>XXVII.</strong></span> <span class='ocrx_word' id='word_1_342' title='bbox 1259 3595 1338 3650; x_wconf 89' lang='lat' dir='ltr'><strong>De</strong></span> <span class='ocrx_word' id='word_1_343' title='bbox 1359 3596 1576 3649; x_wconf 88' lang='lat' dir='ltr'><strong>muliere</strong></span> <span class='ocrx_word' id='word_1_344' title='bbox 1608 3597 1672 3651; x_wconf 89' lang='lat' dir='ltr'><strong>ab</strong></span> <span class='ocrx_word' id='word_1_345' title='bbox 1696 3596 1938 3651; x_wconf 83' lang='lat' dir='ltr'><strong>incendio</strong></span> <span class='ocrx_word' id='word_1_346' title='bbox 1965 3595 2184 3653; x_wconf 86' lang='lat' dir='ltr'><strong>liberata</strong></span> <span class='ocrx_word' id='word_1_347' title='bbox 2215 3597 2439 3655; x_wconf 85' lang='lat' dir='ltr'><strong>Civiaci.</strong></span> 
     </span>
    </p>
   </div>
   <div class='ocr_carea' id='block_1_55' title="bbox 844 3665 2144 3738">
    <p class='ocr_par' dir='ltr' id='par_1_55' title="bbox 844 3665 2144 3738">
     <span class='ocr_line' id='line_1_55' title="bbox 844 3665 2144 3738; baseline 0 -16"><span class='ocrx_word' id='word_1_348' title='bbox 844 3665 976 3722; x_wconf 90' lang='lat' dir='ltr'><strong>CAP.</strong></span> <span class='ocrx_word' id='word_1_349' title='bbox 1017 3665 1253 3723; x_wconf 80' lang='lat' dir='ltr'><strong>XXVIII.</strong></span> <span class='ocrx_word' id='word_1_350' title='bbox 1291 3667 1369 3722; x_wconf 87' lang='lat' dir='ltr'><strong>De</strong></span> <span class='ocrx_word' id='word_1_351' title='bbox 1389 3667 1534 3738; x_wconf 76' lang='lat' dir='ltr'><strong>furto</strong></span> <span class='ocrx_word' id='word_1_352' title='bbox 1563 3667 1816 3724; x_wconf 82' lang='lat' dir='ltr'><strong>Anselmi.</strong></span> <span class='ocrx_word' id='word_1_353' title='bbox 2142 3699 2144 3702; x_wconf 92' lang='lat'><strong><em>-</em></strong></span> 
     </span>
    </p>
   </div>
   <div class='ocr_carea' id='block_1_56' title="bbox 557 3849 3806 3882">
    <p class='ocr_par' dir='ltr' id='par_1_56' title="bbox 557 3849 3806 3882">
     <span class='ocr_line' id='line_1_56' title="bbox 557 3849 3806 3882; baseline 0.001 -8"><span class='ocrx_word' id='word_1_354' title='bbox 557 3849 3806 3882; x_wconf 63' lang='lat' dir='ltr'><strong>&#39;—-———-——————-——-———-——-——-———-————n———————</strong></span> 
     </span>
    </p>
   </div>
   <div class='ocr_carea' id='block_1_57' title="bbox 1647 4009 2597 4162">
    <p class='ocr_par' dir='ltr' id='par_1_57' title="bbox 1647 4009 2597 4162">
     <span class='ocr_line' id='line_1_57' title="bbox 1647 4009 2597 4162; baseline 0 -28"><span class='ocrx_word' id='word_1_355' title='bbox 1647 4125 1682 4162; x_wconf 81' lang='grc'><em>,</em></span> <span class='ocrx_word' id='word_1_356' title='bbox 1741 4051 2061 4134; x_wconf 84' lang='lat' dir='ltr'><strong>LIBER</strong></span> <span class='ocrx_word' id='word_1_357' title='bbox 2110 4009 2597 4137; x_wconf 79' lang='lat' dir='ltr'><strong>TERTIUS.</strong></span> 
     </span>
    </p>
   </div>
   <div class='ocr_carea' id='block_1_58' title="bbox 940 4463 1743 4522">
    <p class='ocr_par' dir='ltr' id='par_1_58' title="bbox 940 4463 1743 4522">
     <span class='ocr_line' id='line_1_58' title="bbox 940 4463 1743 4522; baseline -0.002 -1"><span class='ocrx_word' id='word_1_358' title='bbox 940 4483 1056 4522; x_wconf 85' lang='lat' dir='ltr'><strong>nent</strong></span> <span class='ocrx_word' id='word_1_359' title='bbox 1085 4466 1318 4521; x_wconf 80' lang='lat' dir='ltr'><strong>ecclesice</strong></span> <span class='ocrx_word' id='word_1_360' title='bbox 1353 4463 1743 4520; x_wconf 75' lang='lat' dir='ltr'><strong>Laudunensis.</strong></span> 
     </span>
    </p>
   </div>
   <div class='ocr_carea' id='block_1_59' title="bbox 623 4578 2141 4650">
    <p class='ocr_par' dir='ltr' id='par_1_59' title="bbox 623 4578 2141 4650">
     <span class='ocr_line' id='line_1_59' title="bbox 623 4578 2141 4650; baseline 0.001 -14"><span class='ocrx_word' id='word_1_361' title='bbox 623 4578 938 4650; x_wconf 88' lang='lat' dir='ltr'><strong>Opitulante</strong></span> <span class='ocrx_word' id='word_1_362' title='bbox 966 4593 1097 4650; x_wconf 89' lang='lat' dir='ltr'><strong>ergo</strong></span> <span class='ocrx_word' id='word_1_363' title='bbox 1125 4578 1306 4636; x_wconf 89' lang='lat' dir='ltr'><strong>divina</strong></span> <span class='ocrx_word' id='word_1_364' title='bbox 1333 4578 1649 4647; x_wconf 88' lang='lat' dir='ltr'><strong>clementia,</strong></span> <span class='ocrx_word' id='word_1_365' title='bbox 1680 4593 1748 4634; x_wconf 82' lang='lat' dir='ltr'><strong>ex</strong></span> <span class='ocrx_word' id='word_1_366' title='bbox 1777 4578 2141 4637; x_wconf 87' lang='lat' dir='ltr'><strong>oblationibus</strong></span> 
     </span>
    </p>
   </div>
   <div class='ocr_carea' id='block_1_60' title="bbox 557 4669 2142 4742">
    <p class='ocr_par' dir='ltr' id='par_1_60' title="bbox 557 4669 2142 4742">
     <span class='ocr_line' id='line_1_60' title="bbox 557 4669 2142 4742; baseline 0 -16"><span class='ocrx_word' id='word_1_367' title='bbox 557 4671 798 4728; x_wconf 81' lang='lat' dir='ltr'><strong>ﬁdelium</strong></span> <span class='ocrx_word' id='word_1_368' title='bbox 823 4687 920 4742; x_wconf 90' lang='lat' dir='ltr'><strong>per</strong></span> <span class='ocrx_word' id='word_1_369' title='bbox 943 4671 1230 4727; x_wconf 87' lang='lat' dir='ltr'><strong>Franciam</strong></span> <span class='ocrx_word' id='word_1_370' title='bbox 1275 4679 1330 4726; x_wconf 88' lang='lat' dir='ltr'><strong>et</strong></span> <span class='ocrx_word' id='word_1_371' title='bbox 1352 4669 1604 4741; x_wconf 82' lang='lat' dir='ltr'><strong>Angliam</strong></span> <span class='ocrx_word' id='word_1_372' title='bbox 1635 4670 1901 4738; x_wconf 89' lang='lat' dir='ltr'><strong>collectis,</strong></span> <span class='ocrx_word' id='word_1_373' title='bbox 1937 4671 1990 4726; x_wconf 91' lang='lat' dir='ltr'><strong>in</strong></span> <span class='ocrx_word' id='word_1_374' title='bbox 2022 4681 2142 4726; x_wconf 59' lang='lat' dir='ltr'><strong>tan.</strong></span> 
     </span>
    </p>
   </div>
   <div class='ocr_carea' id='block_1_61' title="bbox 554 4763 2142 4835">
    <p class='ocr_par' dir='ltr' id='par_1_61' title="bbox 554 4763 2142 4835">
     <span class='ocr_line' id='line_1_61' title="bbox 554 4763 2142 4835; baseline 0 -15"><span class='ocrx_word' id='word_1_375' title='bbox 554 4771 667 4820; x_wconf 88' lang='lat' dir='ltr'><strong>tum</strong></span> <span class='ocrx_word' id='word_1_376' title='bbox 701 4763 945 4820; x_wconf 73' lang='lat' dir='ltr'><strong>ccclesim</strong></span> <span class='ocrx_word' id='word_1_377' title='bbox 989 4772 1192 4820; x_wconf 73' lang='lat' dir='ltr'><strong>nostra:</strong></span> <span class='ocrx_word' id='word_1_378' title='bbox 1235 4778 1371 4834; x_wconf 91' lang='lat' dir='ltr'><strong>opus</strong></span> <span class='ocrx_word' id='word_1_379' title='bbox 1415 4773 1793 4835; x_wconf 86' lang='lat' dir='ltr'><strong>prosperatum</strong></span> <span class='ocrx_word' id='word_1_380' title='bbox 1837 4773 1922 4820; x_wconf 89' lang='lat' dir='ltr'><strong>est</strong></span> <span class='ocrx_word' id='word_1_381' title='bbox 1964 4773 2024 4819; x_wconf 90' lang='lat' dir='ltr'><strong>ut</strong></span> <span class='ocrx_word' id='word_1_382' title='bbox 2057 4779 2142 4820; x_wconf 89' lang='lat' dir='ltr'><strong>se-</strong></span> 
     </span>
    </p>
   </div>
   <div class='ocr_carea' id='block_1_62' title="bbox 555 4855 2143 4926">
    <p class='ocr_par' dir='ltr' id='par_1_62' title="bbox 555 4855 2143 4926">
     <span class='ocr_line' id='line_1_62' title="bbox 555 4855 2143 4926; baseline 0.002 -17"><span class='ocrx_word' id='word_1_383' title='bbox 555 4855 746 4924; x_wconf 90' lang='lat' dir='ltr'><strong>quenti</strong></span> <span class='ocrx_word' id='word_1_384' title='bbox 806 4870 952 4912; x_wconf 89' lang='lat' dir='ltr'><strong>anno</strong></span> <span class='ocrx_word' id='word_1_385' title='bbox 997 4855 1265 4926; x_wconf 87' lang='lat' dir='ltr'><strong>completa</strong></span> <span class='ocrx_word' id='word_1_386' title='bbox 1313 4856 1692 4912; x_wconf 72' lang='lat' dir='ltr'><strong>mdilicationis</strong></span> <span class='ocrx_word' id='word_1_387' title='bbox 1744 4859 2143 4914; x_wconf 85' lang='lat' dir='ltr'><strong>restauratione</strong></span> 
     </span>
    </p>
   </div>
   <div class='ocr_carea' id='block_1_63' title="bbox 547 4948 2152 5019">
    <p class='ocr_par' dir='ltr' id='par_1_63' title="bbox 547 4948 2152 5019">
     <span class='ocr_line' id='line_1_63' title="bbox 547 4948 2152 5019; baseline 0 -16"><span class='ocrx_word' id='word_1_388' title='bbox 547 4948 911 5004; x_wconf 87' lang='lat' dir='ltr'><strong>dedicaretur.</strong></span> <span class='ocrx_word' id='word_1_389' title='bbox 938 4949 1094 5005; x_wconf 82' lang='lat' dir='ltr'><strong>Anno</strong></span> <span class='ocrx_word' id='word_1_390' title='bbox 1116 4949 1381 5019; x_wconf 87' lang='lat' dir='ltr'><strong>siquidem</strong></span> <span class='ocrx_word' id='word_1_391' title='bbox 1423 4948 1492 5004; x_wconf 89' lang='lat' dir='ltr'><strong>ab</strong></span> <span class='ocrx_word' id='word_1_392' title='bbox 1511 4949 1898 5008; x_wconf 88' lang='lat' dir='ltr'><strong>lncarnatione</strong></span> <span class='ocrx_word' id='word_1_393' title='bbox 1925 4951 2152 5007; x_wconf 84' lang='lat' dir='ltr'><strong>Domini.</strong></span> 
     </span>
    </p>
   </div>
   <div class='ocr_carea' id='block_1_64' title="bbox 549 5041 2142 5115">
    <p class='ocr_par' dir='ltr' id='par_1_64' title="bbox 549 5041 2142 5115">
     <span class='ocr_line' id='line_1_64' title="bbox 549 5041 2142 5115; baseline 0.001 -20"><span class='ocrx_word' id='word_1_394' title='bbox 549 5041 838 5098; x_wconf 88' lang='lat' dir='ltr'><strong>millesimo</strong></span> <span class='ocrx_word' id='word_1_395' title='bbox 866 5043 1165 5098; x_wconf 90' lang='lat' dir='ltr'><strong>centesimo</strong></span> <span class='ocrx_word' id='word_1_396' title='bbox 1214 5042 1554 5112; x_wconf 88' lang='lat' dir='ltr'><strong>duodecimo,</strong></span> <span class='ocrx_word' id='word_1_397' title='bbox 1620 5043 1756 5100; x_wconf 81' lang='lat' dir='ltr'><strong>feria</strong></span> <span class='ocrx_word' id='word_1_398' title='bbox 1805 5044 1997 5114; x_wconf 88' lang='lat' dir='ltr'><strong>quinta</strong></span> <span class='ocrx_word' id='word_1_399' title='bbox 2045 5058 2142 5115; x_wconf 90' lang='lat' dir='ltr'><strong>pa-</strong></span> 
     </span>
    </p>
   </div>
   <div class='ocr_carea' id='block_1_65' title="bbox 551 5134 2142 5207">
    <p class='ocr_par' dir='ltr' id='par_1_65' title="bbox 551 5134 2142 5207">
     <span class='ocr_line' id='line_1_65' title="bbox 551 5134 2142 5207; baseline -0.001 -16"><span class='ocrx_word' id='word_1_400' title='bbox 551 5134 755 5192; x_wconf 86' lang='lat' dir='ltr'><strong>schalis</strong></span> <span class='ocrx_word' id='word_1_401' title='bbox 777 5135 1153 5202; x_wconf 59' lang='lat' dir='ltr'><strong>hebdomadas,</strong></span> <span class='ocrx_word' id='word_1_402' title='bbox 1195 5136 1429 5207; x_wconf 81' lang='lat' dir='ltr'><strong>praefata</strong></span> <span class='ocrx_word' id='word_1_403' title='bbox 1453 5135 1686 5192; x_wconf 86' lang='lat' dir='ltr'><strong>ecclesia</strong></span> <span class='ocrx_word' id='word_1_404' title='bbox 1717 5138 1999 5194; x_wconf 91' lang='lat' dir='ltr'><strong>combusta</strong></span> <span class='ocrx_word' id='word_1_405' title='bbox 2026 5135 2142 5191; x_wconf 75' lang='lat' dir='ltr'><strong>fue-</strong></span> 
     </span>
    </p>
   </div>
   <div class='ocr_carea' id='block_1_66' title="bbox 549 5227 2141 5300">
    <p class='ocr_par' dir='ltr' id='par_1_66' title="bbox 549 5227 2141 5300">
     <span class='ocr_line' id='line_1_66' title="bbox 549 5227 2141 5300; baseline 0.003 -20"><span class='ocrx_word' id='word_1_406' title='bbox 549 5235 658 5293; x_wconf 87' lang='lat' dir='ltr'><strong>rat,</strong></span> <span class='ocrx_word' id='word_1_407' title='bbox 682 5227 796 5298; x_wconf 83' lang='lat'><strong>(57)</strong></span> <span class='ocrx_word' id='word_1_408' title='bbox 821 5244 928 5299; x_wconf 94' lang='lat' dir='ltr'><strong>quo</strong></span> <span class='ocrx_word' id='word_1_409' title='bbox 944 5229 1030 5285; x_wconf 91' lang='lat' dir='ltr'><strong>die</strong></span> <span class='ocrx_word' id='word_1_410' title='bbox 1057 5227 1221 5284; x_wconf 90' lang='lat' dir='ltr'><strong>etiam</strong></span> <span class='ocrx_word' id='word_1_411' title='bbox 1249 5229 1482 5286; x_wconf 92' lang='lat' dir='ltr'><strong>domnus</strong></span> <span class='ocrx_word' id='word_1_412' title='bbox 1503 5229 1826 5286; x_wconf 86' lang='lat' dir='ltr'><strong>Gualdricus</strong></span> <span class='ocrx_word' id='word_1_413' title='bbox 1855 5229 2141 5300; x_wconf 90' lang='lat' dir='ltr'><strong>episcopus</strong></span> 
     </span>
    </p>
   </div>
   <div class='ocr_carea' id='block_1_67' title="bbox 548 5317 2134 5389">
    <p class='ocr_par' dir='ltr' id='par_1_67' title="bbox 548 5317 2134 5389">
     <span class='ocr_line' id='line_1_67' title="bbox 548 5317 2134 5389; baseline 0.003 -17"><span class='ocrx_word' id='word_1_414' title='bbox 548 5317 930 5376; x_wconf 90' lang='lat' dir='ltr'><strong>Laudunensis</strong></span> <span class='ocrx_word' id='word_1_415' title='bbox 960 5321 1256 5378; x_wconf 89' lang='lat' dir='ltr'><strong>crudeliter</strong></span> <span class='ocrx_word' id='word_1_416' title='bbox 1278 5321 1601 5379; x_wconf 84' lang='lat' dir='ltr'><strong>interfectus</strong></span> <span class='ocrx_word' id='word_1_417' title='bbox 1626 5331 1711 5378; x_wconf 88' lang='lat' dir='ltr'><strong>est</strong></span> <span class='ocrx_word' id='word_1_418' title='bbox 1742 5323 1796 5378; x_wconf 93' lang='lat' dir='ltr'><strong>in</strong></span> <span class='ocrx_word' id='word_1_419' title='bbox 1822 5323 1980 5379; x_wconf 89' lang='lat' dir='ltr'><strong>domo</strong></span> <span class='ocrx_word' id='word_1_420' title='bbox 2011 5337 2134 5389; x_wconf 91' lang='lat' dir='ltr'><strong>sua,</strong></span> 
     </span>
    </p>
   </div>
   <div class='ocr_carea' id='block_1_68' title="bbox 550 5413 2140 5488">
    <p class='ocr_par' dir='ltr' id='par_1_68' title="bbox 550 5413 2140 5488">
     <span class='ocr_line' id='line_1_68' title="bbox 550 5413 2140 5488; baseline 0.002 -21"><span class='ocrx_word' id='word_1_421' title='bbox 550 5426 671 5467; x_wconf 87' lang='lat' dir='ltr'><strong>cum</strong></span> <span class='ocrx_word' id='word_1_422' title='bbox 701 5413 1025 5484; x_wconf 88' lang='lat' dir='ltr'><strong>quibusdam</strong></span> <span class='ocrx_word' id='word_1_423' title='bbox 1049 5431 1124 5488; x_wconf 67' lang='lat' dir='ltr'><strong>ex</strong></span> <span class='ocrx_word' id='word_1_424' title='bbox 1156 5416 1466 5472; x_wconf 83' lang='lat' dir='ltr'><strong>hominibus</strong></span> <span class='ocrx_word' id='word_1_425' title='bbox 1498 5417 1658 5482; x_wconf 78' lang='lat' dir='ltr'><strong>suis,</strong></span> <span class='ocrx_word' id='word_1_426' title='bbox 1694 5417 2066 5486; x_wconf 87' lang='lat' dir='ltr'><strong>successitque</strong></span> <span class='ocrx_word' id='word_1_427' title='bbox 2090 5415 2140 5470; x_wconf 92' lang='lat' dir='ltr'><strong>ei</strong></span> 
     </span>
    </p>
   </div>
   <div class='ocr_carea' id='block_1_69' title="bbox 551 5503 2142 5580">
    <p class='ocr_par' dir='ltr' id='par_1_69' title="bbox 551 5503 2142 5580">
     <span class='ocr_line' id='line_1_69' title="bbox 551 5503 2142 5580; baseline 0.004 -20"><span class='ocrx_word' id='word_1_428' title='bbox 551 5503 606 5560; x_wconf 88' lang='lat' dir='ltr'><strong>in</strong></span> <span class='ocrx_word' id='word_1_429' title='bbox 655 5507 975 5579; x_wconf 88' lang='lat' dir='ltr'><strong>cpisc0patu</strong></span> <span class='ocrx_word' id='word_1_430' title='bbox 1031 5510 1261 5565; x_wconf 84' lang='lat' dir='ltr'><strong>domnus</strong></span> <span class='ocrx_word' id='word_1_431' title='bbox 1290 5509 1488 5580; x_wconf 84' lang='lat' dir='ltr'><strong>Hugo;</strong></span> <span class='ocrx_word' id='word_1_432' title='bbox 1536 5509 1660 5579; x_wconf 90' lang='lat' dir='ltr'><strong>qui,</strong></span> <span class='ocrx_word' id='word_1_433' title='bbox 1699 5525 1820 5564; x_wconf 93' lang='lat' dir='ltr'><strong>cum</strong></span> <span class='ocrx_word' id='word_1_434' title='bbox 1873 5510 1964 5564; x_wconf 81' lang='lat' dir='ltr'><strong>vix</strong></span> <span class='ocrx_word' id='word_1_435' title='bbox 2018 5517 2142 5566; x_wconf 86' lang='lat' dir='ltr'><strong>octo</strong></span> 
     </span>
    </p>
   </div>
   <div class='ocr_carea' id='block_1_70' title="bbox 551 5597 2141 5670">
    <p class='ocr_par' dir='ltr' id='par_1_70' title="bbox 551 5597 2141 5670">
     <span class='ocr_line' id='line_1_70' title="bbox 551 5597 2141 5670; baseline 0.004 -18"><span class='ocrx_word' id='word_1_436' title='bbox 551 5601 830 5656; x_wconf 90' lang='lat' dir='ltr'><strong>mensibus</strong></span> <span class='ocrx_word' id='word_1_437' title='bbox 858 5603 1271 5670; x_wconf 79' lang='lat' dir='ltr'><strong>supervixisset,</strong></span> <span class='ocrx_word' id='word_1_438' title='bbox 1305 5617 1373 5658; x_wconf 86' lang='lat' dir='ltr'><strong>eo</strong></span> <span class='ocrx_word' id='word_1_439' title='bbox 1406 5601 1662 5659; x_wconf 86' lang='lat' dir='ltr'><strong>defuncto</strong></span> <span class='ocrx_word' id='word_1_440' title='bbox 1709 5597 1942 5659; x_wconf 82' lang='lat' dir='ltr'><strong>electus</strong></span> <span class='ocrx_word' id='word_1_441' title='bbox 1967 5602 2141 5658; x_wconf 89' lang='lat' dir='ltr'><strong>estad</strong></span> 
     </span>
    </p>
   </div>
   <div class='ocr_carea' id='block_1_71' title="bbox 625 5755 1979 5832">
    <p class='ocr_par' dir='ltr' id='par_1_71' title="bbox 625 5755 1979 5832">
     <span class='ocr_line' id='line_1_71' title="bbox 625 5755 1979 5832; baseline 0.001 -21"><span class='ocrx_word' id='word_1_442' title='bbox 625 5755 739 5829; x_wconf 72' lang='lat'><strong>(57)</strong></span> <span class='ocrx_word' id='word_1_443' title='bbox 775 5757 854 5813; x_wconf 85' lang='lat' dir='ltr'><strong>Ita</strong></span> <span class='ocrx_word' id='word_1_444' title='bbox 874 5757 1034 5814; x_wconf 85' lang='lat' dir='ltr'><strong>etiam</strong></span> <span class='ocrx_word' id='word_1_445' title='bbox 1063 5757 1308 5816; x_wconf 89' lang='lat' dir='ltr'><strong>Guibert.</strong></span> <span class='ocrx_word' id='word_1_446' title='bbox 1339 5761 1477 5817; x_wconf 70' lang='lat' dir='ltr'><strong>Vitm</strong></span> <span class='ocrx_word' id='word_1_447' title='bbox 1502 5760 1597 5816; x_wconf 90' lang='lat' dir='ltr'><strong>lib.</strong></span> <span class='ocrx_word' id='word_1_448' title='bbox 1631 5776 1716 5830; x_wconf 84' lang='grc' dir='ltr'>ιιι,</span> <span class='ocrx_word' id='word_1_449' title='bbox 1743 5776 1861 5832; x_wconf 86' lang='lat' dir='ltr'><strong>cap.</strong></span> <span class='ocrx_word' id='word_1_450' title='bbox 1896 5760 1979 5815; x_wconf 85' lang='lat' dir='ltr'><strong>ll.</strong></span> 
     </span>
    </p>
   </div>
   <div class='ocr_carea' id='block_1_72' title="bbox 443 4378 3816 4471">
    <p class='ocr_par' dir='ltr' id='par_1_72' title="bbox 443 4378 3816 4471">
     <span class='ocr_line' id='line_1_72' title="bbox 443 4378 3816 4471; baseline -0.002 -19"><span class='ocrx_word' id='word_1_451' title='bbox 443 4437 446 4440; x_wconf 91' lang='grc'><strong><em>-</em></strong></span> <span class='ocrx_word' id='word_1_452' title='bbox 551 4393 714 4468; x_wconf 73' lang='grc'><strong>543</strong></span> <span class='ocrx_word' id='word_1_453' title='bbox 749 4391 879 4452; x_wconf 87' lang='lat' dir='ltr'><strong>CAP.</strong></span> <span class='ocrx_word' id='word_1_454' title='bbox 899 4391 942 4450; x_wconf 88' lang='lat' dir='ltr'><strong>I.</strong></span> <span class='ocrx_word' id='word_1_455' title='bbox 971 4423 1044 4436; x_wconf 90' lang='lat'><strong>-—</strong></span> <span class='ocrx_word' id='word_1_456' title='bbox 1071 4393 1144 4450; x_wconf 84' lang='lat' dir='ltr'><strong>De</strong></span> <span class='ocrx_word' id='word_1_457' title='bbox 1174 4393 1517 4471; x_wconf 76' lang='lat' dir='ltr'><strong>multitudine</strong></span> <span class='ocrx_word' id='word_1_458' title='bbox 1537 4391 1719 4471; x_wconf 75' lang='lat' dir='ltr'><strong>populi</strong></span> <span class='ocrx_word' id='word_1_459' title='bbox 1740 4392 1810 4448; x_wconf 90' lang='lat' dir='ltr'><strong>ad</strong></span> <span class='ocrx_word' id='word_1_460' title='bbox 1851 4392 2143 4450; x_wconf 87' lang='lat' dir='ltr'><strong>dedicatio-</strong></span> <span class='ocrx_word' id='word_1_461' title='bbox 2171 4378 2220 4440; x_wconf 86' lang='grc' dir='ltr'><strong>Β</strong></span> <span class='ocrx_word' id='word_1_462' title='bbox 2247 4389 2651 4468; x_wconf 72' lang='lat' dir='ltr'><strong>pontiﬁcatum,</strong></span> <span class='ocrx_word' id='word_1_463' title='bbox 2701 4406 2762 4454; x_wconf 92' lang='lat' dir='ltr'><strong>ut</strong></span> <span class='ocrx_word' id='word_1_464' title='bbox 2813 4395 3242 4471; x_wconf 89' lang='lat' dir='ltr'><strong>suprascriptum</strong></span> <span class='ocrx_word' id='word_1_465' title='bbox 3271 4403 3378 4462; x_wconf 89' lang='lat' dir='ltr'><strong>est,</strong></span> <span class='ocrx_word' id='word_1_466' title='bbox 3437 4395 3674 4452; x_wconf 90' lang='lat' dir='ltr'><strong>domnus</strong></span> <span class='ocrx_word' id='word_1_467' title='bbox 3707 4391 3816 4448; x_wconf 84' lang='lat' dir='ltr'><strong>Bar-</strong></span> 
     </span>
    </p>
   </div>
   <div class='ocr_carea' id='block_1_73' title="bbox 2247 4482 3812 4560">
    <p class='ocr_par' dir='ltr' id='par_1_73' title="bbox 2247 4482 3812 4560">
     <span class='ocr_line' id='line_1_73' title="bbox 2247 4482 3812 4560; baseline -0.005 -18"><span class='ocrx_word' id='word_1_468' title='bbox 2247 4487 2585 4544; x_wconf 81' lang='lat' dir='ltr'><strong>tbolomaeus.</strong></span> <span class='ocrx_word' id='word_1_469' title='bbox 2601 4487 2702 4544; x_wconf 87' lang='lat' dir='ltr'><strong>Hic</strong></span> <span class='ocrx_word' id='word_1_470' title='bbox 2728 4489 3018 4560; x_wconf 90' lang='lat' dir='ltr'><strong>episcopus</strong></span> <span class='ocrx_word' id='word_1_471' title='bbox 3046 4497 3399 4544; x_wconf 89' lang='lat' dir='ltr'><strong>consecratus</strong></span> <span class='ocrx_word' id='word_1_472' title='bbox 3423 4487 3560 4542; x_wconf 90' lang='lat' dir='ltr'><strong>adeo</strong></span> <span class='ocrx_word' id='word_1_473' title='bbox 3578 4482 3812 4554; x_wconf 84' lang='lat' dir='ltr'><strong>templum</strong></span> 
     </span>
    </p>
   </div>
   <div class='ocr_carea' id='block_1_74' title="bbox 2244 4578 3820 4650">
    <p class='ocr_par' dir='ltr' id='par_1_74' title="bbox 2244 4578 3820 4650">
     <span class='ocr_line' id='line_1_74' title="bbox 2244 4578 3820 4650; baseline -0.004 -14"><span class='ocrx_word' id='word_1_474' title='bbox 2244 4580 2486 4637; x_wconf 64' lang='lat' dir='ltr'><strong>Domina:</strong></span> <span class='ocrx_word' id='word_1_475' title='bbox 2533 4590 2734 4638; x_wconf 68' lang='lat' dir='ltr'><strong>nostra:</strong></span> <span class='ocrx_word' id='word_1_476' title='bbox 2782 4583 2992 4640; x_wconf 91' lang='lat' dir='ltr'><strong>studuit</strong></span> <span class='ocrx_word' id='word_1_477' title='bbox 3032 4581 3369 4650; x_wconf 88' lang='lat' dir='ltr'><strong>accelerare,</strong></span> <span class='ocrx_word' id='word_1_478' title='bbox 3427 4590 3487 4634; x_wconf 90' lang='lat' dir='ltr'><strong>ut</strong></span> <span class='ocrx_word' id='word_1_479' title='bbox 3537 4587 3662 4650; x_wconf 89' lang='lat' dir='ltr'><strong>post</strong></span> <span class='ocrx_word' id='word_1_480' title='bbox 3707 4578 3820 4631; x_wconf 85' lang='lat' dir='ltr'><strong>duos</strong></span> 
     </span>
    </p>
   </div>
   <div class='ocr_carea' id='block_1_75' title="bbox 2243 4665 3818 4744">
    <p class='ocr_par' dir='ltr' id='par_1_75' title="bbox 2243 4665 3818 4744">
     <span class='ocr_line' id='line_1_75' title="bbox 2243 4665 3818 4744; baseline -0.007 -16"><span class='ocrx_word' id='word_1_481' title='bbox 2243 4672 2577 4728; x_wconf 90' lang='lat' dir='ltr'><strong>semi-annos</strong></span> <span class='ocrx_word' id='word_1_482' title='bbox 2607 4673 2937 4730; x_wconf 90' lang='lat' dir='ltr'><strong>incensionis</strong></span> <span class='ocrx_word' id='word_1_483' title='bbox 2965 4673 3104 4744; x_wconf 87' lang='lat' dir='ltr'><strong>ejus,</strong></span> <span class='ocrx_word' id='word_1_484' title='bbox 3139 4687 3356 4728; x_wconf 89' lang='lat' dir='ltr'><strong>rursum</strong></span> <span class='ocrx_word' id='word_1_485' title='bbox 3390 4669 3548 4726; x_wconf 84' lang='lat' dir='ltr'><strong>ﬁeret</strong></span> <span class='ocrx_word' id='word_1_486' title='bbox 3576 4665 3818 4725; x_wconf 84' lang='lat' dir='ltr'><strong>solemnis</strong></span> 
     </span>
    </p>
   </div>
   <div class='ocr_carea' id='block_1_76' title="bbox 2243 4759 3811 4837">
    <p class='ocr_par' dir='ltr' id='par_1_76' title="bbox 2243 4759 3811 4837">
     <span class='ocr_line' id='line_1_76' title="bbox 2243 4759 3811 4837; baseline -0.004 -15"><span class='ocrx_word' id='word_1_487' title='bbox 2243 4765 2512 4822; x_wconf 88' lang='lat' dir='ltr'><strong>dedicatio</strong></span> <span class='ocrx_word' id='word_1_488' title='bbox 2544 4767 2735 4837; x_wconf 87' lang='lat' dir='ltr'><strong>ipsius,</strong></span> <span class='ocrx_word' id='word_1_489' title='bbox 2764 4782 2907 4822; x_wconf 84' lang='lat' dir='ltr'><strong>anno</strong></span> <span class='ocrx_word' id='word_1_490' title='bbox 2948 4767 3156 4823; x_wconf 89' lang='lat' dir='ltr'><strong>scilicet</strong></span> <span class='ocrx_word' id='word_1_491' title='bbox 3198 4765 3268 4820; x_wconf 91' lang='lat' dir='ltr'><strong>ab</strong></span> <span class='ocrx_word' id='word_1_492' title='bbox 3296 4763 3686 4819; x_wconf 77' lang='lat' dir='ltr'><strong>incarnatione</strong></span> <span class='ocrx_word' id='word_1_493' title='bbox 3721 4759 3811 4814; x_wconf 83' lang='lat' dir='ltr'><strong>Do-</strong></span> 
     </span>
    </p>
   </div>
   <div class='ocr_carea' id='block_1_77' title="bbox 2245 4855 3529 4929">
    <p class='ocr_par' dir='ltr' id='par_1_77' title="bbox 2245 4855 3529 4929">
     <span class='ocr_line' id='line_1_77' title="bbox 2245 4855 3529 4929; baseline -0.003 -15"><span class='ocrx_word' id='word_1_494' title='bbox 2245 4858 2376 4914; x_wconf 90' lang='lat' dir='ltr'><strong>mini</strong></span> <span class='ocrx_word' id='word_1_495' title='bbox 2409 4857 2701 4915; x_wconf 90' lang='lat' dir='ltr'><strong>millesimo</strong></span> <span class='ocrx_word' id='word_1_496' title='bbox 2740 4859 3040 4915; x_wconf 89' lang='lat' dir='ltr'><strong>centesimo</strong></span> <span class='ocrx_word' id='word_1_497' title='bbox 3069 4865 3267 4929; x_wconf 91' lang='lat' dir='ltr'><strong>quarto</strong></span> <span class='ocrx_word' id='word_1_498' title='bbox 3293 4855 3529 4912; x_wconf 90' lang='lat' dir='ltr'><strong>decimo.</strong></span> 
     </span>
    </p>
   </div>
   <div class='ocr_carea' id='block_1_78' title="bbox 2315 4945 3819 5020">
    <p class='ocr_par' dir='ltr' id='par_1_78' title="bbox 2315 4945 3819 5020">
     <span class='ocr_line' id='line_1_78' title="bbox 2315 4945 3819 5020; baseline -0.005 -18"><span class='ocrx_word' id='word_1_499' title='bbox 2315 4948 2527 5005; x_wconf 81' lang='lat' dir='ltr'><strong>Placuit</strong></span> <span class='ocrx_word' id='word_1_500' title='bbox 2574 4957 2755 5005; x_wconf 89' lang='lat' dir='ltr'><strong>autem</strong></span> <span class='ocrx_word' id='word_1_501' title='bbox 2807 4951 3062 5020; x_wconf 91' lang='lat' dir='ltr'><strong>episcopo</strong></span> <span class='ocrx_word' id='word_1_502' title='bbox 3091 4957 3146 5004; x_wconf 88' lang='lat' dir='ltr'><strong>et</strong></span> <span class='ocrx_word' id='word_1_503' title='bbox 3199 4947 3504 5013; x_wconf 88' lang='lat' dir='ltr'><strong>canonicis,</strong></span> <span class='ocrx_word' id='word_1_504' title='bbox 3561 4953 3624 5001; x_wconf 88' lang='lat' dir='ltr'><strong>ut</strong></span> <span class='ocrx_word' id='word_1_505' title='bbox 3651 4945 3819 5000; x_wconf 87' lang='lat' dir='ltr'><strong>eodem</strong></span> 
     </span>
    </p>
   </div>
   <div class='ocr_carea' id='block_1_79' title="bbox 2243 5033 3817 5112">
    <p class='ocr_par' dir='ltr' id='par_1_79' title="bbox 2243 5033 3817 5112">
     <span class='ocr_line' id='line_1_79' title="bbox 2243 5033 3817 5112; baseline -0.003 -17"><span class='ocrx_word' id='word_1_506' title='bbox 2243 5037 2331 5095; x_wconf 87' lang='lat' dir='ltr'><strong>die</strong></span> <span class='ocrx_word' id='word_1_507' title='bbox 2381 5051 2799 5098; x_wconf 86' lang='lat' dir='ltr'><strong>consecraretur</strong></span> <span class='ocrx_word' id='word_1_508' title='bbox 2831 5055 2940 5112; x_wconf 93' lang='lat' dir='ltr'><strong>quo</strong></span> <span class='ocrx_word' id='word_1_509' title='bbox 2967 5039 3201 5097; x_wconf 88' lang='lat' dir='ltr'><strong>celebris</strong></span> <span class='ocrx_word' id='word_1_510' title='bbox 3222 5039 3345 5112; x_wconf 80' lang='lat' dir='ltr'><strong>ejus</strong></span> <span class='ocrx_word' id='word_1_511' title='bbox 3374 5038 3652 5097; x_wconf 84' lang='lat' dir='ltr'><strong>dedicatio</strong></span> <span class='ocrx_word' id='word_1_512' title='bbox 3676 5033 3817 5089; x_wconf 85' lang='lat' dir='ltr'><strong>anuis</strong></span> 
     </span>
    </p>
   </div>
   <div class='ocr_carea' id='block_1_80' title="bbox 2243 5123 3820 5200">
    <p class='ocr_par' dir='ltr' id='par_1_80' title="bbox 2243 5123 3820 5200">
     <span class='ocr_line' id='line_1_80' title="bbox 2243 5123 3820 5200; baseline -0.008 -14"><span class='ocrx_word' id='word_1_513' title='bbox 2243 5129 2468 5200; x_wconf 81' lang='lat' dir='ltr'><strong>singulis</strong></span> <span class='ocrx_word' id='word_1_514' title='bbox 2518 5131 2798 5188; x_wconf 87' lang='lat' dir='ltr'><strong>observari</strong></span> <span class='ocrx_word' id='word_1_515' title='bbox 2853 5138 3234 5196; x_wconf 84' lang='lat' dir='ltr'><strong>consueverat,</strong></span> <span class='ocrx_word' id='word_1_516' title='bbox 3269 5129 3322 5184; x_wconf 91' lang='lat' dir='ltr'><strong>id</strong></span> <span class='ocrx_word' id='word_1_517' title='bbox 3373 5139 3461 5186; x_wconf 89' lang='lat' dir='ltr'><strong>est</strong></span> <span class='ocrx_word' id='word_1_518' title='bbox 3495 5137 3687 5185; x_wconf 83' lang='lat' dir='ltr'><strong>octavo</strong></span> <span class='ocrx_word' id='word_1_519' title='bbox 3715 5123 3820 5178; x_wconf 85' lang='lat' dir='ltr'><strong>ldus</strong></span> 
     </span>
    </p>
   </div>
   <div class='ocr_carea' id='block_1_81' title="bbox 2248 5218 3820 5294">
    <p class='ocr_par' dir='ltr' id='par_1_81' title="bbox 2248 5218 3820 5294">
     <span class='ocr_line' id='line_1_81' title="bbox 2248 5218 3820 5294; baseline -0.008 -16"><span class='ocrx_word' id='word_1_520' title='bbox 2248 5223 2610 5294; x_wconf 89' lang='lat' dir='ltr'><strong>Septembris,</strong></span> <span class='ocrx_word' id='word_1_521' title='bbox 2662 5223 2824 5280; x_wconf 87' lang='lat' dir='ltr'><strong>tertio</strong></span> <span class='ocrx_word' id='word_1_522' title='bbox 2867 5223 3124 5279; x_wconf 86' lang='lat' dir='ltr'><strong>videlicet</strong></span> <span class='ocrx_word' id='word_1_523' title='bbox 3158 5223 3248 5279; x_wconf 93' lang='lat' dir='ltr'><strong>die</strong></span> <span class='ocrx_word' id='word_1_524' title='bbox 3303 5231 3434 5278; x_wconf 89' lang='lat' dir='ltr'><strong>ante</strong></span> <span class='ocrx_word' id='word_1_525' title='bbox 3484 5218 3820 5276; x_wconf 82' lang='lat' dir='ltr'><strong>Nativilatem</strong></span> 
     </span>
    </p>
   </div>
   <div class='ocr_carea' id='block_1_82' title="bbox 2242 5312 3818 5387">
    <p class='ocr_par' dir='ltr' id='par_1_82' title="bbox 2242 5312 3818 5387">
     <span class='ocr_line' id='line_1_82' title="bbox 2242 5312 3818 5387; baseline -0.005 -17"><span class='ocrx_word' id='word_1_526' title='bbox 2242 5315 2419 5370; x_wconf 73' lang='lat' dir='ltr'><strong>Beatze</strong></span> <span class='ocrx_word' id='word_1_527' title='bbox 2443 5314 2643 5370; x_wconf 70' lang='lat' dir='ltr'><strong>Maria).</strong></span> <span class='ocrx_word' id='word_1_528' title='bbox 2667 5316 2748 5370; x_wconf 86' lang='lat' dir='ltr'><strong>Ad</strong></span> <span class='ocrx_word' id='word_1_529' title='bbox 2777 5331 2938 5387; x_wconf 89' lang='lat' dir='ltr'><strong>quam</strong></span> <span class='ocrx_word' id='word_1_530' title='bbox 2966 5315 3366 5370; x_wconf 88' lang='lat' dir='ltr'><strong>dedicationem</strong></span> <span class='ocrx_word' id='word_1_531' title='bbox 3390 5313 3652 5384; x_wconf 69' lang='lat' dir='ltr'><strong>praefatus</strong></span> <span class='ocrx_word' id='word_1_532' title='bbox 3681 5312 3818 5366; x_wconf 82' lang='lat' dir='ltr'><strong>dom-</strong></span> 
     </span>
    </p>
   </div>
   <div class='ocr_carea' id='block_1_83' title="bbox 2242 5403 3822 5479">
    <p class='ocr_par' dir='ltr' id='par_1_83' title="bbox 2242 5403 3822 5479">
     <span class='ocr_line' id='line_1_83' title="bbox 2242 5403 3822 5479; baseline -0.005 -18"><span class='ocrx_word' id='word_1_533' title='bbox 2242 5423 2344 5462; x_wconf 90' lang='lat' dir='ltr'><strong>nus</strong></span> <span class='ocrx_word' id='word_1_534' title='bbox 2366 5406 2791 5464; x_wconf 73' lang='lat' dir='ltr'><strong>Bartholomaeus</strong></span> <span class='ocrx_word' id='word_1_535' title='bbox 2827 5409 3116 5479; x_wconf 89' lang='lat' dir='ltr'><strong>episcopus</strong></span> <span class='ocrx_word' id='word_1_536' title='bbox 3157 5408 3451 5463; x_wconf 83' lang='lat' dir='ltr'><strong>accersivit</strong></span> <span class='ocrx_word' id='word_1_537' title='bbox 3495 5421 3680 5463; x_wconf 89' lang='lat' dir='ltr'><strong>secum</strong></span> <span class='ocrx_word' id='word_1_538' title='bbox 3737 5403 3822 5456; x_wconf 83' lang='lat' dir='ltr'><strong>Ila-</strong></span> 
     </span>
    </p>
   </div>
   <div class='ocr_carea' id='block_1_84' title="bbox 2249 5495 3820 5570">
    <p class='ocr_par' dir='ltr' id='par_1_84' title="bbox 2249 5495 3820 5570">
     <span class='ocr_line' id='line_1_84' title="bbox 2249 5495 3820 5570; baseline -0.007 -16"><span class='ocrx_word' id='word_1_539' title='bbox 2249 5499 2510 5568; x_wconf 87' lang='lat' dir='ltr'><strong>dulphum</strong></span> <span class='ocrx_word' id='word_1_540' title='bbox 2561 5499 2856 5555; x_wconf 81' lang='lat' dir='ltr'><strong>Remorum</strong></span> <span class='ocrx_word' id='word_1_541' title='bbox 2908 5500 3432 5570; x_wconf 87' lang='lat' dir='ltr'><strong>archiepiscopum,</strong></span> <span class='ocrx_word' id='word_1_542' title='bbox 3487 5495 3820 5554; x_wconf 83' lang='lat' dir='ltr'><strong>Cuillclmum</strong></span> 
     </span>
    </p>
   </div>
   <div class='ocr_carea' id='block_1_85' title="bbox 2242 5589 3822 5663">
    <p class='ocr_par' dir='ltr' id='par_1_85' title="bbox 2242 5589 3822 5663">
     <span class='ocr_line' id='line_1_85' title="bbox 2242 5589 3822 5663; baseline -0.003 -17"><span class='ocrx_word' id='word_1_543' title='bbox 2242 5590 2691 5646; x_wconf 83' lang='lat' dir='ltr'><strong>Catalaunensem</strong></span> <span class='ocrx_word' id='word_1_544' title='bbox 2731 5591 3071 5663; x_wconf 86' lang='lat' dir='ltr'><strong>episc0pum,</strong></span> <span class='ocrx_word' id='word_1_545' title='bbox 3118 5591 3430 5647; x_wconf 85' lang='lat' dir='ltr'><strong>Lisiardum</strong></span> <span class='ocrx_word' id='word_1_546' title='bbox 3472 5589 3822 5648; x_wconf 83' lang='lat' dir='ltr'><strong>Suessionen—</strong></span> 
     </span>
    </p>
   </div>
  </div>
