4018 6324
229 454 328 515 939

225 628 562 718 nect'enscm.
615 654 788 710 Tanta
837 665 966 706 vero
1000 646 1170 720 plebis
1221 639 1506 698 multitudo
1555 628 1815 690 confluxit

225 753 292 810 ad
325 751 500 821 ipsam
529 745 970 808 dedicationem,
1015 749 1076 794 ut
1101 737 1336 792 ducenta
1383 729 1550 787 millia
1610 720 1808 782 diversi

224 860 385 903 sexus
412 851 468 898 et
501 841 679 898 {etatis
701 839 951 894 dicantur
994 829 1306 888 interfuisse
1335 845 1350 894 ;
1398 836 1593 894 magna
1643 814 1810 887 siqui-

224 937 348 993 dem
376 934 567 990 lattitia
604 940 922 988 cunctorum
963 923 1222 982 cordibus
1275 921 1470 984 inerat,
1501 913 1644 985 quod
1689 914 1812 976 post

227 1039 442 1086 tantam
498 1024 738 1097 ejusdem
768 1020 1048 1084 Ecclesiae,
1079 1017 1190 1072 imo
1242 1013 1412 1068 totius
1435 1000 1812 1064 Lauduncnsis

222 1123 377 1178 urbis
405 1093 822 1182 desolationem,
847 1116 901 1169 in
932 1121 1042 1167 tam
1074 1108 1222 1165 brevi
1254 1104 1452 1178 spatio,
1479 1101 1530 1155 id
1562 1105 1644 1154 est
1670 1093 1810 1149 infra

223 1212 360 1268 duos
390 1211 747 1272 senti-annos,
793 1207 859 1260 de
892 1210 1042 1256 tanta
1095 1207 1312 1266 tamque
1362 1188 1630 1263 profunda
1662 1193 1812 1239 tene-

222 1303 450 1358 brarum
494 1311 550 1358 et
598 1296 927 1355 calamitatis
975 1290 1258 1361 voragine,
1294 1295 1502 1341 tantum
1549 1275 1814 1336 claritatis

220 1390 322 1468 per
349 1395 444 1450 Dei
487 1391 778 1468 Genitricis
809 1383 1242 1443 misericordiam
1275 1377 1532 1433 videbant
1575 1369 1814 1440 resplen-

233 1485 423 1544 duisse
475 1467 743 1558 fulgorem
777 1523 791 1548 ,
839 1490 901 1535 ut
930 1477 1031 1548 ipsi
1063 1487 1279 1548 quoque
1326 1467 1584 1525 Ecclesiae
1617 1473 1814 1518 nostrae

222 1581 505 1636 videretur
553 1594 660 1633 non
717 1573 990 1630 immerito
1041 1583 1201 1641 posse
1257 1561 1499 1634 eoaptari
1550 1558 1639 1614 illa
1689 1569 1816 1626 pro-

221 1675 402 1745 phetae
430 1671 610 1744 Aggaei
654 1665 957 1731 Sententia,
1008 1679 1169 1734 quam
1201 1662 1266 1716 de
1296 1653 1655 1714 restaurando
1693 1653 1822 1732 post.

221 1741 538 1836 Rabylonize
618 1753 984 1830 captivitatem
1043 1757 1098 1809 in
1163 1747 1552 1820 Hierosolymis
1617 1741 1816 1818 templo

221 1833 497 1928 quondam
530 1852 896 1924 propltetavit,
954 1850 1184 1905 dicens:
1223 1864 1241 1897 ι
1281 1843 1474 1912 Magna
1503 1837 1608 1894 erit
1647 1833 1814 1907 gloria
1845 1886 1890 1946 Β

226 1950 426 2003 domus
479 1945 639 2016 hujus
668 1945 937 2008 secundae,
976 1941 1260 2013 plusquam
1311 1933 1508 2006 prioris
1557 1930 1708 2002 (Agg.
1750 1942 1813 1992 ιι,

221 2039 339 2111 10).
362 2060 379 2091 ι
398 2038 456 2095 Si
479 2039 621 2094 enim
651 2039 880 2109 diligens
901 2035 1070 2090 lector
1096 2029 1354 2086 attentius
1376 2025 1648 2096 inspicere
1662 2019 1826 2103 velit,‘

219 2145 420 2187 revera
452 2129 708 2186 facillime
748 2127 950 2200 poterit
989 2123 1280 2194 conjicere,
1305 2129 1428 2190 post
1470 2112 1817 2173 desolationis

221 2220 454 2287 luctum,
507 2221 767 2290 majorem
825 2219 1048 2290 gloriam
1108 2223 1162 2271 et
1197 2206 1668 2268 exaltationemiu
1710 2191 1822 2258 Ec-l

220 2313 392 2370 clesia
441 2313 808 2380 Laudunensi,
843 2326 1002 2382 quam
1043 2307 1194 2381 prius
1232 2304 1429 2370 fuerat,
1462 2298 1814 2358 successisse.

243 2491 256 2503 .
301 2449 435 2518 Quis
465 2464 701 2522 namque
724 2450 886 2519 digne
909 2447 1110 2520 poterit
1143 2443 1352 2500 referre
1403 2449 1642 2512 quantus
1668 2443 1822 2508 post-

239 2544 464 2598 modum
493 2543 548 2598 in
577 2543 893 2613 episcopatu
946 2537 1317 2606 Laudunensi,
1351 2542 1405 2590 et
1439 2534 1506 2588 de
1550 2533 1670 2603 ipso
1721 2543 1822 2599 per

229 2645 409 2691 totum
441 2652 581 2707 pene
612 2628 880 2694 terrarum
904 2633 1090 2690 orbem
1115 2631 1292 2703 fulgor
1316 2627 1592 2698 religionis
1617 2633 1674 2681 et
1697 2622 1822 2678 novi

223 2727 455 2784 luminis
475 2729 796 2784 refulserit?
824 2735 948 2798 post
974 2740 1179 2797 paucos
1203 2723 1471 2795 siquidem
1496 2711 1690 2786 annos,
1730 2716 1823 2772 ille

225 2822 359 2877 novi
391 2821 612 2876 luminis
642 2834 903 2890 novaeque
954 2815 1348 2880 conversionis,
1397 2829 1502 2868 non
1533 2811 1708 2867 solum
1740 2808 1824 2863 in-

224 2913 480 2980 terioris,
533 2913 628 2967 sed
679 2911 841 2966 etiam
877 2908 1169 2964 exterioris
1220 2905 1473 2962 candoris
1523 2917 1696 2958 novus
1736 2901 1820 2954 in-

227 3013 428 3058 ventor
447 3013 502 3058 et
530 3003 816 3073 incoeptor,
865 3001 1098 3058 domnus
1151 2998 1360 3054 scilicet
1409 2996 1726 3060 Norberlus,
1758 2993 1823 3048 de

221 3097 586 3170 Lotharingia
608 3097 899 3153 Franciam
921 3095 1243 3158 adveniens,
1272 3092 1452 3146 divina
1482 3088 1823 3159 praecedente

220 3197 285 3245 et
313 3192 612 3246 comitante
660 3190 862 3262 gratia,
894 3190 949 3244 in
986 3189 1303 3259 episcopatu
1327 3174 1685 3240 Lauduuensi
1713 3181 1824 3251 pri—

223 3279 381 3339 mam
425 3283 572 3338 illam
604 3283 816 3339 vineam
847 3281 1136 3354 plantavit,
1181 3295 1322 3349 quae,
1347 3278 1400 3333 in
1423 3275 1695 3332 charitate
1726 3289 1815 3326 ra-
1850 3251 1897 3316 ο

221 3375 409 3430 dicata
441 3372 655 3444 (Ephes.
685 3389 769 3439 ιιι,
805 3373 918 3442 17),
947 3381 1003 3428 et
1023 3371 1246 3426 fundata
1270 3369 1382 3438 jam
1436 3366 1682 3439 implevit
1713 3373 1820 3420 ter-

201 3481 372 3534 .ram,
423 3467 831 3536 extendensque
865 3465 1116 3536 palmites
1159 3478 1286 3519 suos
1316 3477 1489 3533 usque
1543 3461 1610 3515 ad
1642 3475 1817 3525 mare,

222 3566 288 3615 et.
307 3573 476 3628 usque
524 3558 591 3612 ad
634 3557 832 3612 flumen
877 3556 1206 3627 propagines
1247 3570 1373 3610 suas
1423 3551 1603 3624 (Psaf.
1630 3567 1818 3617 Lxxrx,

229 3651 351 3721 η),
376 3652 508 3705 vino
558 3648 895 3705 fortitudinis
922 3663 1054 3713 suae,
1103 3647 1274 3716 quod.
1304 3645 1546 3700 laetificat
1571 3660 1668 3701 cor
1717 3643 1820 3698 ho-

219 3741 598 3814 minis,(Psal.
623 3758 801 3806 CXLIX,
828 3742 900 3811 1),
919 3739 1035 3809 jam
1059 3738 1295 3794 ubertim
1314 3735 1612 3812 inebriavit
1636 3733 1820 3805 plures

221 3836 507 3910 principes
544 3845 601 3890 et
626 3836 843 3907 judiccs
878 3843 1059 3899 terrae,
1107 3829 1339 3900 juvenes
1371 3837 1426 3886 et
1453 3829 1716 3900 virgines,
1743 3843 1820 3882 se-

220 3943 328 3982 nes
349 3943 472 3981 cum
508 3923 1020 3996 junioribus.(Psal.
1041 3922 1489 3994 chvrIt,12),ita
1521 3929 1582 3975 ut
1605 3920 1820 3976 fortiter

221 4015 487 4073 inebriati
539 4017 674 4072 nihil
714 4017 861 4071 aliud
904 4011 1173 4086 quaerant,
1207 4015 1314 4071 nisi
1362 4010 1587 4069 laudare
1621 4027 1818 4068 nomen

220 4109 470 4175 Domini,
498 4117 554 4163 et
594 4118 818 4163 cantare
861 4108 911 4164 ei
961 4109 1233 4164 canticum
1289 4122 1510 4175 novum,
1562 4106 1820 4176 quoniam

219 4213 472 4258 veterem
521 4201 796 4258 hominem
849 4216 972 4256 cum
1027 4201 1238 4257 artibus
1294 4200 1408 4256 suis
1459 4203 1820 4262 exuentes,ct

222 4293 580 4364 novum,'qui
601 4295 898 4350 secundum
929 4295 1094 4350 Deum
1122 4301 1341 4348 creatus
1394 4300 1501 4358 est,
1535 4290 1821 4344 induentes

222 4386 455 4458 (Ephes.
506 4403 593 4453 ιιι,
642 4387 743 4459 ιιι),
795 4386 1044 4442 carnales
1091 4384 1378 4440 illecebras
1423 4381 1665 4438 fundittts
1688 4379 1820 4448 abji-

220 4479 406 4543 eiunt,
429 4489 483 4533 et
514 4478 670 4550 quasi
721 4479 788 4534 de
835 4493 978 4548 aqua
1017 4478 1070 4532 in
1105 4475 1310 4546 nuptiis
1351 4490 1380 4528 a
1413 4473 1644 4529 Domino
1671 4471 1724 4526 in
1748 4471 1822 4525 vi-
1861 4501 1863 4504 ι

900 432 1264 496 HERMANNI
1305 427 1395 487 DE
1434 421 1670 483 MIRAC.
1699 417 1757 475 S.
1796 410 2037 470 MARIA‘]
2073 405 2378 468 LAUDUN.
2409 403 2487 446 ’--
2515 397 2741 459 1.18.111.

224 545 740 634 sem,Godefridum
785 543 1226 619 Ambianensem,
1281 547 1581 602 Hubertum
1631 530 1882 634 Silva-A
1911 528 2038 585 CAP.
2092 522 2355 634 ιιᾏὸῖὲ

3383 377 3490 442 990

2504 515 2777 585 Quomodo
2823 501 3494 585 domnus‘Bartholomwm

2123 575 2666 666 ἷρὶεεοῇἷιῖἶοήῖηαηι
2699 583 3017 641 Norberlum
3041 575 3310 635 invenerit.

1921 697 1926 704 ’
1982 708 2232 768 Pascltali
2291 705 2558 776 siquidem
2610 717 2746 773 papa
2798 699 2982 754 Romae
3033 693 3320 759 defuncto,
3367 699 3494 745 cum

1911 800 2150 878 Joannes
2213 796 2511 854 cardinalis
2571 795 2620 850 ei
2669 791 2966 849 succedens
3027 785 3272 844 Gelasius
3317 783 3495 838 dictus

1914 875 2126 959 fuisset,
2155 901 2211 946 et
2242 891 2296 946 in
2321 887 2614 944 Franciam
2662 885 2850 939 venire
2875 881 3064 936 volens
3109 877 3252 950 apud
3282 874 3498 932 Clunia-

1917 1001 2041 1041 cum
2087 983 2252 1038 vitam
2287 973 2654 1040 terminasset,
2707 972 3027 1037 cardinales,
3057 969 3146 1040 qui
3175 982 3294 1023 eum
3322 979 3388 1020 eo
3414 977 3499 1016 ve-

1914 1083 2130 1139 nerant,
2161 1084 2218 1129 et
2246 1072 2476 1127 Romam
2501 1083 2599 1139 pro
2623 1065 2887 1120 electione
2933 1060 3176 1116 facienda
3213 1057 3390 1114 redire
3439 1068 3500 1108 se

1913 1183 2020 1225 non
2052 1182 2212 1238 posse
2255 1165 2537 1228 videbant,
2577 1159 2902 1216 necessitate
2933 1153 3220 1224 compulsi,
3248 1151 3501 1222 protinus

1914 1262 2199 1331 elegerunt
2217 1259 2283 1314 ad
2312 1257 2457 1314 sedis
2489 1253 2803 1326 apostolicae
2830 1239 3176 1322 praesulatum
3200 1260 3231 1300 e
3251 1242 3501 1314 proxima

1918 1355 2148 1412 civitate
2203 1353 2459 1409 domnum
2497 1349 2801 1406 Guidonem
2837 1343 3201 1398 Viennensem
3236 1334 3503 1404 archiepi-

1918 1466 2164 1521 scopum,
2180 1448 2356 1503 virum
2379 1444 2614 1502 nobilem
2638 1450 2693 1496 et
2721 1439 3070 1505 industrium,
3107 1433 3308 1505 regina:
3334 1429 3506 1485 Fran=

1917 1556 2104 1597 corum
2128 1538 2396 1610 conjugis,
2430 1536 2646 1592 scilicet
2698 1529 2961 1589 Ludovici
3010 1526 3173 1600 regis,
3225 1531 3504 1596 patruum,

1918 1647 2152 1702 eumque
2204 1631 2256 1686 in
2300 1630 2488 1686 eadem
2547 1625 2832 1699 provincia
2882 1636 3077 1693 papam
3125 1621 3508 1674 consecrantes

1919 1723 2190 1780 Calixtum
2225 1721 2648 1794 appellaverunt.
2675 1717 2776 1773 Hic
2803 1730 2934 1786 ergo
2956 1721 3244 1783 antequam
3278 1708 3508 1764 Romam

1921 1814 2044 1882 iret,
2079 1815 2132 1868 in
2161 1813 2389 1868 Francia
2441 1809 2694 1883 generale
2725 1806 3015 1864 concilium
3072 1813 3259 1860 tenere
3287 1799 3502 1864 voluit;

1921 1910 2284 1977 universaque
2338 1921 2474 1976 pene
2531 1904 2696 1960 totius
2742 1899 3055 1958 Occidentis
3108 1896 3394 1967 episcopos
3455 1897 3512 1946 et

1920 2000 2383 2069 archiepiscopos,
2406 2013 2528 2052 cum
2560 1993 2854 2050 abbatibus
2891 2000 2944 2046 et
2976 1989 3098 2044 aliis
3124 1980 3511 2043 ecclesiasticis

1921 2091 2171 2164 personis
2211 2093 2277 2146 ad
2317 2091 2508 2146 urbem
2539 2088 2834 2143 Remorum
2873 2081 3164 2140 convenire
3207 2077 3505 2152 praecepit;

1921 2184 2007 2240 cui
2033 2183 2266 2240 concilio
2306 2183 2470 2238 etiam
2517 2179 2775 2252 praefatus
2813 2193 2908 2233 rex
2961 2175 3301 2231 Francorum
3331 2153 3532 2226 Ludo--

1921 2277 2072 2333 vicus
2101 2276 2364 2332 interfuit.

1993 2367 2166 2438 Hujus
2197 2368 2380 2438 itaque
2411 2365 2630 2422 concilii
2687 2377 2851 2420 causa
2903 2359 3246 2433 supradictus
3282 2355 3512 2412 domnus

1921 2451 2352 2518 Bartholomaaus
2371 2461 2662 2530 episcopus
2683 2472 2805 2512 cum
2840 2454 3056 2512 clericis
3099 2451 3212 2507 suis
3242 2457 3299 2505 et
3331 2446 3510 2503 homi-

1926 2557 2108 2621 nibus,
2138 2555 2432 2610 Remorum
2482 2554 2676 2606 urbem
2705 2558 2989 2618 expetens,
3021 2561 3144 2600 cum
3177 2543 3289 2611 jam
3322 2552 3514 2595 mona-

1926 2649 2149 2705 sterium
2183 2646 2369 2701 Sancti
2405 2641 2728 2699 Theodorici
2771 2639 3120 2710 prreterisset,
3171 2649 3334 2703 supra
3396 2644 3510 2685 me-

1925 2751 2192 2796 moratum
2246 2739 2426 2792 virum
2482 2735 2809 2790 Norbertum
2857 2745 2980 2786 cum
3036 2727 3247 2783 duobus
3301 2719 3516 2779 clericis

1925 2848 2035 2888 non
2064 2831 2220 2900 longe
2271 2830 2338 2883 ab
2369 2829 2564 2883 itinere
2592 2827 2846 2882 sedentes
2905 2818 3206 2889 conspexit.
3256 2814 3518 2869 Audierat.

1925 2925 1968 2979 si
1995 2924 2212 2994 quidem
2237 2932 2362 2976 ante
2385 2919 2662 2992 paululum
2689 2917 2830 2972 idem
2861 2914 3158 2969 Norbertus
3183 2908 3318 2963 duas
3332 2918 3514 2970 voces,

1926 3017 2066 3074 sicut
2100 3025 2288 3086 postea
2339 3014 2548 3069 referre
2599 3010 2794 3066 solitus
2824 3015 2962 3069 erat,
3003 3017 3237 3074 quarum
3270 2998 3420 3076 prior
3449 3010 3518 3050 ex

1926 3127 2034 3167 una
2065 3119 2218 3181 parte
2251 3108 2625 3163 clamaverat:
2662 3101 2764 3158 Hic
2811 3109 2895 3157 est
2944 3096 3245 3153 Norbertus
3297 3099 3351 3148 et
3381 3087 3517 3146 socii

1928 3202 2091 3272 ejus;
2145 3201 2316 3256 altera
2368 3214 2497 3255 vero
2526 3214 2593 3254 ex
2640 3195 2744 3250 alia
2793 3202 2946 3264 parte
2977 3187 3331 3259 subjunxerat
3373 3181 3518 3237 :Hie

1925 3307 2011 3354 est
2041 3296 2342 3352 Norbertus
2364 3303 2419 3349 et
2442 3291 2628 3348 socius
2658 3287 2796 3358 ejus.
2845 3283 2998 3354 Quod
3027 3273 3158 3355 quid
3188 3274 3512 3351 signaverit,

1923 3389 2195 3460 posterius
2219 3387 2448 3442 dicetur.
2476 3383 2572 3439 llis
2609 3395 2737 3453 ergo
2752 3380 2960 3435 duabus
2986 3375 3210 3432 vocibus
3266 3389 3330 3429 ex
3369 3387 3520 3428 sum-

1923 3483 2113 3536 mitate
2132 3481 2275 3536 aeris
2295 3478 2513 3544 auditis,
2535 3475 2836 3530 Norbertus
2860 3468 3196 3541 stupefactus
3220 3481 3286 3522 ex
3314 3465 3516 3519 itinere

1925 3571 2232 3638 declinavit,
2260 3579 2525 3641 terraeque
2553 3582 2678 3623 cum
2703 3565 2912 3620 duobus
2934 3561 3101 3618 sociis
3131 3559 3244 3615 suis
3263 3557 3512 3612 residens
3537 3629 3540 3632 ή

1925 3666 2187 3721 attonitus
2209 3664 2414 3719 circum
2445 3662 2588 3717 circa
2628 3657 3012 3732 prospiciebat.
3041 3653 3153 3709 Nec
3187 3665 3362 3718 mora,
3386 3663 3523 3720 prae-

1923 3759 2068 3813 fatus
2093 3757 2381 3829 episcopus
2410 3753 2868 3824 appropinquans,
2919 3762 3026 3804 non
3083 3744 3224 3801 sicut
3261 3739 3521 3796 saCerdos

1923 3852 2006 3908 vel
2034 3852 2217 3919 levita,
2249 3850 2366 3906 viso
2417 3847 2510 3904 illo
2537 3861 2567 3900 a
2608 3843 2915 3900 latronibus
2959 3839 3266 3904 vulnerato,
3298 3843 3521 3907 prmter-
3614 3901 3616 3903 g

1923 3943 2060 4010 ivit,
2124 3942 2218 3998 sed
2281 3943 2349 3996 ab
2425 3939 2624 3995 itinere
2697 3935 3020 4012 divertens,
3093 3930 3326 4000 benigne
3400 3925 3522 3982 illos

1924 4009 2219 4102 salutavit;
2272 4033 2467 4090 deinde
2517 4010 2953 4104 quinam-essent
2983 4021 3357 4095 interrogavit.
3415 4009 3548 4073 Re?

1925 4127 2140 4199 spondit
2178 4126 2474 4181 Norbertus
2522 4140 2580 4179 se
2631 4122 2698 4178 de
2722 4117 3074 4188 Lotharingia
3105 4130 3251 4182 esse,
3280 4121 3356 4178 et,
3395 4109 3522 4166 reli-

1924 4217 2029 4274 ctis
2051 4217 2366 4288 parentibus
2391 4213 2681 4283 saeculique
2704 4211 2967 4274 vanitate,
3009 4205 3318 4276 religiosam
3351 4201 3520 4255 vitam

1925 4285 2078 4380 sequi
2103 4307 2478 4378 proposuisse,
2529 4303 2800 4373 hujusque
2849 4285 3127 4368 religionis
3156 4301 3345 4349 norma
3375 4290 3520 4346 sedis

1926 4399 2233 4472 apostolica:
2274 4396 2503 4453 consilio
2552 4403 2606 4449 et
2668 4390 2997 4447 auctoritate
3023 4384 3355 4456 incipienda,
3405 4380 3519 4458 jpm

1924 4506 2022 4561 per
2049 4498 2160 4544 tres
2188 4490 2305 4544 dies
2327 4486 2516 4542 Remis
2545 4485 2886 4539 demoratum
2912 4479 3100 4545 fuisse,
3133 4477 3227 4532 sed
3253 4473 3380 4544 quia
3406 4487 3520 4544 prae

219 4586 360 4625 nunt
389 4571 636 4625 conversi
664 4569 847 4640 (Joan.
878 4584 940 4636 ιι,
973 4567 1053 4637 9),
1107 4582 1226 4636 quae
1277 4573 1426 4620 retro
1476 4571 1604 4617 sunt
1629 4561 1820 4616 oblivi-

564 4669 570 4671 _
659 4660 672 4671 1
1011 4668 1020 4671 -
1193 4664 1204 4671 .
1324 4665 1364 4671 ,κ
1433 4654 1446 4671 1
1509 4661 1621 4671 _.__-_
1655 4648 1799 4671 InLBI

1927 4578 2496 4647 multitudine-jugiter
2519 4573 2904 4632 confluentium
2935 4570 3162 4626 divitum
3210 4567 3390 4622 nullus
3415 4563 3519 4620 sibi

221 4671 490 4729 scuntur,
522 4669 578 4716 et
607 4660 675 4715 ad
699 4676 762 4714 ea
787 4674 906 4729 quae
935 4668 1058 4713 ante
1085 4664 1211 4712 sunt
1250 4654 1622 4710 extenduntur
1652 4648 1818 4724 (Phil.
1848 4648 1865 4710 ‘_

223 4771 315 4822 ιιι,
339 4756 426 4826 15)
449 4771 464 4822 ;
490 4755 678 4824 sicque
702 4753 828 4808 licet
852 4753 907 4807 in
937 4751 1098 4806 terris
1115 4748 1476 4821 corporaliter
1498 4746 1820 4810 consistant,

232 4857 423 4901 tamen
457 4861 577 4917 qua:
601 4861 820 4901 sursum
887 4853 1017 4900 sunt
1049 4844 1287 4914 sapiunt,
1331 4859 1440 4898 non
1481 4856 1604 4912 quae
1660 4854 1824 4908 super

226 4951 435 4996 terram
469 4937 610 5011 (Col.
649 4955 730 5006 ιιι,
779 4938 856 5008 1),
890 4937 1134 4994 dicentes
1161 4953 1284 4992 cum
1322 4934 1621 5006 Apostolo:
1658 4953 1676 4985 ‹
1710 4930 1821 4987 No-

222 5044 348 5089 stra
398 5041 580 5089 autem
608 5033 953 5088 conversatio
997 5032 1050 5086 in
1102 5029 1258 5085 caelis
1308 5038 1412 5097 est,
1447 5028 1536 5084 uni
1567 5025 1821 5082 Christus

223 5135 314 5181 est
346 5127 413 5181 ad
454 5126 734 5182 dexteram
784 5123 881 5179 Dei
909 5124 1103 5179 sedens
1131 5123 1298 5194 (Phil.
1331 5139 1413 5190 ιιι,
1445 5121 1536 5192 9.0)
1564 5140 1576 5175 :
1602 5141 1620 5174 ›
1655 5120 1821 5177 coele-

224 5221 515 5290 stibusque
546 5219 835 5290 Seraphin)
876 5225 1058 5272 mente
1117 5217 1413 5288 conjuncti,
1443 5216 1558 5271 solo
1614 5214 1821 5270 Christi
1861 5268 1864 5270 γ

219 5314 429 5384 jugiter
453 5314 648 5370 ardent
673 5327 879 5379 amore,
931 5312 1020 5367 cui
1066 5326 1294 5382 corpora
1351 5310 1513 5366 etiam
1541 5325 1637 5365 sua
1661 5308 1818 5363 exhi-

226 5406 369 5460 bent
417 5405 652 5460 hostiam
683 5405 1003 5472 viventem,
1036 5414 1303 5469 sanctam,
1355 5403 1464 5457 Deo
1518 5401 1818 5472 placentem

227 5496 414 5567 (Rom.
443 5513 544 5566 xu,
575 5500 652 5570 1),
685 5498 978 5555 candorem
1009 5498 1295 5565 virtutum,
1351 5511 1458 5567 quo
1493 5495 1820 5550 intrinsecus

223 5591 429 5660 nitent,
463 5592 706 5647 etiamin
751 5591 1005 5647 exteriori
1054 5599 1203 5646 veste
1248 5588 1620 5660 praeferentes.
1652 5587 1820 5657 l-lujus

229 5691 346 5737 tam
406 5682 650 5738 sublimis
705 5671 763 5740 (et
813 5685 1060 5756 gloriosae
1107 5680 1484 5748 institutionis,
1534 5677 1816 5748 prmfatum

226 5773 695 5832 Bartholomarum
726 5777 1039 5847 episc0pum
1087 5776 1256 5832 fuisse
1281 5784 1586 5830 consortem
1614 5781 1669 5827 ct
1695 5785 1818 5842 par-

227 5867 476 5938 ticipem,
507 5883 575 5940 ex
612 5869 966 5946 sequentibus
991 5869 1151 5928 facile
1175 5868 1374 5941 poterit
1403 5865 1661 5938 agnosci.

1929 4675 1997 4731 ad
2026 4687 2222 4744 papam
2259 4672 2536 4742 ingressus
2585 4665 2830 4737 patebat,
2865 4663 3077 4718 tristem
3109 4674 3174 4715 ac
3216 4659 3516 4728 desperau-

1931 4777 2038 4821 tem
2068 4766 2203 4820 urbe
2255 4764 2583 4834 digressum,
2616 4774 2722 4830 quo
2757 4757 3050 4812 diverteret
3095 4751 3329 4808 nescire.
3364 4748 3519 4804 Tunc

1927 4858 2097 4914 nimia
2157 4855 2542 4927 compassione
2597 4859 2878 4924 permotus
2914 4847 3222 4920 episcopus,
3268 4843 3518 4898 hortatur

1867 5003 1870 5006 λ
1925 4965 2021 5006 eos
2043 4961 2102 5004 ut
2125 4963 2314 5004 secum
2350 4945 2538 5002 Remis
2567 4943 2816 5008 redeant,
2858 4931 3184 5011 promittens
3227 4932 3371 5005 quod
3421 4945 3516 4988 eos

1927 5043 1996 5097 ad
2027 5057 2222 5113 papam
2283 5037 2680 5095 introduceret.
2735 5035 2872 5103 Quia
2920 5048 3049 5089 vero
3086 5029 3296 5102 pedites
3340 5033 3515 5092 erant,

1925 5137 2184 5209 praecepit
2211 5135 2526 5192 hominibus
2556 5133 2670 5188 suis
2689 5130 2756 5185 de
2773 5129 2928 5200 equis
2956 5110 3518 5192 descendere,sicque

1926 5208 2133 5283 faciens
2155 5241 2249 5282 eos
2281 5221 2600 5286 ascendere,
2631 5228 2686 5275 et
2711 5231 2896 5274 secum
2943 5213 3212 5284 equitare,
3245 5209 3299 5264 in
3322 5208 3516 5264 itinere

1927 5320 2254 5390 diligentius
2273 5335 2365 5376 eos
2389 5317 2702 5382 sciscitans,
2732 5312 2882 5370 audit
2907 5310 3157 5366 eumdem
3171 5295 3514 5378 {Norbertum

1927 5428 2129 5484 genere
2166 5413 2332 5467 nobili
2363 5422 2563 5475 ortum,
2613 5410 2665 5464 in
2695 5407 2937 5464 Ecclesia
2988 5403 3298 5461 Coloniensi
3339 5398 3514 5457 maxi-

1927 5522 2048 5560 mas
2081 5506 2298 5560 divitias
2351 5504 2683 5575 possedisse,
2735 5496 2828 5558 sed
2861 5489 3236 5572 paupertatem
3267 5491 3515 5564 eligendo
3567 5493 3572 5500 '

1925 5608 2148 5656 cunctas
2170 5615 2235 5655 ex
2258 5600 2472 5667 integro
2493 5598 2803 5668 reliquisse.
3394 5575 3396 5578 ν

2007 5693 2190 5748 Remis
2220 5691 2418 5746 deinde
2465 5689 2709 5762 pontifex
2740 5687 3062 5762 perveniens
3114 5686 3180 5742 ad
3208 5698 3404 5757 papam
3434 5679 3516 5735 in-

1926 5785 2193 5858 greditur,
2226 5784 2470 5840 modeste
2493 5783 2733 5856 suggerit
2754 5784 2805 5839 ei
2854 5797 2961 5838 non
2989 5795 3111 5837 esse
3135 5779 3334 5834 bonum
3369 5769 3517 5844 quod

1923 5880 2042 5951 ipse
2061 5879 2225 5938 Pater
2248 5878 2576 5938 universalis
2613 5877 2870 5938 Ecclesiae
2913 5877 3173 5945 existens,
3221 5869 3352 5931 solis
3376 5867 3517 5927 dim
3567 5863 3570 5866 ’
