2009 3162
250 145 305 191 9,91.

698 147 846 192 AQPEND.
861 149 913 190 AD,
923 150 989 193 [ΑΒ.Γ
1002 148 1034 177 lll
1047 146 1213 179 GUIBERTI
1294 150 1377 195 VlTA]
1392 152 1470 182 SUA.

248 204 322 248 tibus
335 204 546 241 colloqueretur,
561 202 694 241 pauperes
707 213 773 234 vero
790 207 825 235 ab
834 207 894 243 ejus
908 208 1042 244 colloquio
1093 208 1225 237 bitatione
1252 210 1347 246 procul
1369 216 1472 240 remota
1487 231 1496 247 ,
1529 213 1650 254 solisque
1674 215 1745 253 lupis
1768 221 1797 249 et
1816 196 1880 257 apris

248 252 445 267 -η-υιΙΙη-ιηιι..-ι
469 251 567 267 Ωιι-αξη.
592 258 728 267 ...ι-...Ληιη
745 261 812 267 ἰιι-ιη
845 253 996 267 ΜΑ..ι.,......-
1015 260 1039 267 ..ι
1094 254 1218 267 ..ηπ-2-..-
1840 257 1878 267 ιιι·-

248 244 454 287 repellerentur.
469 251 567 280 Statim
591 258 729 281 annuente
745 261 825 289 papa,
845 253 997 293 Norhertus
1013 260 1041 284 et

247 298 316 326 socii
330 298 389 333 ejus
399 298 433 326 ab
452 297 581 334 episeopo
596 298 818 333 introducuntur,
844 305 872 328 et
886 301 1041 336 apostolico

249 335 384 381 colloquio
396 349 578 373 recreantur:
608 345 655 374 sed
670 346 734 381 quia
749 347 832 375 nimis
847 335 947 375 ibidem
971 356 1041 384 papa

245 382 405 426 occupatus,
420 398 473 418 non
484 398 519 418 ex
541 390 647 427 integro
659 392 801 421 desideriis
820 400 914 421 eorum
928 394 970 422 vel
986 388 1042 422 col?-

245 436 347 473 loquiis
362 437 524 466 satisfacere
546 442 669 472 poterat,
684 439 821 474 promittit
834 439 921 468 eidem
935 441 1040 476 episco-

244 475 288 519 po,
306 491 377 518 sese,
391 484 467 512 ﬁnito
480 477 607 519 concilio,
623 485 747 521 protinus
756 485 915 514 Laudunnm
928 475 1038 520 iturum,

244 535 272 558 et
287 538 335 566 per
349 530 457 572 aliquot
471 531 530 560 dies
552 532 589 560 ibi
604 532 801 566 requieturum,
824 533 1041 572 sullicienterque

245 576 285 603 eis
306 568 516 610 collocuturum,
532 581 664 612 rogatque
679 581 709 604 ut
726 585 774 605 eos
787 568 946 613 praemittat,
959 568 1041 607 etalt

245 615 367 658 Laudnni
384 630 414 650 se
439 623 627 658 opperiantur,
654 617 810 652 admoneat.
836 624 959 665 Quandin
975 634 1041 662 ergo

244 660 340 712 postea
352 671 445 699 Remis
457 664 577 706 fuerunt,
601 680 710 709 semper
724 681 771 702 eos
794 674 938 717 episcopus
948 683 1040 704 secum

246 709 370 758 retinuit,
381 712 479 757 deinde
498 712 660 752 Laudunum
679 720 797 753 rediens,
812 709 952 758 nunquam
969 730 1041 750 eosa

247 770 296 802 suo
309 754 459 805 consortio
472 754 602 805 separari.
619 766 754 805 permisit.
771 766 932 796 Venientem
948 760 1045 804 postea

245 805 322 849 sicut,
330 802 493 849 promiserat
507 802 648 839 dominum
662 802 760 848 papam
785 813 995 848 olﬁciosissime,
1012 820 1042 843 ut

244 848 437 894 dignnm'erat,
450 856 580 894 suscepit,
596 861 661 885 tunc
678 863 706 886 et
716 858 824 886 demum
841 858 1005 888 Norbertum
1015 865 1043 889 et

243 894 404 936 soeios'cjus
418 900 553 937 colloquio
575 902 661 938 ipsius
675 903 909 934 abundantissime
920 906 1040 934 satiavit.

244 961 310 997 (In.
326 962 370 998 lli.
382 978 418 984 —
432 963 479 995 De,
497 964 634 992 ecclesiola
650 964 744 994 Sancti
757 966 868 994 Martini
881 967 1042 997 Lauduncu-

281 997 318 1026 ais
333 1006 342 1026 .'
356 1004 380 1026 et
399 1000 530 1038 qu_om_odo
543 999 756 1038 Burtﬁoloma’us
771 1003 907 1038 episcopus
924 1002 1042 1032 Norbcr-

280 1039 341 1074 tum'
349 1042 395 1070 per
408 1034 522 1070 piurima
539 1035 596 1063 laba
611 1036 725 1064 duxerit.

280 1090 346 1118 Erat
359 1096 423 1120 tunc
436 1097 514 1120 extra
528 1100 623 1120 muros
635 1094 711 1122 urbis
719 1094 906 1124 Laudnnensis
917 1097 1040 1133 quadam

245 1135 399 1179 Ecclesiola,
415 1137 446 1178 in
458 1138 562 1166 honore
578 1140 667 1179 sancti
690 1139 799 1169 Martini
821 1146 988 1174 constructa,
1013 1142 1040 1169 in

244 1181 365 1218 quajam
376 1176 453 1225 idem
462 1185 607 1228 episcopus
629 1176 770 1215 multoties
795 1187 911 1226 clericos
930 1188 1042 1224 religio-

243 1229 360 1270 sos,thi
374 1230 429 1266 Deo
444 1224 480 1258 ibi
503 1224 651 1266 servirent,
671 1239 824 1268 posuerat;
845 1224 892 1262 sed
917 1234 990 1263 nullo
1003 1235 1040 1263 ibi

244 1272 379 1315 prelicere
402 1276 521 1311 valente,
539 1279 634 1307 eadem
658 1279 779 1308 Ecclesia
803 1280 829 1307 in
852 1280 936 1315 ipsius
956 1288 1038 1308 manu

248 1313 376 1351 redierat.
391 1322 490 1352 Viden:
508 1332 573 1360 ergo
589 1325 732 1361 episcopus
756 1313 899 1362 praefatum
919 1320 1047 1355 NorberJ

246 1372 303 1396 tum
331 1369 486 1404 religiosam
511 1375 539 1399 et
565 1379 710 1407 pauperem
728 1372 811 1399 vitam
837 1373 905 1400 velle
925 1374 1039 1406 sectari,

246 1414 363 1455 suadere
386 1416 471 1452 coepit
495 1416 532 1450 ei,
548 1417 618 1445 utin
633 1418 728 1446 eadem
743 1418 836 1446 Sancti
860 1418 969 1446 Martini
989 1419 1040 1447 Ec-

244 1456 355 1488 eiesiola
368 1467 522 1490 remaneret
536 1472 542 1495 ;
559 1471 656 1499 papam
681 1465 764 1492 etiam
777 1466 883 1500 rogavit
897 1470 926 1493 ut
941 1466 1040 1494 exinde

246 1516 308 1546 enm
340 1502 510 1538 admoneret.
540 1510 593 1548 Sed
619 1510 769 1546 Norbertus
797 1512 952 1547 intelligens
980 1512 1039 1547 ejus

1093 254 1231 290 contigua.

1110 311 1175 339 CAP.
1190 310 1236 340 IV.
1254 327 1290 333 —-
1316 313 1742 362 guoqu‘o_1?rwmpnstratensia
1765 319 1873 362 ccclesie‘

1412 356 1527 386 mcwpta
1540 356 1585 380 sit.

1128 398 1274 428 Venientes
1289 399 1380 435 itaque
1391 401 1424 428 ad
1435 401 1577 437 pnel‘atum
1592 403 1682 433 locum
1696 405 1883 437 Przemonstra.

1092 448 1159 477 tum,
1170 445 1357 481 ingrediuntur
1371 448 1466 475 orandi
1479 449 1566 484 gratia
1577 452 1726 486 quamdam
1736 444 1882 490 ecclesiam,

1093 490 1119 518 in
1135 491 1238 520 honore
1265 493 1353 522 sancti
1375 492 1490 523 Joannis
1505 495 1634 531 Baptistae
1649 498 1751 527 ibidem
1768 506 1884 529 eonstru~

1093 544 1177 566 clam.
1196 538 1259 567 limc
1274 545 1334 567 erat
1350 540 1383 568 de
1395 540 1457 576 jure
1485 543 1604 584 etenobii
1627 534 1735 574 Sancti
1753 538 1883 576 Vincentii

1096 584 1298 624 Laudnnensis,
1313 592 1340 615 et
1354 587 1454 624 aliquis
1466 581 1618 626 monachus
1632 593 1671 621 de.
1683 593 1781 621 eodem
1797 602 1884 628 eteae-

1074 663 1077 667 .
1093 630 1139 675 bio
1152 631 1214 659 illnc
1228 640 1279 667 pro
1293 633 1399 668 agendo
1412 633 1505 663 divino
1530 635 1621 665 oﬁicio
1635 629 1836 676 nonnunquam
1850 639 1884 668 di.

1092 673 1246 714 rigehatur;
1275 680 1323 708 sed
1337 681 1399 716 quia
1417 683 1493 710 ﬁnita
1508 683 1591 711 missa
1603 684 1682 719 panis
1699 684 1736 712 ibi
1751 673 1805 723 non
1818 686 1884 715 inve-

1093 724 1229 759 niebatur,
1242 727 1294 755 nisi
1307 728 1415 757 aliunde
1428 729 1645 766 aﬁ'erretur,jam
1657 739 1720 759 cum
1735 731 1795 767 ipsa
1805 732 1885 761 eccle-

1093 770 1160 799 siola
1177 771 1253 800 locus
1275 773 1346 802 idem
1369 768 1439 810 pene
1463 780 1633 804 remanserat
1657 777 1794 810 desertus,
1824 777 1882 805 Cum

1094 824 1159 852 ergo
1170 818 1291 853 pontifex
1307 820 1432 848 oratione
1458 821 1534 848 ﬁnita
1560 821 1655 851 exiens
1673 822 1764 850 virum
1780 821 1881 858 Deiad-

1094 868 1220 890 moneret
1233 863 1268 891 ab
1285 865 1409 893 oratione
1437 873 1559 902 Surgere,
1585 867 1715 901 quoniam
1740 866 1797 906 jam
1824 861 1880 896 hora

1095 907 1185 934 noctis
1198 908 1420 943 supervenientis
1435 909 1560 944 urgebat,
1576 909 1721 945 nullusque
1734 911 1880 939 remanendi

1093 951 1170 981 locns
1180 957 1250 987 erat,
1267 961 1363 982 servus
1374 954 1420 982 Dei
1437 962 1565 990 egressus
1576 956 1681 992 rogavit
1691 964 1755 984 eum
1777 962 1806 984 ut
1824 965 1878 985 cum

1093 997 1250 1027 hominibus
1262 999 1318 1027 suis
1334 1000 1495 1034 discederet,
1508 1005 1592 1037 seque
1613 1002 1713 1030 ibidem
1728 1007 1785 1032 tota
1811 1009 1880 1032 nocte

1096 1046 1221 1081 sequenti
1240 1046 1353 1082 vigilare
1364 1047 1546 1082 permitteret.
1560 1047 1636 1077 Tunc
1653 1050 1753 1085 pracsul
1764 1050 1880 1079 celeriter

1092 1088 1249 1119 conScensis
1280 1092 1369 1128 equis,
1398 1097 1493 1128 utpote
1517 1092 1575 1127 jam
1597 1098 1679 1121 nocte
1705 1094 1879 1129 incumbente,

1092 1138 1223 1165 velociter
1236 1138 1393 1166 Avisiacum
1408 1139 1494 1171 venit,
1510 1147 1561 1167 nec
1573 1143 1662 1167 tamen
1684 1140 1791 1168 Domini
1819 1135 1884 1169 Nor?

1091 1184 1162 1214 berti
1170 1185 1287 1220 oblitus,
1303 1193 1411 1214 rursum
1424 1185 1449 1213 ei
1460 1194 1508 1221 per
1516 1187 1647 1216 nuntium
1660 1194 1741 1217 sum
1750 1192 1880 1223 partemet

1095 1236 1195 1260 caetera
1209 1231 1364 1261 necessaria
1383 1231 1546 1261 transmisit.

1128 1277 1214 1306 Facto
1229 1284 1310 1308 mane
1322 1277 1357 1305 ad
1371 1284 1441 1307 eum.
1465 1284 1603 1310 reverens.
1616 1276 1696 1312 quid,
1705 1284 1789 1312 agere
1806 1276 1878 1306 vellat

1092 1323 1215 1359 inquirit.
1242 1324 1289 1352 ille
1313 1331 1369 1359 pro:
1387 1323 1599 1363 nimiogaudiol
1616 1322 1803 1355 exhilaratus,
1826 1322 1879 1355 Hic,

1091 1370 1191 1407 inquit,
1203 1371 1313 1400 domine
1337 1370 1438 1404 Pater,
1465 1369 1630 1402 remaneho,
1648 1369 1779 1405 quoniam
1801 1369 1884 1405 ipsum

1091 1417 1182 1446 locum
1194 1418 1275 1446 istum
1291 1417 1369 1448 mihi
1381 1416 1441 1447 scio
1454 1417 1618 1445 aDeoesse
1630 1416 1811 1444 destinatum.
1837 1415 1880 1443 llic

1092 1464 1199 1499 requies
1212 1468 1241 1491 et
1261 1462 1342 1493 sedes
1359 1463 1425 1492 mihi
1440 1463 1506 1496 erit.
1526 1463 1626 1498 hicqne
1639 1469 1694 1500 per.
1702 1461 1752 1491 Dei
1773 1461 1883 1497 gratiam

1090 1509 1269 1538 salvahuntur
1288 1508 1377 1540 multi.
1404 1507 1822 1540 Nec‘tamemlxeceoclesiola
1846 1507 1888 1536 eis.

244 1550 375 1587 conatus,
394 1554 452 1583 Non
465 1556 579 1590 ideirco,
595 1556 692 1592 inquit,
708 1558 824 1594 majores
839 1559 946 1587 divitias
956 1559 1037 1587 Colo-
1053 1576 1075 1606 α
1090 1556 1248 1606 principalis
1258 1550 1472 1606 sedes,erit,s_ed
1489 1563 1523 1584 ex
1536 1555 1590 1606 alia
1600 1559 1684 1590 parte.
1692 1554 1778 1606 hujus
1782 1555 1881 1606 montis

244 1599 296 1634 nia;
312 1600 420 1636 reliqui,
447 1597 475 1629 ut
497 1603 619 1631 minores
643 1604 722 1632 modo
748 1612 866 1640 quaeram
892 1606 1037 1634 Lauduni:

245 1654 298 1687 non
318 1647 343 1674 in
356 1648 467 1675 urbibus
492 1649 552 1676 volo
571 1643 723 1685 remanere,
744 1643 792 1683 sed
813 1645 907 1687 potius
922 1652 947 1680 in
975 1653 1040 1681 locis

246 1686 373 1725 desertis,
391 1692 470 1730 545
482 1699 509 1721 et
522 1688 711 1723 incultistui
725 1686 886 1733 episcopus:
915 1698 1038 1733 Deserta,

247 1737 347 1773 inquit,
361 1743 388 1765 et
404 1735 505 1766 inculta
522 1739 592 1774 loca,
608 1737 786 1777 religionique
800 1735 927 1783 congrua
943 1744 968 1770 in
983 1745 1040 1780 cpi-

244 1790 357 1819 scopatu
373 1785 426 1813 isto
456 1786 618 1828 quamplura
633 1788 710 1816 vobis
722 1789 877 1823 ostendant,
891 1794 919 1817 et
931 1795 1047 1826 ostensa

246 1829 397 1859 conferam.
411 1832 484 1859 Dixit
504 1828 607 1870 etpost
621 1833 714 1861 domni
729 1842 806 1870 papa:
826 1835 976 1863 discessum
995 1844 1038 1864 as-

244 1883 356 1904 sumens
370 1885 445 1914 eum,
458 1868 577 1906 ostendit
597 1873 623 1906 ei
645 1886 698 1907 non
728 1880 819 1907 omnia
835 1888 916 1917 regna
934 1882 1038 1915 mundi,

244 1917 272 1950 ct
282 1923 395 1959 gloriam
408 1932 502 1952 eorum
517 1916 592 1961 (Luc.
607 1933 641 1958 tv,
654 1925 681 1959 5,
690 1926 728 1962 6),
743 1927 790 1955 sed
803 1927 875 1955 illam
886 1921 1038 1956 maximam

245 1968 374 1997 ditecesis
389 1977 445 1996 sua:
456 1970 562 2003 silvam,
576 1964 635 2005 qua:
648 1976 764 1999 vocatur
781 1972 941 2001 Terrascen.
958 1974 1039 2002 Duxit

244 2021 310 2050 ergo
324 2022 386 2042 ettm
407 2016 440 2042 ad
452 2015 540 2044 locum
562 2016 608 2052 qui
626 2018 724 2045 dicitur
742 2017 910 2052 Fnisniacns,
928 2020 1039 2048 demon-

246 2054 372 2097 stranslei
388 2069 534 2097 aquarum,
545 2069 573 2091 et
585 2072 759 2099 pascuarum,
782 2066 926 2102 silvaeque,
942 2072 969 2094 et
986 2072 1039 2095 ter-

245 2102 341 2150 rarum
361 2102 511 2146 congruam
542 2113 773 2147 opportunitatem
800 2114 933 2150 religioni.
962 2115 1039 2144 Tunc

244 2147 288 2182 ille
299 2154 369 2183 facta
382 2152 504 2184 Oratione
517 2165 523 2184 :
540 2156 655 2190 Revera,
671 2158 770 2194 inquit,
783 2159 827 2187 hic
838 2159 914 2188 locus
927 2161 1038 2190 otnnino

244 2200 366 2237 religioni
379 2207 421 2230 est
434 2210 579 2239 congrnus,
603 2205 649 2232 sed
664 2210 773 2234 nonest
796 2206 862 2234 mihi
887 2214 902 2234 a
925 2207 1038 2237 Dcode-

1084 1601 1266 1630 ‘azdiﬁcabunt
1276 1601 1329 1630 sibi
1352 1602 1535 1635 mansionem,
1564 1601 1591 1640 in
1611 1609 1666 1636 qua
1699 1601 1878 1637 requiescant.

1093 1647 1153 1675 Vidi
1168 1647 1241 1676 enim
1256 1647 1309 1675 hac
1321 1652 1401 1676 nocte
1415 1648 1441 1677 in
1456 1648 1608 1683 visuqqasi
1627 1647 1778 1676 maximam
1798 1647 1882 1675 multi-

1092 1693 1213 1721 tudinem
1237 1693 1404 1723 albatorum,
1419 1693 1547 1724 virorum.
1564 1700 1662 1730 cruces
1690 1698 1839 1730 argenteas,
1857 1697 1891 1721 et.

1092 1739 1255 1773 candelabra
1281 1745 1364 1775 atque
1388 1739 1535 1768 thuribuia.
1555 1739 1722 1778 ferentium,
1747 1739 1891 1775 ipsumque.

1092 1787 1182 1816 locum
1212 1786 1349 1814 cantando
1377 1786 1617 1817 circumeuntium.
1643 1784 1770 1814 Pontifex
1796 1785 1887 1820 itaque

1092 1832 1419 1869 magniﬁcelaetiﬁcatus,
1449 1839 1499 1861 nec
1527 1836 1617 1863 tamen
1642 1831 1772 1867 injuriatn
1796 1831 1893 1860 volens.

1091 1877 1183 1909 facere
1198 1877 1324 1908 coenobio
1340 1877 1434 1909 Sancti
1449 1876 1597 1911 Vincentii,
1621 1876 1699 1911 cujus
1714 1877 1796 1912 juris,
1814 1877 1880 1905 idem

1091 1923 1167 1952 locus
1181 1929 1251 1957 erat,
1268 1923 1402 1955 accersito
1416 1923 1516 1954 abbate
1527 1922 1622 1951 Sancti
1635 1922 1783 1960 Vincentii,
1797 1923 1881 1951 utilio-

1092 1977 1150 1998 rem
1162 1974 1226 1997 tunc
1240 1969 1371 2004 temporis
1387 1969 1629 2000 commutationem
1646 1969 1719 1998 dedit
1735 1970 1772 2002 ei,
1794 1970 1882 2005 sicque

1091 2015 1180 2043 locmn
1195 2015 1276 2053 illum,
1288 2023 1357 2044 eum.
1368 2014 1483 2045 ecclesia
1496 2015 1614 2045 liberum
1624 2015 1730 2045 ,domno
1745 2014 1880 2051 _Notberto

1091 2062 1226 2097 privilegii
1242 2062 1283 2093 sui
1299 2061 1462 2090 auctoritate
1487 2061 1676 2089 conﬁrmavit.
1700 2060 1880 2096 Servusergn

1091 2106 1140 2140 Dei
1152 2107 1303 2140 Norbertus
1317 2107 1353 2135 ibi
1369 2107 1509 2139 remansit.
1534 2107 1685 2143 Episcopus
1704 2115 1771 2136 vero
1783 2107 1882 2136 Lauda-

1090 2161 1156 2182 num
1169 2155 1279 2189 quidem
1304 2155 1405 2188 rediit;
1427 2155 1476 2183 sed
1500 2155 1609 2184 assidue
1633 2160 1688 2184 tam
1704 2155 1792 2191 ipsius
1804 2163 1881 2192 quam

1090 2201 1228 2229 sociorum
1240 2201 1299 2236 ejus
1312 2209 1406 2237 curam
1421 2201 1524 2230 habere
1539 2210 1592 2230 non
1606 2202 1723 2231 destitit.

243 2247 371 2276 stinatus.
395 2248 547 2292 Episcopus
575 2250 674 2279 exinde
706 2252 783 2280 duxit
807 2259 870 2280 eum
898 2254 933 2282 ad
954 2254 1036 2286 alium
1056 2271 1079 2299 Β
1130 2255 1194 2284 Post
1217 2264 1320 2292 paucos
1348 2256 1406 2284 dies
1432 2256 1473 2284 vir
1498 2256 1557 2291 Dei,
1580 2257 1743 2285 Laudunum
1761 2257 1878 2292 veniens,

242 2294 364 2330 ejusdem
380 2295 454 2324 silvm
477 2290 578 2332 locum,
590 2298 636 2333 qui
651 2297 779 2327 Telonias
804 2305 927 2335 vocatur,
956 2309 1037 2337 quem

242 2341 294 2382 sibi
308 2346 459 2377 ostensum,
474 2349 537 2379 post
560 2336 844 2380 iactam,orationem,
867 2347 937 2375 sicut
962 2336 1038 2383 prius

242 2387 311 2429 dixit
339 2388 409 2430 idem
419 2389 573 2429 _Norbertus
589 2412 597 2426 ,
624 2399 719 2420 revera
743 2393 809 2420 satis
835 2393 958 2429 religioni
973 2401 1039 2422 con-

245 2441 355 2475 gruum,
374 2429 422 2464 sed
435 2443 486 2465 nec
501 2436 574 2465 hunc
584 2445 599 2465 a
615 2438 670 2466 Deo
681 2438 732 2466 sibi
747 2439 923 2467 destinatum.

277 2492 355 2522 Tunc
365 2494 508 2531 episcopus
528 2494 690 2523 Laudunum
720 2496 827 2524 rediens
842 2497 921 2525 duxit
934 2505 996 2526 eum
1010 2498 1036 2525 in

241 2535 340 2570 silvam
349 2537 679 2574 ,\’osagum,ostenditque
692 2539 718 2568 ei
731 2539 758 2567 in
773 2540 831 2575 ipsa
842 2541 930 2569 locum
945 2550 1038 2577 quem-

241 2581 316 2616 dam,
330 2584 376 2618 qui
391 2583 502 2613 Pratum
528 2585 719 2620 Monstratum,
745 2586 787 2614 vel
811 2587 1038 2617 Praamonstralns

241 2634 365 2661 vocatur.
383 2630 490 2658 Viderit
512 2639 578 2667 ergo
607 2632 732 2668 quisquis
757 2633 814 2661 hare
844 2633 939 2670 legerit
961 2635 1037 2670 cujus

241 2673 394 2705 devotionis
407 2676 452 2705 hic
467 2676 611 2713 episcopus
622 2677 715 2711 fuerit,
729 2679 786 2714 qui,
799 2679 902 2707 relictis
929 2681 1037 2716 episco-

241 2722 348 2757 palibus
360 2724 485 2760 negotiis,
493 2724 630 2754 hominem
643 2725 764 2761 ignotum
774 2734 822 2762 per
836 2731 876 2755 tot
889 2727 1036 2761 silvestria,

240 2773 269 2796 et
284 2769 353 2796 invia
365 2769 436 2804 loca,
448 2778 501 2798 non
512 2771 571 2799 sine
584 2779 683 2808 magno
695 2772 789 2801 labore
801 2772 1035 2807 circumducebat,

241 2815 384 2850 quichcet
401 2816 483 2844 etiam
498 2817 652 2851 hodie,cum
663 2818 718 2854 jam
733 2826 748 2846 a
764 2819 856 2847 multis
869 2819 1035 2852 incoluntur,

242 2860 386 2895 vidcantur
397 2862 548 2896 horribilia,
563 2867 628 2891 tunc
644 2868 733 2891 tamen
749 2865 831 2892 nimio
857 2870 935 2892 erant
958 2873 1035 2899 aspe-

242 2906 317 2936 riora
332 2900 558 2943 letterribiliora,
574 2914 666 2945 utpote
681 2910 714 2938 ab
731 2910 803 2938 omni
816 2910 956 2940 hominum
984 2910 1034 2939 ba-

1091 2301 1211 2331 echolam
1231 2303 1353 2340 magistri
1371 2303 1515 2340 Radnlphi,
1540 2304 1587 2340 qui
1607 2311 1740 2340 germano
1764 2312 1815 2333 suo
1829 2312 1882 2333 Ina-

1090 2350 1176 2386 gistro
1190 2350 1320 2378 Anselmo
1335 2350 1464 2378 defuncto
1474 2356 1656 2384 successerat,
1672 2351 1835 2387 ingreditur,
1857 2355 1881 2379 et

1090 2397 1270 2426 scholasticus
1282 2397 1340 2433 ejus
1356 2404 1512 2425 sermonem
1528 2397 1748 2426 exhortatorium
1772 2398 1879 2431 faciens,

1089 2444 1215 2480 protinus
1226 2448 1329 2479 septem
1342 2451 1374 2471 ex
1387 2443 1427 2471 eis
1445 2444 1609 2478 ditissimos,
1625 2445 1775 2481 qui-nuper
1786 2446 1820 2474 de
1832 2445 1879 2473 Lo-

1091 2492 1226 2527 tharingia
1239 2495 1383 2524 venerant,
1393 2491 1541 2525 convertit,
1549 2496 1576 2519 et
1590 2499 1651 2519 enm
1663 2499 1763 2528 magna
1773 2493 1878 2528 pecunia

1089 2538 1123 2566 ad
1138 2538 1282 2566 ecclesiam
1298 2545 1376 2565 altam
1404 2536 1494 2565 duxit.
1511 2537 1565 2565 Sed
1581 2538 1711 2573 antiquus
1726 2538 1823 2571 hostis,
1838 2537 1878 2572 qui

1090 2590 1197 2618 semper
1208 2590 1349 2610 servorum
1363 2583 1409 2610 Dei
1422 2582 1590 2618 profectibus
1601 2583 1725 2611 invidere
1734 2584 1877 2614 consuerit,

1088 2630 1170 2658 etiam
1188 2629 1260 2657 [nunc
1274 2629 1300 2657 in
1320 2629 1379 2664 ipso
1398 2629 1534 2664 principio
1555 2629 1718 2664 perturbare
1733 2630 1844 2662 studuit,
1855 2634 1877 2656 cl

1088 2676 1160 2704 sicut
1174 2676 1257 2703 Evam
1290 2676 1317 2705 in
1344 2676 1470 2711 paradiso
1498 2676 1617 2709 seduxit,
1633 2675 1788 2712 Judatnque
1816 2676 1877 2704 inlt‘r

1087 2723 1224 2759 apostolos
1237 2723 1406 2758 depravavit,
1438 2723 1474 2750 ita
1499 2722 1582 2750 etiam
1604 2730 1689 2750 unum
1719 2731 1752 2751 ex
1781 2723 1876 2750 duobus

1086 2770 1169 2798 sociis
1185 2769 1243 2804 ejus
1255 2769 1298 2804 qui
1315 2776 1424 2797 cumveo
1438 2773 1570 2797 venerant
1594 2768 1727 2803 eorrupit.
1749 2768 1798 2796 Hic
1809 2776 1876 2795 nam-

1087 2823 1139 2851 qne
1152 2814 1294 2851 pra‘falam
1308 2814 1463 2849 pecuniam,
1477 2822 1492 2842 a
1508 2814 1682 2843 scholasticis
1701 2813 1817 2842 delatam
1843 2812 1874 2840 si-

1086 2862 1168 2897 bique
1182 2871 1197 2890 a
1212 2862 1342 2898 magistro
1357 2860 1682 2895 commendatam,media
1698 2865 1779 2889 nocte
1791 2859 1871 2888 furtim

1087 2916 1210 2945 sumens,
1221 2914 1250 2938 et
1273 2909 1307 2938 de
1320 2908 1445 2938 ecclesia.
1461 2908 1580 2947 fugiens,
1604 2908 1723 2939 latenter
1746 2907 1870 2941 discessit,
