4018 6324
217 331 307 394 993

860 315 955 376 ne
967 314 1235 375 RMANNI
1254 313 1347 373 DE
1368 308 1611 372 masc.
1643 298 1704 365 s.
1732 295 1981 363 uanus
2025 298 2330 364 L‘AunUN.
2362 308 2436 353 έ-
2456 292 2603 367 iis.
2629 304 2718 367 nt.

3359 303 3466 368 994

214 462 257 507 (ιι
294 440 541 519 praefatos
569 431 933 493 scholasticos
961 433 1014 489 in
1047 431 1216 488 multa
1246 429 1475 502 penuria
1506 435 1563 484 et
1589 436 1780 481 neces-
1805 423 1855 485 A
1881 421 2036 478 Unde
2063 437 2173 505 non
2203 424 2478 481 immerito
2510 408 2751 480 dixerim
2772 408 2903 479 eam
2922 409 3079 479 imi.
3102 408 3236 479 'o'e'o
3283 406 3440 481 rese}

211 545 353 597 sitale
378 530 614 604 reliquit.
640 528 905 597 Tuncque
931 526 1168 599 primum
1198 524 1283 579 vir
1310 523 1407 579 Dei
1457 520 1777 577 recordatus

216 643 384 685 vocum
437 636 575 695 quas
598 632 768 691 prope
794 616 1091 672 Remorum
1139 614 1329 669 urbem
1376 626 1501 668 eum
1560 609 1777 664 audisse

220 736 363 793 supra
390 717 637 780 diximus,
660 716 726 769 ‘e't
753 712 870 783 ipse
892 697 1187 774 intellexit,
1208 712 1270 763 et
1303 706 1503 761 domno
1524 703 1777 775 episcopo

218 828 322 868 sese
347 814 495 878 super
518 806 623 862 hoc
647 796 953 861 censolanti
983 798 1256 871 exposuit,
1274 796 1566 853 secundam
1589 808 1777 849 vocem

218 919 323 975 qua:
372 900 693 956 c'iamaverat
737 914 753 950 :
802 894 903 950 Hi‘c
974 900 1057 949 eSt
1115 889 1417 947 Herbertus
1478 892 1531 945 et
1596 888 1775 942 socius

215 996 338 1067 ejus,
389 994 485 1049 hcc
540 988 882 1061 signiﬁcasse
938 988 1178 1059 quodex
1222 986 1433 1041 duobus
1489 983 1651 1039 sociis
1682 982 1773 1052 qui

216 1082 324 1142 cum
348 1084 410 1138 eo
434 1088 693 1137 venerant
716 1120 731 1145 ,
760 1092 902 1133 unus
947 1076 1289 1133 solummodo
1319 1083 1464 1131 esset
1492 1088 1775 1129 remansu-

212 1189 315 1241 rus,
343 1172 476 1233 alter
501 1176 625 1226 cum
653 1167 793 1225 Juda
827 1168 1097 1225 exiturus.
1152 1166 1220 1222 Et
1262 1166 1375 1238 ipse
1420 1163 1641 1236 quidem
1693 1163 1775 1219 sic

215 1263 552 1322 intellexerat.

266 1356 491 1414 Domnus
511 1361 697 1412 autem
721 1351 961 1409 Leonius
984 1350 1154 1406 abbas
1175 1347 1363 1405 Sancti
1392 1344 1600 1403 Berlinl
1620 1388 1635 1414 ,
1691 1346 1776 1401 vir

204 1446 644 1521 religiosissimus,
685 1455 742 1502 et
772 1453 884 1500 tam
913 1441 1193 1515 gentilium
1248 1454 1411 1511 quam
1469 1439 1773 1495 divinarum

202 1536 492 1601 llt'terarum
510 1530 911 1611 peritissimus,
945 1546 1119 1607 nuper
1162 1533 1325 1607 διε
1354 1535 1498 1590 hunc
1531 1528 1771 1588 libellum

201 1628 373 1706 tegens
396 1626 648 1705 protinus
676 1631 836 1687 aliter
856 1629 1249 1701 Interpretatus
1270 1636 1355 1684 'est
1383 1627 1528 1682 illam
1560 1636 1769 1694 vocem,

196 1726 426 1797 mihique
447 1732 507 1780 ut
534 1732 604 1780 ex
642 1730 797 1795 parte
831 1728 933 1778 sua
977 1722 1309 1778 sententiam
1352 1734 1509 1775 suam
1560 1718 1647 1773 hic
1678 1733 1772 1788 po-

1878 525 2080 571 vatam.

1950 609 2329 682 Paupertatem
2360 618 2539 667 tamen
2579 618 2784 691 tantam
2811 612 2867 691 in
2898 608 3092 683 primis
3116 610 3187 669 ibi
3212 615 3468 671 sustinuit

1877 698 1940 757 ut
1968 708 2168 772 praeter
2197 702 2366 783 unum
2409 684 2979 783 asin'u‘m,'biirditiiith
3030 698 3275 783 nomine,
3332 706 3469 763 nihil

1876 804 2015 863 pene
2058 786 2201 847 aliud
2252 780 2534 856 haberent;
2587 788 2750 865 quem
2790 788 2862 851 in
2898 794 3214 867 proximam
3263 780 3460 853 silvam

1880 884 2148 955 Vosagum
2173 892 2330 938 mane
2374 872 2639 939 ducentes
2657 926 2672 951 ,
2699 884 2953 957 lignaqtie
2980 890 3120 943 caesa
3149 873 3311 945 dorso
3348 887 3469 959 ejus

1880 976 2239 1045 impenentes,
2270 974 2592 1030 Laudunum
2640 966 2985 1045 reducerent,
3015 987 3071 1035 et
3119 995 3186 1036 ex
3234 981 3468 1037 venditis

1877 1068 2041 1140 lignis
2064 1083 2255 1139 panem
2281 1068 2382 1123 sibi
2412 1076 2681 1133 emerent,
2714 1068 3122 1139 'm'ultotiesjam
3154 1073 3243 1128 diu
3286 1071 3458 1144 jejuni

1878 1169 2184 1227 manentes,
2215 1162 2386 1217 donec
2416 1161 2573 1232 panis
2608 1160 2699 1215 ille
2736 1164 2951 1232 emptus
2985 1172 3108 1234 post
3155 1146 3354 1221 bonam
3382 1169 3463 1225 eis

1875 1250 2199 1307 deferretur.
2234 1252 2341 1323 ipsi
2387 1258 2567 1306 tamen
2600 1251 2916 1307 consolante
2969 1252 3164 1309 abbate
3194 1252 3468 1313 ~Gualtero
3520 1278 3521 1283 π

1878 1344 1932 1400 in
1959 1353 2104 1399 tanta
2130 1345 2359 1415 penuria
2409 1360 2515 1400 non
2563 1344 2901 1411 deﬁcientes,
2953 1347 3047 1401 sed
3085 1338 3303 1402 assidue
3357 1349 3467 1404 Deo
3549 1413 3553 1417 δ

1876 1437 2199 1503 servientes,
2231 1445 2285 1492 et
2311 1436 2563 1493 manibus
2593 1438 2831 1509 propriis
2868 1437 3169 1495 laborando
3199 1439 3464 1511 paulatim

1876 1529 2246 1602 proﬁcientes,
2279 1530 2347 1585 ad
2398 1539 2600 1586 tantam
2628 1531 2740 1603 jam
2799 1532 2907 1588 Deo
2957 1533 3192 1590 donante
3227 1528 3469 1606 provecti

1875 1632 2003 1679 sunt
2030 1625 2417 1679 abundantiam
2442 1633 2503 1680 ut
2525 1640 2592 1681 ex
2614 1625 2787 1681 vineis
2809 1622 2922 1682 Suis
2941 1624 3045 1681 tria
3068 1622 3234 1682 millia
3257 1630 3466 1686 modios

1875 1715 1986 1769 vini
2042 1714 2355 1783 frequenter
2411 1715 2669 1782 habeant,
2707 1723 2762 1771 et
2811 1723 2920 1771 tam
2977 1716 3033 1773 in
3087 1727 3357 1773 terrarum
3415 1727 3471 1779 et

196 1828 369 1876 aerem
437 1819 740 1889 praecepit,
792 1816 980 1873 dicens
1028 1830 1094 1871 ex
1164 1816 1277 1887 ipsa
1338 1813 1772 1870 consideratione
1804 1806 2314 1869 Bmolendin‘orum
2364 1823 2525 1880 quam
2581 1810 2636 1864 'et
2686 1809 2740 1864 in
2798 1804 3055 1880 pecorum
3101 1806 3466 1889 possessione,

193 1909 441 1982 temporis
471 1916 528 1965 et
578 1918 826 1980 personis
858 1908 1348 1980 appropinquantis
1378 1905 1553 1979 palam
1610 1905 1769 1960 intel-

192 2001 275 2073 ligi
301 2007 459 2071 posse
507 2000 655 2070 quod
685 1992 1144 2054 Bartholomaium
1180 1994 1493 2069 episcopum
1544 1996 1644 2051 vos
1678 1994 1768 2051 illa

191 2098 375 2148 testata
400 2090 474 2146 sit
501 2081 716 2147 motuin
744 2092 868 2145 esse
899 2089 1175 2145 Norberti.
1205 2088 1341 2145 Cum
1371 2088 1537 2157 enim,
1567 2089 1762 2159 inquit,

189 2178 354 2236 tribus
375 2176 791 2237 diebus'Remis
829 2180 1142 2236 dEmoratus
1168 2188 1223 2236 et
1268 2188 1423 2251 papae
1459 2179 1603 2250 lo‘Qui
1656 2195 1765 2234 non

188 2270 383 2337 valens,
416 2272 600 2328 tristis
624 2283 689 2327 ac
738 2264 1035 2341 desperans
1062 2272 1128 2328 de
1150 2271 1283 2327 urbe
1303 2272 1529 2338 exisset,
1558 2271 1765 2341 etquid

182 2362 285 2435 jam
322 2368 511 2437 agerbt
565 2364 653 2425 vel
710 2378 819 2436 quo
866 2358 1103 2420 verteret
1149 2362 1421 2429 nesciret,
1455 2363 1767 2433 nullamque

180 2456 602 2513 consolationem
633 2465 834 2529 praeter
876 2456 1046 2513 Deum
1078 2457 1181 2513 sibi
1229 2456 1433 2512 habere
1463 2456 1762 2525 vid‘éretur,

178 2547 276 2603 nisi
301 2548 355 2604 in
385 2549 607 2605 duobus
634 2548 802 2605 sociis
854 2548 992 2614 suis,
1022 2546 1160 2618 ques
1207 2543 1310 2604 sibi
1365 2540 1767 2605 indivlsib‘ilitcr

176 2640 489 2696 adumuros
516 2654 850 2712 quocunque
874 2641 1000 2709 iret,
1029 2640 1370 2707 conﬁdebat,
1400 2634 1502 2695 vox
1535 2642 1768 2712 desuper

173 2733 219 2789 ei
247 2734 428 2789 sonuit
451 2750 467 2789 :
494 2734 603 2790 Hic
649 2743 734 2791 est
788 2733 1113 2799 Norbertus,
1141 2744 1196 2789 et
1223 2734 1406 2791 socius
1433 2735 1570 2805 ejus,
1625 2751 1689 2792 ac
1719 2737 1765 2792 si

173 2825 405 2894 apertius
430 2825 483 2881 ei
506 2824 787 2881 dixisset:
835 2824 953 2879 Noli
986 2826 1302 2896 desperare,
1331 2826 1419 2881 vel
1467 2826 1520 2881 in
1555 2827 1766 2884 duobus

172 2923 374 2971 tantum
430 2914 612 2971 sociis
662 2916 770 2971 tuis
818 2916 1093 2973 conﬁdere
1123 2917 1249 2987 quia
1297 2928 1424 2973 ecce
1460 2926 1637 2989 prope
1683 2927 1768 2976 est

169 3005 479 3075 episcopus,
506 3020 680 3076 quem
713 3005 807 3060 tibi
832 3005 975 3061 Deus
1000 3006 1207 3061 socium
1237 2990 1402 3072 dedit,
1447 3010 1540 3079 qui
1586 3018 1635 3063 te
1681 3022 1767 3066 se-

163 3111 286 3152 cum
311 3097 600 3154 nedueens
627 3096 791 3154 faciet
817 3113 971 3170 papa:
996 3098 1251 3169 colloqui,
1290 3100 1382 3170 qui
1430 3102 1486 3156 in
1540 3102 1770 3157 tribula-

1874 1914 2069 1960 e‘uncta
2104 1910 2241 1979 p'ene
2265 1902 2639 1960 Laudunensis
2667 1894 3010 1975 episcopatus
3031 1894 3281 1961 cmnobia
3311 1900 3457 1976 prae-

1873 1996 2091 2053 cellant.
2146 1996 2444 2052 Cbaritatis
2495 1997 2658 2051 etiam
2698 2003 2751 2051 et
2778 1986 3166 2067 hespitalitatis
3208 1994 3357 2052 tanta
3391 1996 3467 2053 ibi
3530 2016 3533 2017 '

1873 2087 2146 2143 afﬂuentia
2181 2087 2450 2158 reperitur
2489 2096 2550 2141 ut
2596 2097 2817 2160 propter
2868 2086 3140 2158 hospitum
3191 2087 3467 2143 assiduam

1873 2184 2297 2254 susceptionem,
2336 2189 2560 2252 propter
2581 2194 2879 2252 pauperum
2905 2179 3278 2250 quotidianam
3324 2180 3469 2236 rele-

1872 2276 2169 2340 vationem,
2196 2274 2393 2329 mirum
2421 2273 2474 2328 in
2502 2272 2720 2328 modum
2740 2272 2990 2326 videatur
3012 2268 3084 2326 ibi
3117 2266 3261 2327 Deus
3282 2271 3466 2327 omnia

1870 2368 2237 2439 multiplicare
2263 2377 2319 2422 et
2354 2373 2733 2438 augmentare,
2761 2363 2898 2419 adeo
2926 2372 2985 2418 ut
3007 2362 3121 2433 jam
3150 2360 3293 2419 inter
3321 2358 3462 2433 prie;

1872 2458 2029 2529 clpua
2068 2460 2123 2514 et
2170 2458 2488 2533 excellentia
2521 2456 2766 2513 Francia:
2815 2453 3146 2512 monasteria
3180 2454 3465 2526 compute-

1870 2558 1978 2609 tur.

1870 2683 2001 2743 Car.
2035 2680 2197 2737 Vl.——
2226 2678 2500 2746 Quomodo
2529 2674 3028 2732 Prwmonstralensi
3047 2675 3274 2732 abbatia:
3295 2654 3466 2733 Dom-

2323 2765 2421 2803 nus
2450 2746 2606 2819 Hugo
2633 2748 2911 2818 prwfectus
2936 2748 3023 2803 sit.

1947 2842 2292 2901 Postmodum
2346 2834 2511 2895 etiam
2556 2840 2609 2894 in
2677 2838 3183 2895 Praemonstratensi
3235 2838 3465 2896 ecclesia

1871 2938 2103 2995 domnus
2129 2934 2428 2991 Norbertus
2470 2932 2638 2989 abbas
2689 2934 2907 3004 quidem
2955 2949 3077 2989 esse
3124 2932 3329 3006 noluit',
3368 2934 3467 2991 sed

1871 3018 2022 3085 illum
2050 3042 2115 3082 ex
2152 3022 2361 3082 duobus
2389 3024 2552 3080 sociis
2580 3025 2713 3089 suis,
2740 3023 2829 3092 qui
2854 3008 2976 3079 cum
3006 3038 3071 3078 eo
3101 3031 3462 3090 remanserat,

1871 3121 2090 3176 nomine
2120 3117 2423 3188 Hugonem,
2450 3114 2693 3186 ejusdem
2723 3114 2827 3170 loci
2858 3114 3110 3169 abbatem
3154 3112 3461 3197 constituit.

166 3189 401 3247 tionibus
435 3191 555 3246 tuls
601 3190 919 3246 consolator
947 3191 1295 3247 dulcissimus
1350 3193 1451 3248 tibi
1500 3194 1623 3256 erit,
1674 3195 1765 3265 qui

1874 3211 1987 3267 Non
2021 3211 2198 3266 solum
2240 3218 2422 3264 autem
2471 3209 2751 3274 virorum,
2790 3207 2883 3263 sed
2928 3208 3094 3263 etiam
3132 3190 3463 3264 feminarum

156 3280 249 3335 tibi
268 3280 465 3337 sedem
487 3288 553 3337 et
574 3282 861 3338 ecclesiam
882 3282 936 3337 in
962 3297 1068 3353 qua
1098 3283 1429 3353 requiescas;
1447 3292 1502 3340 ct
1527 3283 1765 3340 fructum

158 3368 352 3437 facias,
381 3372 573 3428 dabit.
607 3371 732 3428 Haec
779 3373 911 3428 mihi
938 3374 1177 3429 scribere
1212 3376 1470 3446 praecepit
1536 3377 1789 3433 domnus

149 3459 392 3519 Leontius
418 3464 609 3520 abbas
638 3465 827 3522 Sancti
855 3465 1082 3533 Bettini,
1126 3474 1183 3522 et
1226 3476 1330 3539 ego
1382 3466 1611 3525 credens
1639 3478 1762 3525 eum

150 3568 368 3612 revera:
415 3558 575 3614 bene
635 3566 693 3615 et
736 3557 971 3616 ﬁdeliter
1020 3556 1380 3629 intellexisse,
1433 3556 1666 3618 libenter
1715 3564 1766 3619 ei

143 3647 395 3707 obedivt'.

145 3761 275 3819 CAP.
302 3763 376 3820 ν.
407 3794 491 3839 -—-_
526 3764 808 3839 Quomodo
835 3766 1302 3839 Walterusfactus
1328 3768 1394 3823 sit
1415 3768 1573 3825 abbas
1602 3768 1767 3825 eccle-

130 3874 133 3879 -
437 3837 608 3893 tion
630 3836 817 3894 Sancti
847 3837 1067 3894 Martini
1093 3836 1479 3895 Laudunensis.

128 3896 135 3987 ι
206 3944 601 4004 Postmodnm
634 3954 769 4020 ergo
796 3949 990 4005 videns
1020 3953 1311 4024 episcopus
1340 3952 1393 4007 in
1431 3951 1623 4009 eodem
1648 3952 1767 4009 loco

128 4033 687 4096 Praemon'su'atensi
713 4041 827 4112 jam
884 4048 991 4097 non
1022 4059 1262 4114 parvum
1317 4060 1602 4100 numerum
1656 4044 1767 4099 fra-

132 4134 282 4184 trum
310 4129 598 4201 religiose
618 4130 913 4187 viventium
957 4136 1297 4202 convenisse,
1352 4138 1565 4209 rogavit
1614 4139 1767 4194 dom-

121 4228 257 4276 uum
283 4220 673 4289 Norbertum,
707 4232 767 4279 ut
802 4224 1012 4296 aliquos
1040 4242 1107 4283 ex
1136 4228 1267 4298 ipsis
1296 4229 1348 4283 in
1379 4245 1540 4300 supra
1565 4232 1767 4302 scripta

122 4309 277 4367 beati
320 4313 579 4369 Martini
611 4316 923 4384 ecclesiola,
951 4320 1003 4372 in
1026 4333 1132 4389 qua
1166 4320 1281 4390 ipse
1328 4330 1551 4390 rogatus
1588 4337 1767 4377 rema-

116 4418 261 4462 nere
287 4407 604 4471 noluerat,
634 4417 879 4478 poneret,
914 4413 1004 4481 qui
1062 4427 1180 4467 eam
1232 4412 1299 4466 ad
1357 4413 1453 4468 Dei
1506 4415 1764 4470 honorem

113 4512 480 4557 construere
548 4509 607 4556 et
636 4511 987 4573 augmentare
1044 4506 1342 4560 studerent.
1399 4506 1764 4577 Acquiescens

107 4588 207 4647 ille
235 4594 545 4663 precibus
571 4594 888 4663 pontiﬁciis,
916 4610 1118 4665 paucos
1146 4612 1218 4650 ex
1260 4595 1521 4652 fratribus
1546 4598 1657 4652 suis
1690 4599 1759 4653 ibi

104 4683 308 4749 posuit
333 4683 741 4754 abbatemque
769 4683 886 4752 ejus
926 4686 1104 4740 virum
1155 4687 1470 4759 religiosum
1505 4688 1761 4743 domnum

100 4769 480 4831 Gitalterum
522 4775 791 4845 praefecit.
822 4776 918 4832 Cui
955 4778 1119 4846 Deus,
1154 4789 1369 4845 orante,
1421 4781 1560 4834 sicut
1587 4782 1764 4836 credi-

96 4876 257 4927 mus,
296 4866 498 4919 beato
540 4863 797 4930 Martiae,
825 4875 1027 4921 tantam
1057 4867 1344 4924 confestim
1374 4868 1601 4937 gratiam
1630 4884 1761 4924 ροη-

95 4954 258 5025 tulit,
317 4966 393 5012 ut
429 4956 516 5012 de
548 4956 669 5027 ipso
699 4973 913 5028 quoque
963 4959 1095 5016 illud
1124 4962 1389 5027 ,videatur
1417 4977 1574 5033 posse
1633 4964 1760 5034 dici,

87 5048 254 5114 quod
285 5050 377 5104 de
407 5063 598 5105 sacra
622 5050 802 5120 puella
832 5050 1084 5123 Ragueli,
1112 5054 1253 5124 patri
1294 5054 1410 5124 ejus
1435 5057 1659 5127 angelus
1683 5057 1764 5112 di-

82 5139 173 5195 xit
198 5154 222 5196 :
264 5159 289 5194 ι
332 5141 680 5212 Propterea
704 5144 881 5199 nullus
912 5146 1093 5220 potuit
1114 5147 1317 5201 habere
1349 5151 1762 5219 eam,quoniam

80 5232 228 5289 huic
263 5235 536 5290 timenti
570 5234 738 5291 Deum
769 5237 1000 5293 debetur
1018 5239 1217 5311 conjux
1241 5239 1349 5295 ﬁlia
1379 5250 1465 5296 tua
1492 5241 1762 5311 (Tob.vn,

79 5322 213 5398 12).
262 5345 289 5381 ›
331 5326 655 5383 Similiter
677 5343 799 5384 eam
829 5314 977 5386 beati
1003 5329 1220 5387 Martini
1251 5333 1599 5389 ecclesiolam
1636 5351 1761 5392 cum

67 5416 295 5487 plures
332 5418 428 5474 ab
454 5417 736 5490 episcopo
764 5421 1056 5491 regendam
1072 5423 1459 5493 suscepissent,
1480 5425 1762 5498 nullusque

67 5524 301 5568 eorum
330 5511 428 5569 ibi
462 5512 753 5582 proﬁcere
783 5516 1073 5585 potuisset,
1104 5516 1230 5572 huic
1258 5516 1440 5571 abbati
1478 5516 1756 5585 Gualtero,

65 5610 195 5660 tum
239 5605 431 5661 bona
460 5602 703 5659 fortuna
732 5621 832 5677 per
855 5607 1096 5663 divinam
1118 5607 1350 5679 gratiam
1370 5621 1554 5664 comes
1584 5610 1762 5667 adtrac-

55 5697 146 5753 ιὶι
169 5705 249 5754 ιη
280 5697 475 5755 infra
500 5696 798 5754 duodecim
826 5716 997 5758 annos
1017 5702 1302 5774 plusquam
1334 5704 1761 5777 quingentorum

51 5788 353 5851 fratrum
389 5790 927 5853 Deoservientium
966 5793 1044 5859 ibi
1070 5804 1371 5856 conventus
1397 5797 1756 5856 inveniretur.

1797 4552 1844 4608 D

1872 3306 2129 3361 cohortes
2175 3302 2318 3357 idem
2347 3293 2654 3355 Norbertus'
2678 3297 2742 3353 ad
2790 3297 2957 3353 Deum
2988 3308 3304 3356 convertere
3348 3307 3464 3355 stu-

1872 3382 2018 3464 duit,
2050 3396 2125 3451 ita
2170 3404 2228 3449 ut
2257 3394 2415 3449 liodie
2443 3393 2496 3448 in
2523 3388 2751 3447 diversis
2778 3391 3018 3460 ejusdem
3042 3380 3288 3447 ecclesia:
3332 3390 3464 3448 ioCis

1872 3491 2159 3563 plusquam
2190 3489 2336 3544 mille
2369 3488 2648 3542 videamus
2682 3484 2977 3541 conversas
3002 3494 3151 3541 tanto
3182 3486 3362 3559 rigore
3405 3478 3462 3543 et

1871 3576 2093 3639 silentio
2140 3582 2251 3637 Deo
2280 3581 2489 3637 servire
2537 3588 2595 3634 ut
2624 3579 2676 3634 in
2733 3570 3155 3634 districtissimis
3194 3578 3461 3635 coenobiis

1870 3676 2261 3732 monachorum
2295 3674 2384 3729 vix
2415 3672 2645 3728 similem
2677 3672 2994 3742 religionem
3043 3673 3217 3745 possit
3264 3670 3487 3745 aliquis

1870 3767 2137 3822 invenire.
2195 3765 2306 3823 Nec
2371 3773 2665 3820 contentus
2721 3764 2822 3819 fuit
2882 3756 3025 3819 intra
3084 3762 3463 3820 Laudunensis

1869 3854 2125 3917 dioecesis
2152 3859 2411 3914 terminos
2438 3856 2668 3912 fratrum
2701 3872 2921 3912 suorum
2952 3868 3159 3912 turmas
3192 3842 3460 3923 coerceri,

1869 3953 1965 4008 sed
1996 3953 2169 4006 instar
2192 3966 2374 4022 aputu,
2400 3963 2521 4020 quae
2552 3948 2616 4003 de
2638 3947 2871 4003 vasculis
2922 3948 2975 4002 in
3024 3938 3221 4020 quibUS
3248 3944 3461 4003 melliﬁ-

1870 4046 2115 4098 caverint
2135 4051 2417 4105 exeuntes,
2468 4040 2536 4094 ad
2568 4039 2672 4094 alia
2701 4039 2817 4094 loca
2866 4038 3255 4094 melliﬁcaturre
3286 4047 3456 4094 trans-

1868 4135 2073 4201 volant,
2106 4135 2268 4188 etiam
2330 4134 2443 4202 ipse
2494 4133 2709 4187 diversa
2779 4141 2833 4186 et
2862 4132 3078 4186 deserta
3130 4130 3245 4185 loca
3294 4130 3460 4201 coepit

1868 4230 2121 4297 expetere
2152 4227 2483 4295 directisque
2511 4223 2773 4279 fratribus
2800 4240 2935 4278 nova
2970 4206 3301 4278 monasteria
3326 4222 3454 4278 ardi-

1868 4323 2051 4377 ﬁcarc.

1939 4410 2236 4468 Constituit
2259 4423 2388 4464 vero
2414 4424 2481 4464 ex
2510 4409 2765 4463 omnibus
2799 4407 3165 4473 monasteriis,
3200 4421 3323 4478 quae
3372 4407 3453 4464 vel

1870 4506 1922 4559 in
1966 4506 2074 4559 vita
2105 4520 2230 4570 sua,
2260 4503 2345 4559 vel
2372 4510 2495 4573 post
2541 4503 2749 4557 obitum
2782 4518 2938 4557 suum
2985 4502 3360 4559 institutiones
3390 4518 3452 4561 ac

1872 4596 2069 4667 regulae
2118 4614 2229 4651 sum
2278 4613 2526 4651 normam
2574 4611 2637 4652 ac
2694 4596 3028 4667 propositum
3072 4604 3453 4664 sequerentur,

1867 4691 2107 4746 universi
2140 4691 2363 4746 abbates
2400 4688 2629 4763 singulis
2655 4691 2812 4745 annis
2853 4678 2907 4745 in
2937 4688 3077 4745 festo
3118 4686 3176 4745 S.
3210 4690 3456 4762 Dionysii

1866 4775 1932 4840 ad
1961 4787 2189 4855 primam
2242 4794 2495 4851 matrem,
2550 4786 2614 4837 de
2669 4800 2774 4855 qua
2821 4774 3221 4854 processerant,
3265 4783 3318 4838 id
3373 4792 3456 4837 est

1865 4878 2439 4935 Ptmmonstratensem
2493 4877 2816 4946 ecclesiam,
2876 4866 3030 4949 quasi
3101 4866 3170 4935 ad
3250 4879 3453 4934 fontem

1866 4968 2025 5046 547
2054 4972 2287 5044 potaturi
2315 4968 2687 5037 convenirent,
2718 4980 2771 5025 et
2794 4956 2954 5026 simul
2986 4956 3149 5044 positi
3198 4972 3479 5042 generale.

1864 5066 2158 5138 capitulum
2194 5074 2462 5133 tenerent,
2488 5082 2552 5122 ac
2592 5056 2635 5121 si
2669 5058 2797 5139 quid
2828 5056 2911 5121 vel
2942 5065 3333 5127 communiter,
3368 5064 3451 5120 vel

1866 5160 1921 5214 in
1952 5158 2133 5228 aliquo
2164 5158 2303 5213 forte
2334 5148 2713 5229 corrigendum
2769 5152 2938 5224 esset,
2988 5144 3187 5213 ibidem
3210 5158 3452 5228 corrige—

1866 5260 2010 5306 rent.
2038 5250 2171 5307 Cum
2209 5266 2342 5322 ergo
2393 5253 2621 5306 necdum
2652 5251 2870 5319 triginta
2926 5249 3054 5304 anni
3100 5236 3449 5317 transierint,

1862 5359 1930 5401 ex
1980 5360 2087 5415 quo
2114 5345 2347 5401 domnus
2394 5343 2691 5400 Norbertus
2716 5358 2814 5415 per
2842 5343 3219 5412 supradictum’
3240 5332 3450 5410 cpisco-
3480 5348 3483 5351 ’

1862 5455 1990 5511 pum
2022 5440 2093 5494 ibi
2123 5440 2387 5495 adductus
2408 5446 2516 5502 est,
2537 5432 2648 5505 jam
2680 5446 2882 5502 tatuen,
2917 5438 3099 5493 divina
3146 5444 3449 5517 praestante

1862 5532 2063 5605 gratia,
2088 5541 2168 5586 tot
2190 5532 2388 5588 exinde
2438 5530 2769 5585 monasteria
2821 5530 3173 5602 pullularunt,
3230 5539 3288 5586 ut
3330 5529 3449 5587 fere

1861 5635 2079 5681 centum
2114 5623 2339 5677 abbates
2362 5622 2414 5676 in
2453 5619 2712 5692 praedicto
2739 5618 2878 5675 festo
2903 5635 2970 5675 ex
3001 5620 3079 5676 eis
3125 5621 3197 5676 ibi
3243 5614 3439 5675 con've-

1863 5715 2009 5771 uisse
2031 5715 2393 5781 inveniantur,
2422 5729 2526 5769 non
2559 5712 2735 5769 solum
2767 5728 2832 5768 ex
2867 5712 3131 5781 Francia,
3178 5712 3277 5787 vel
3309 5711 3455 5795 Buri

1861 5806 2087 5895 gundia,
2116 5805 2208 5862 sed
2236 5820 2302 5861 ex
2333 5805 2445 5865 ipsa
2468 5819 2684 5891 quoque
2703 5803 3051 5881 Alemannia,
3085 5794 3321 5879 Saxonia
3342 5794 3457 5878 seq“
