4018 6324
553 317 661 376 995

1323 341 1326 352 -
1425 313 1717 372 APPEND.
1753 310 1847 370 AD
1865 311 1996 371 LIB.
2036 311 2102 369 Ill
2132 308 2461 371 GUlBERTl
2487 306 2576 363 DE
2606 305 2765 363 VITA
2794 305 2950 371 SUA,

3711 311 3794 373 996

554 434 870 494 Wasconia.
899 434 971 492 Ut
1003 430 1149 491 en'im
1176 431 1243 490 de
1266 431 1387 488 aliis
1419 440 1650 497 taceam,
1674 447 1738 486 ex
1769 431 1883 486 sola
1915 429 2138 502 praefata
2169 430 2218 486 A
2246 429 2428 483 dicant
2477 426 2734 481 domuum
2771 425 3106 482 Bernardum
3155 425 3411 483 abbatem
3457 425 3797 487 Glarevallen-

556 529 744 586 Sancti
774 527 984 584 Martini
1034 527 1282 591 ecclesia,
1330 527 1414 580 cui
1475 525 1652 578 adhuc
1702 523 1909 592 primus
1971 521 2137 575 abbas

557 625 787 679 donmus
826 620 1118 676 Gualterus
1138 624 1365 688 praeest,
1391 616 1504 687 jam
1545 615 1825 670 duodecim
1855 613 1962 668 alia
2011 627 2138 683 pro-

532 693 839 769 cesserunt
863 708 1213 766 monasteria.
1249 705 1360 762 Nec
1390 721 1520 761 vero
1551 705 1724 760 solum
1750 704 1939 759 vicina:
1990 711 2139 770 tanto

553 807 658 862 hoc
736 804 938 859 lumine
1009 801 1405 874 perlustrantur
1447 797 1759 870 provinciae,
1829 797 1924 852 sed
1971 797 2137 852 etiam

553 901 832 972 marejam
867 897 1029 968 hujus
1062 897 1184 952 novi
1211 896 1342 952 solis
1369 895 1552 950 radius
1582 893 1850 956 transivit,
1876 901 1931 947 et
1951 891 2138 946 urbem

555 991 890 1048 Hierusalem
946 990 1287 1045 transmissis
1340 988 1550 1058 aliquot
1595 985 1916 1042 clarissimis
1969 983 2140 1040 stellis

557 1083 874 1139 irradiando
914 1081 1331 1154 splendiﬁcavit.
2129 1135 2132 1138 _

625 1173 768 1242 Quid
812 1172 902 1227 alii
952 1172 1191 1228 sentiant
1240 1172 1450 1242 ignoro,
1507 1184 1606 1238 ego
1661 1169 1823 1224 corde
1850 1169 2037 1235 credo,
2085 1175 2143 1224 et

555 1264 786 1319 ﬁdenter
817 1279 911 1317 ore
954 1263 1270 1334 pronuntio,
1297 1261 1561 1315 ‘omnium
1614 1261 1901 1323 bonorum,
1940 1274 2058 1329 quae
2088 1261 2141 1314 in

556 1364 635 1410 tot
681 1355 956 1425 praedictis
1012 1353 1354 1408 monasteriis
1385 1353 1540 1418 ﬁunt,
1584 1351 1667 1405 vel
1705 1351 1959 1420 deinceps
1990 1351 2138 1416 ﬁent,

555 1447 810 1503 domuum
835 1444 1289 1499 Bartholomagum
1321 1442 1630 1512 episcopum
1664 1451 1971 1496 consortem
1998 1457 2141 1506 esse,

553 1543 981 1612 participemque
1030 1551 1083 1594 et
1112 1549 1542 1610 cooperatorem.
1586 1538 1719 1593 Cum
1753 1538 1896 1592 enim
1929 1536 2143 1592 Veritas

552 1633 607 1686 in
664 1631 963 1703 Evangelio
1011 1631 1208 1686 dicat:
1272 1651 1289 1682 ‹
1323 1629 1424 1697 Qui
1481 1630 1673 1699 recipit
1717 1630 2035 1701 prophetam
2089 1630 2141 1684 in

551 1725 772 1780 nomine
819 1725 1145 1794 prophetae,
1200 1722 1506 1777 mercedem
1563 1723 1844 1792 prophetae
1913 1721 2144 1792 accipiet

553 1816 773 1888 (Matth.
809 1832 862 1881 x,
895 1815 1012 1886 41),
1050 1834 1068 1866 ι
1105 1813 1352 1884 profecto
1391 1813 1561 1882 liquet
1582 1814 1724 1884 quod
1753 1815 1990 1884 pontifex
2019 1817 2141 1879 iste,
2176 1853 2218 1908 Β

552 1908 646 1978 qui
702 1905 987 1978 praefatum
1040 1922 1256 1960 servum
1290 1906 1382 1960 Dei
1429 1921 1535 1960 non
1573 1905 1745 1961 solum
1785 1907 2011 1976 recepit,
2043 1907 2136 1960 sed

558 1999 746 2060 etiam,
807 2007 867 2050 ut
907 2012 1070 2068 supra
1111 1997 1372 2072 scriptum
1427 2005 1538 2061 est,
1575 1997 1901 2051 intermissis
1931 1996 2140 2066 cpisco-

553 2091 768 2161 palihus
801 2089 1053 2160 negotiis,
1083 2103 1182 2158 per
1227 2097 1303 2142 tot
1341 2087 1600 2142 silvarum
1648 2088 1801 2142 devia
1833 2097 1886 2160 et
1919 2087 2143 2142 horrida

554 2177 672 2237 loca
701 2181 1138 2258 circumducere,
1171 2189 1226 2235 et
1266 2180 1334 2235 ad
1375 2180 1626 2235 ultimum
1655 2180 1707 2235 in
1752 2181 2145 2236 Praemonstra-

553 2275 691 2329 tensi
740 2272 1033 2330 solitudine
1076 2273 1310 2327 ﬁrmiter
1363 2272 1612 2343 plantare
1646 2312 1661 2336 ,
1731 2272 2145 2342 plantatumque

549 2366 748 2438 jugiter
799 2373 979 2438 rigare
1017 2365 1252 2428 studuit,
1296 2363 1508 2419 fructus
1553 2363 1742 2432 utique
1802 2363 1946 2418 illius
2001 2363 2143 2418 dulci

555 2463 806 2528 mercede
833 2477 939 2517 non
973 2461 1204 2517 carebit.
1233 2461 1434 2520 Beatus
1465 2460 1734 2530 siquidem
1767 2458 2061 2530 Gregorius
2089 2458 2144 2514 in

553 2556 773 2611 bomilia
798 2555 1082 2625 Evangelii
1113 2575 1130 2606 ‹
1153 2570 1297 2609 anno
1321 2554 1514 2624 quinto
1532 2553 1742 2608 decimo
1767 2553 1918 2624 (Luc.
1937 2570 2020 2619 Ill,
2041 2554 2094 2624 l)
2119 2572 2140 2607 ›

555 2649 836 2720 praefatam
887 2649 1216 2704 sententiam
1261 2647 1514 2703 subtilius
1566 2661 1887 2718 exponens:
1938 2646 2145 2701 Notan-

555 2742 704 2804 dum,
737 2740 935 2810 inquit,
973 2741 1115 2810 quod
1152 2755 1259 2795 non
1287 2739 1362 2794 ait
1404 2739 1666 2793 Dominus
1699 2757 1710 2792 :
1747 2739 2049 2794 Mercedem
2080 2739 2146 2794 de

556 2833 820 2902 propheta
874 2832 1127 2902 accipiet,
1161 2832 1256 2886 sed
1311 2830 1628 2885 mercedem
1673 2830 1971 2901 prophetae,
2021 2829 2148 2900 quia

557 2925 862 2979 mercedem
901 2938 1062 2992 quam
1115 2922 1375 2992 propheta
1404 2922 1470 2977 de
1497 2921 1641 2976 bono
1668 2935 1833 2991 opere
1860 2937 1956 2976 suo
1981 2937 2009 2975 a
2037 2920 2148 2976 Deo

557 3014 790 3084 accepit,
846 3016 1092 3069 eamdem
1148 3015 1315 3070 etiam
1355 3015 1490 3084 ipse,
1530 3013 1622 3082 qui
1654 3027 1777 3067 eum
1836 3013 2148 3083 recipiendo

555 3109 603 3162 ei
627 3108 845 3176 adjutor
881 3108 1112 3175 exstitit,
1153 3123 1211 3164 se
1237 3117 1619 3178 percepturum
1647 3107 1862 3162 noverit
1913 3097 2159 3178 (Homil.

553 3203 644 3270 20,
671 3203 773 3259 sub
801 3217 832 3255 n
854 3201 1082 3273 odium).

625 3293 709 3350 Ad
738 3293 892 3364 cujus
924 3283 1002 3348 rei
1027 3292 1410 3348 certitudinem
1438 3291 1744 3346 evidentius
1771 3289 2164 3362 demonstran-_

555 3387 704 3456 dam,
754 3387 896 3442 idem
927 3387 1116 3442 beatus
1145 3384 1442 3456 Gregorius
1473 3385 1638 3439 etiam
1678 3383 1830 3439 Isaia:
1852 3383 2164 3464 prophetae

556 3479 927 3534 testimonium
974 3477 1273 3550 subjungit,
1323 3478 1413 3547 qui
1449 3476 1593 3531 inter
1638 3476 1883 3542 cedrum,
1928 3475 2147 3542 olivam,

557 3571 834 3636 abietem,
882 3578 1219 3640 caiterasque
1266 3569 1622 3640 pretiosiores
1671 3569 1926 3638 arbores',
1983 3567 2150 3623 etiam

555 3659 689 3714 ulmi
719 3659 844 3715 facit
877 3661 1231 3726 mentionem,
1258 3651 1377 3730 quae
1408 3659 1535 3716 licet
1560 3675 1656 3731 per
1685 3675 1742 3716 sc
1768 3659 2002 3714 fructum
2040 3650 2166 3714 non'

557 3752 719 3816 ferat,
781 3760 960 3804 tamen
1012 3765 1135 3806 cum
1165 3751 1332 3805 vitem
1393 3765 1514 3804 cum
1545 3751 1706 3804 botro
1735 3759 1931 3820 portat,
1984 3751 2150 3804 etiam

560 3841 678 3910 ipsa
716 3855 745 3892 a
773 3839 1002 3894 Domino
1026 3849 1372 3910 computatur
1403 3840 1544 3894 inter
1586 3840 1809 3895 arbores
1836 3840 2146 3896 fructiferas

563 3931 697 4005 (Ira.
729 3948 840 3997 xu,
873 3932 984 4003 l9).
1018 3932 1194 3999 Quam
1227 3933 1371 3987 beati
1413 3930 1663 4002 Gregorii
1709 3933 2052 4000 sententiam,
2101 3934 2150 3988 si

561 4025 684 4095 quis
725 4022 1039 4094 diligentius
1085 4023 1216 4078 velit
1250 4023 1540 4094 inspicere,
1583 4035 1712 4095 puto
1747 4025 1892 4094 quod
1932 4018 2172 4082 menon

561 4115 830 4170 deridebit
883 4115 986 4170 hoc
1035 4115 1342 4186 scripsisse,
1395 4117 1489 4172 sed
1547 4116 1775 4172 ﬁdenter
1825 4119 1987 4173 etiam
2039 4119 2155 4189 ipse

561 4207 955 4281 pronuntiabit,
1015 4211 1158 4281 quod
1213 4210 1472 4281 praefatus
1529 4213 1819 4285 episcopus
1864 4215 2152 4271 Bartholo—

565 4321 733 4360 maeus
765 4303 889 4360 licet
920 4304 1308 4361 ecclesiasticis
1333 4304 1523 4362 olliciis
1568 4295 1885 4378 occupatus,
1928 4309 2155 4365 saecula-

563 4397 710 4452 ribus
752 4395 986 4467 negoliis
1036 4397 1306 4466 implicari
1363 4398 1514 4452 visus
1556 4396 1751 4464 fuerit,
1802 4409 1982 4455 tamen
2027 4401 2154 4455 dum

561 4504 747 4544 servos
795 4489 887 4543 Dei
934 4490 1266 4543 mundanam
1326 4489 1496 4544 vitam
1551 4489 1821 4560 fugientes
1878 4501 2157 4564 tantopere

562 4595 776 4650 semper
829 4578 1083 4650 adjuvare
1133 4579 1360 4646 studuit,
1386 4581 1550 4636 etiam
1582 4581 1683 4651 piae
1729 4583 2156 4640 conversationis

563 4685 754 4724 corum
795 4669 938 4724 dulci
992 4670 1271 4726 desiderio
1315 4687 1412 4742 per
1467 4673 1695 4743 gratiam
1745 4673 1842 4728 Dei
1887 4671 2162 4746 particeps

563 4761 794 4826 exstitit,
834 4761 978 4815 unde
1009 4771 1063 4815 et
1103 4762 1159 4816 in
1191 4761 1377 4817 futuro
1420 4763 1674 4818 mercede
1710 4780 1899 4819 eorum
1929 4781 2034 4820 non
2065 4782 2158 4820 ca-

563 4855 725 4910 rebit.
759 4853 912 4922 Quod
945 4871 1072 4910 cum
1126 4856 1200 4910 ita
1227 4857 1319 4923 sit,
1349 4855 1526 4912 fateor
1567 4859 1772 4914 merito
1806 4860 2017 4915 laudari
2065 4861 2164 4916 de-

564 4949 693 5005 bere
737 4949 885 5004 illam
911 4949 1095 5005 domni
1121 4947 1310 5005 L—eonii
1344 4950 1562 5008 abbatis
1590 4951 1648 5007 S.
1677 4953 1884 5008 Bertini
1911 4956 2163 5023 superius

564 5051 920 5097 memoratam
971 5041 1324 5108 sententiam,
1380 5042 1508 5112 quia
1556 5044 1804 5099 eumdem
1846 5045 2159 5116 episcopum

567 5135 759 5190 domui
791 5124 1045 5192 Norberti
1074 5135 1280 5191 socium
1303 5135 1513 5191 caelesti
1545 5152 1677 5192 voce
1706 5137 1972 5193 intellexit
1996 5137 2162 5195 fuisse

566 5229 963 5283 denuntiatum.

566 5335 694 5400 Ger.
745 5343 850 5398 VII.
883 5373 954 5384 ——
987 5342 1719 5469 Multiptexbcommendatio
1789 5345 1967 5400 damni
2020 5344 2162 5400 Nor-

1326 5427 1443 5469 ertt.

1326 5427 1443 5470 ενιι.

642 5508 748 5564 Sed
786 5519 844 5563 ut
863 5509 978 5580 jam
1010 5509 1078 5574 de
1117 5511 1306 5565 eodem
1345 5487 1620 5565 Norb‘erto
1650 5512 1894 5567 breviter
1934 5513 2154 5568 conclu-

572 5601 718 5668 dam,
751 5603 951 5658 nullius
978 5614 1100 5674 post
1132 5605 1406 5675 apostolos
1435 5606 1907 5661 conversationem
1941 5607 2158 5678 plurimi

575 5703 843 5753 testantur
873 5697 928 5751 in
951 5706 1138 5754 sancta
1173 5698 1411 5757 Ecclesia
1451 5708 1658 5757 tantum
1698 5702 1931 5762 fructum
1963 5701 2014 5762 in
2049 5710 2160 5760 tam

572 5785 729 5884 brevi
780 5788 958 5866 spatio
1007 5791 1264 5866 temporis
1315 5791 1533 5854 fecisse.
1585 5791 1732 5860 Licet
1791 5793 1937 5879 enim
1994 5793 2163 5870 aliqui

2241 537 2356 576 sem
2389 520 2578 574 eodem
2614 528 2856 588 tempore
2886 535 2992 574 non
3020 519 3200 575 minus
3229 520 3612 586 fructiﬁcasse,
3645 532 3798 580 tamen

2240 611 2288 666 si
2319 611 2443 680 quis
2477 609 2788 680 diligentius
2825 614 3110 677 attendat,
3152 619 3283 682 puto
3308 611 3452 680 quod
3504 610 3801 670 Norbertum

2238 703 2546 775 praecellere
2588 718 2694 758 non
2726 703 2969 772 negabit.
3011 703 3252 759 Domnus
3284 703 3554 774 siquidem
3591 703 3803 761 Demar-

2241 795 2340 852 dns
2399 794 2542 849 illius
2581 789 2858 864 religionis
2909 809 3016 848 non
3071 793 3178 847 fuit
3222 793 3514 863 incteptor,
3547 796 3662 860 sed
3705 795 3800 863 jam

2241 891 2428 944 eadem
2455 887 2642 958 religio
2656 886 2881 942 florebat
2909 887 2961 941 in
2983 885 3287 942 Cistellensi
3309 885 3433 958 [al.,
3455 886 3802 962 Cisterticnsi]

2243 983 2520 1047 eoenobio,
2550 983 2602 1035 in
2636 995 2745 1051 quo
2776 979 3039 1050 praefatus
3065 978 3382 1035 Bernardus
3405 988 3552 1035 esset
3577 980 3806 1048 clericus,

2240 1075 2424 1129 audita
2469 1072 2709 1142 ejusdem
2756 1075 3033 1146 religionis
3063 1074 3241 1141 fama,
3271 1075 3638 1129 monasticum
3672 1075 3810 1130 habi-

2242 1175 2356 1220 tum
2402 1165 2502 1220 sub
2537 1165 2732 1220 abbate
2779 1166 3058 1236 Stephano
3111 1167 3362 1236 sumpsit.
3397 1167 3476 1221 De
3513 1181 3622 1237 quo
3663 1167 3807 1223 etiam

2242 1257 2497 1313 emnobio
2520 1256 2922 1313 Clarevallense
2945 1260 3335 1314 monasterium
3365 1258 3651 1329 processit,
3676 1257 3808 1326 cujus

2245 1352 2384 1408 idem
2419 1351 2760 1418 Bernartius,
2814 1367 2914 1423 pro
2947 1367 3046 1408 sua
3093 1354 3388 1408 sanctitate
3414 1351 3632 1423 primus,
3665 1351 3810 1407 abbas

2243 1452 2326 1498 est
2355 1443 2659 1497 institutus.

2315 1533 2434 1604 Ipse
2478 1548 2648 1604 ergo,
2697 1534 2949 1604 quamvis
2999 1550 3096 1590 sua
3135 1534 3526 1606 praedicatione
3573 1533 3812 1604 plurimos

2243 1626 2575 1679 converterit
2628 1625 2907 1694 multaque
2954 1625 3287 1680 monasteria
3337 1625 3407 1679 de
3452 1623 3816 1679 Clarevallensi

2243 1716 2413 1787 gratia
2445 1715 2538 1768 Dei
2569 1715 2848 1785 genuerit,
2898 1725 3079 1770 tamen
3132 1716 3302 1785 ipsius
3325 1714 3604 1785 religionis
3631 1714 3816 1782 rigator

2246 1809 2463 1878 quidem
2524 1823 2772 1879 magnus,
2831 1819 2885 1865 et
2933 1819 3284 1882 propagator,
3334 1813 3433 1867 sed
3471 1827 3576 1866 non
3626 1814 3818 1880 primus

2246 1900 2349 1955 fuit
2395 1900 2689 1970 plantator.
2737 1901 3040 1957 Norbertus
3087 1911 3268 1958 autem
3316 1919 3432 1958 suae
3481 1902 3818 1958 institutionis

2244 1991 2454 2064 primus
2476 1989 2580 2044 fuit
2607 1990 2884 2061 plantator
2909 1992 3227 2063 primusque
3257 1993 3351 2048 Dei
3375 1993 3519 2049 dono
3546 1993 3816 2062 inemptor,

2246 2090 2526 2158 quoniam,
2567 2087 2697 2140 licet
2725 2085 3134 2156 ejussequaces
3164 2086 3312 2141 beati
3339 2085 3630 2156 Augustini
3652 2085 3818 2140 dicant

2246 2196 2306 2236 se
2343 2190 2530 2235 tenere
2569 2177 2837 2249 regulam,
2869 2188 3084 2245 tamen,
3135 2189 3194 2232 ut
3240 2177 3483 2247 ejusdem
3531 2178 3674 2234 beati
3717 2177 3818 2230 Au-

2247 2275 2450 2342 gustini
2505 2289 2638 2347 pace
2687 2271 2952 2338 dicamus,
2985 2271 3156 2327 multo
3195 2271 3534 2343 rigidiorem,
3564 2269 3822 2340 multoque

2248 2370 2582 2425 severiorem
2614 2369 2866 2426 videmus
2895 2382 3017 2426 esse
3043 2367 3300 2423 Norberti
3359 2383 3523 2439 quam
3551 2365 3823 2439 Augustini

2248 2461 2666 2518 institutionem.
3255 2538 3259 2539 ί

2319 2555 2590 2612 Praeterea
2625 2555 2682 2610 in
2729 2553 3036 2611 Cistellensi
3081 2554 3337 2612 cmnobio
3362 2554 3465 2610 soli
3513 2554 3617 2610 viri
3659 2554 3824 2610 susci-

2247 2646 2492 2716 piuntur,
2543 2647 2776 2702 domnus
2806 2661 2938 2703 vero
2985 2644 3286 2704 Norbertus
3343 2663 3468 2703 cum
3523 2661 3652 2702 sexu
3690 2645 3822 2701 virili

2249 2741 2414 2794 etiam
2449 2739 2744 2795 femineum
2773 2741 2841 2795 ad
2869 2741 3280 2798 conversionem
3303 2741 3506 2811 suscipi
3535 2741 3824 2806 constituit,

2251 2831 2327 2886 ita
2358 2838 2419 2885 ut
2445 2831 2611 2886 etiam
2649 2832 2940 2888 arctiorem
2970 2841 3025 2887 et
3051 2832 3442 2888 districtiorem
3473 2833 3529 2887 in
3573 2833 3688 2899 ejus
3719 2847 3826 2886 mo-

2251 2923 2511 2977 nasteriis
2531 2923 2809 2978 videamus
2841 2939 2962 2979 esse
2997 2924 3472 2980 conversationem
3517 2923 3824 2979 feminarum

2254 3028 2416 3084 quam
2451 3014 2718 3068 virorum.
2754 3013 2830 3068 llli
2863 3023 3044 3069 autem
3087 3023 3195 3068 tam
3224 3029 3324 3085 pro
3353 3015 3678 3071 necessariis
3707 3030 3828 3086 ope-

2254 3106 2409 3162 ribus
2438 3121 2603 3176 quam
2631 3121 2731 3177 pro
2763 3106 2882 3162 aliis
2911 3108 3146 3178 negotiis
3181 3115 3306 3177 post
3327 3109 3736 3164 conversionem
3768 3109 3828 3164 ad

2176 3229 2219 3287 α
2253 3198 2533 3270 publicum
2581 3199 3014 3269 progredientes,
3067 3199 3462 3256 ecclesiasticis
3505 3200 3824 3271 frequenter,

2254 3299 2349 3345 aut
2397 3291 2563 3346 etiam
2611 3290 2966 3346 saecularibus
3013 3291 3312 3361 responsis,
3365 3293 3452 3347 vel
3483 3292 3830 3364 legationibus

2253 3383 2609 3453 implicantur
2645 3393 2700 3438 et
2732 3383 3011 3439 multoties
3061 3399 3199 3455 quos
3249 3387 3304 3439 in
3336 3385 3508 3456 priori
3533 3386 3641 3440 vita
3687 3385 3832 3440 novi-

2253 3489 2396 3541 mus,
2458 3484 2552 3529 aut
2586 3472 2750 3546 548
2804 3475 3041 3530 rusticos
3087 3473 3413 3538 fuisse,-aut
3449 3491 3732 3548 pauperes,
3783 3477 3830 3528 in

2253 3567 2536 3639 religionis
2562 3567 2752 3640 habitu
2783 3566 2938 3636 quasi
2990 3564 3237 3622 fastuose
3282 3567 3558 3622 cernimus
3594 3567 3834 3638 equitan-

2255 3667 2379 3725 tes;
2433 3658 2649 3713 feminis
2675 3668 2855 3713 autem
2887 3673 3013 3714 mox
3053 3666 3112 3714 ut
3139 3673 3420 3714 conversae
3475 3657 3674 3713 fuerint
3715 3673 3835 3728 per.

2253 3763 2412 3823 petua
2449 3752 2707 3822 deinceps
2754 3751 2840 3807 lex
2902 3761 3131 3818 manet,
3188 3766 3405 3822 semper
3457 3751 3604 3806 intra
3653 3751 3834 3805 domus

2257 3846 2519 3901 ambitum
2564 3846 2780 3926 clausas
2836 3846 3101 3914 retineri,
3147 3861 3420 3916 nusquam
3459 3845 3684 3900 ulterius
3714 3858 3834 3914 pro-

2257 3940 2426 4010 gredi,
2452 3938 2579 3994 nulli
2625 3939 2763 4005 viro,
2799 3953 2906 3994 non
2945 3939 3109 3994 modo
3138 3947 3429 4006 extraneo,
3461 3941 3554 3994 sed
3594 3953 3690 3993 nec
3722 3951 3838 4008 ger-

2258 4049 2440 4098 mano,
2496 4040 2587 4086 aut
2625 4033 2930 4103 propinquo
2977 4031 3148 4103 loqui,
3188 4032 3293 4086 nisi
3329 4032 3398 4086 ad
3444 4031 3740 4087 fenestram
3787 4031 3854 4089 in,

2257 4125 2507 4190 ecclesia,
2537 4125 2750 4180 duobus
2773 4127 2910 4181 viris
2941 4126 3223 4181 conversis
3268 4140 3394 4180 cum
3421 4125 3540 4180 viro
3581 4122 3836 4188 exterius,

2258 4231 2313 4274 et
2346 4219 2556 4274 duabus
2589 4219 2805 4274 feminis
2831 4235 2956 4274 cum
2985 4219 3075 4274 illa
3115 4218 3348 4274 interius
3382 4218 3768 4283 residentibus,
3789 4224 3838 4270 et

2259 4311 2522 4382 quidquid
2548 4311 2748 4365 dicitur
2779 4311 3146 4367 audientibus.

2327 4406 2385 4460 ln
2421 4405 2538 4476 ipso
2574 4405 2738 4460 etiam
2775 4405 3152 4460 conversionis
3197 4405 3356 4460 initio
3398 4418 3527 4459 mox
3565 4413 3626 4457 ut
3667 4402 3837 4456 susci-

2260 4496 2500 4566 piuntur,
2533 4497 2600 4549 ad
2645 4497 3002 4552 resecandam
3034 4512 3256 4552 omnem
3297 4497 3616 4566 superbiam
3645 4505 3700 4549 et
3731 4509 3844 4548 car:

2190 4595 2234 4650 D
2261 4589 2436 4642 nalem
2482 4589 2838 4657 voluptatem,
2893 4590 3060 4644 etiam
3104 4590 3286 4660 capilli
3334 4605 3525 4645 earum
3568 4603 3742 4658 usque
3783 4586 3844 4640 ad

2262 4696 2422 4736 aures
2446 4682 2763 4741 tumluntur,
2793 4691 2960 4751 utque
2983 4683 3153 4753 magis
3177 4681 3400 4738 Christo
3419 4681 3628 4737 caelesti
3655 4692 3846 4750 sponso

2259 4770 2529 4840 placeant,
2568 4785 2666 4840 pro
2713 4769 2831 4840 ejus
2874 4787 3059 4827 amore
3110 4773 3164 4826 in
3216 4771 3399 4844 fragili
3452 4782 3510 4827 et
3539 4772 3839 4826 illecebras:

2261 4879 2426 4918 carne
2457 4864 2682 4918 omnino
2725 4865 3108 4935 deturpentur.
3151 4864 3294 4920 Nulli
3354 4865 3614 4934 deinceps
3651 4865 3843 4932 pretioo

2263 4971 2382 5010 sam
2429 4964 2639 5010 vestem
2670 4957 2773 5010 nisi
2827 4971 2894 5010 ex
2947 4956 3069 5011 lana
3120 4957 3205 5012 vel
3233 4958 3416 5013 ovinis
3453 4957 3685 5029 pellibus
3727 4955 3844 5009 licet

2263 5050 2505 5113 habere,
2570 5048 2705 5102 nulli
2753 5049 2943 5117 velum
3001 5051 3238 5106 sericum
3291 5066 3445 5108 more
3493 5051 3850 5122 quarumdam

2261 5142 2796 5209 sanctimonialium,
2854 5144 2948 5199 sed
2997 5144 3324 5200 vilissimum
3363 5143 3720 5215 panniculum
3774 5138 3852 5193 ni-

2263 5252 2415 5306 grum
2457 5251 2624 5306 super
2671 5246 2832 5307 caput
2865 5245 3103 5307 portare.
3138 5237 3206 5292 Et
3239 5253 3362 5294 cum
3407 5238 3460 5292 in
3491 5247 3639 5292 tanta
3667 5233 3852 5292 distri-

2261 5330 2441 5384 ctione
2464 5339 2518 5383 et
2549 5329 2754 5385 vilitate
2783 5347 2906 5386 cum
2938 5331 3156 5388 silentio
3183 5333 3431 5387 sciantur
3459 5347 3582 5388 esse
3605 5329 3851 5390 reclusit.

2263 5426 2406 5481 miro
2440 5434 2619 5480 tamen
2665 5427 2846 5491 modo,
2887 5426 3088 5482 Christi
3141 5436 3408 5497 operante
3449 5427 3667 5490 virtute,
3716 5435 3852 5492 quia-

2265 5518 2396 5573 tidie
2435 5518 2683 5573 videmus
2719 5518 2949 5573 feminas
2977 5535 3084 5574 non
3111 5519 3275 5574 modo
3311 5519 3572 5583 rusticas,
3601 5514 3683 5570 vel
3715 5527 3851 5583 pau—

2193 5675 2198 5686 ,
2263 5624 2445 5680 per-es,
2502 5610 2594 5665 sed
2652 5611 2830 5680 potius
2876 5609 3244 5667 nobilissimas
3291 5620 3346 5666 et
3397 5611 3714 5673 ditissimas,
3749 5615 3852 5658 tam

2269 5703 2457 5766 viduas
2498 5702 2819 5772 juvenculas
2866 5719 3026 5775 quam
3074 5704 3239 5760 etiam
3273 5702 3563 5774 puellulas,
3615 5701 3692 5756 ita
3728 5713 3854 5754 eon-

2267 5793 2539 5871 versionis
2567 5795 2741 5868 gratia
2771 5794 2970 5872 spretis
2991 5794 3178 5859 mundi
3199 5793 3588 5868 voluptatibus,
3619 5791 3688 5848 ad
3709 5791 3850 5850 illini
