4018 6324
619 300 655 307 -~
678 298 793 325 -έειεριιςη
804 300 819 314 ς
831 300 834 304 ~

670 326 679 339 1

258 322 360 381 997

964 311 1326 373 HERMANNI
1356 311 1448 371 DE
1474 264 1801 371 uiuacis.
1843 309 2086 372 usum
2121 312 2430 373 LAUDUN.
2458 299 2530 356 -"—'
2567 313 2697 373 me.
2733 311 2822 383 In.

3427 311 3534 373 998

258 435 618 496 institutionis
673 430 1001 490 monasteria
1056 429 1400 496 festinantes,
1462 436 1519 485 et
1562 427 1731 503 quasi
1775 428 1842 483 ad
1873 430 1921 488 A
1947 431 2083 503 ejus,
2109 438 2163 486 et
2188 431 2438 502 protinus
2462 431 2715 488 Norberti
2737 428 3029 489 dilectione
3053 443 3369 497 succensus,
3396 445 3537 503 quo-

258 526 700 585 mortiﬁcandam
732 535 976 581 teneram
1011 539 1231 580 carnem
1260 530 1566 590 currentes,
1608 531 1669 577 ut
1704 522 1850 592 plus-

260 634 424 691 quam
455 618 641 673 decem
675 617 843 672 millia
886 615 1216 672 feminarum
1250 614 1305 671 in
1337 612 1419 670 eis
1447 613 1612 670 hodie
1652 614 1847 670 creda-

260 728 382 769 mus
412 711 701 768 contineri.

335 802 394 859 Si
441 817 573 875 ergo
626 800 763 858 nihil
805 800 953 877 aliud
1002 800 1237 856 domnus
1269 797 1570 857 Norbertus
1608 798 1850 865 fecisset,

261 896 378 963 sed,
409 895 613 952 omissa
644 894 1002 950 conversione
1045 894 1312 960 virorum,
1356 902 1435 949 tot
1459 892 1691 949 feminas
1732 908 1851 948 ser-

260 987 397 1043 vitio
456 984 642 1042 divino
684 1000 781 1040 sua
825 984 1206 1041 exhortatione
1261 984 1618 1049 attraxisset,
1675 997 1853 1038 nonne

260 1077 505 1134 maxima
528 1076 687 1132 laude
716 1076 913 1147 dignus
938 1074 1152 1132 fuisset?
1175 1073 1328 1131 Nunc
1348 1089 1479 1130 vero
1499 1089 1621 1130 cum
1648 1074 1853 1128 utrius-

262 1186 375 1243 que
408 1183 575 1225 sexus
621 1167 739 1239 ejus
769 1168 1017 1225 doctrina
1059 1176 1137 1224 tot
1191 1167 1360 1224 millia
1409 1166 1630 1222 Christo
1675 1166 1851 1221 famu-

261 1264 487 1331 lentur,
537 1278 663 1319 cum
709 1261 1074 1318 institutionis
1107 1260 1224 1331 ejus
1259 1270 1341 1317 tot
1381 1260 1713 1317 monasteria
1758 1274 1855 1330 per

261 1360 454 1414 orbem
506 1356 835 1427 refulgeant,
884 1357 1069 1413 nescio
1113 1356 1242 1428 quid
1270 1355 1362 1411 alii
1411 1355 1674 1423 sentiant,
1720 1354 1854 1409 mihi

258 1453 482 1508 videtur
502 1467 695 1508 verum
725 1465 871 1517 esse,
910 1451 1052 1521 quod
1092 1449 1315 1521 plurimi
1358 1457 1628 1515 asserunt,
1656 1465 1687 1502 ει
1717 1455 1856 1503 tem-

259 1559 401 1616 pore
429 1542 805 1614 apostolorum
847 1541 1054 1597 nullum
1088 1541 1257 1598 fuisse
1286 1542 1379 1612 qui
1409 1550 1516 1596 tam
1538 1540 1689 1597 brevi
1722 1549 1856 1596 tem-

259 1636 416 1709 poris
442 1637 618 1706 spatio
664 1650 763 1692 sua
803 1634 1152 1691 institutione
1182 1644 1261 1691 tot
1290 1635 1548 1707 perfectae
1572 1636 1700 1691 vitae
1736 1634 1857 1690 imi-

261 1737 474 1786 tatores
515 1728 735 1785 Christo
784 1728 1127 1800 acquisierit.
1160 1728 1229 1783 Et
1280 1728 1325 1784 si
1354 1728 1574 1799 quidem
1608 1728 1663 1783 in
1712 1728 1856 1783 Prat-

1954 523 2099 577 uiam
2143 520 2255 589 jam
2310 535 2363 578 et
2409 524 2525 594 ipse
2576 522 2777 578 mundo
2816 524 3132 579 renuntiare
3176 523 3536 595 cogitaverat,

1953 614 2065 669 Deo
2090 615 2294 684 gratias
2323 630 2483 687 agere
2511 617 2565 671 in
2595 615 2760 671 corde
2785 630 2882 670 suo
2907 615 3093 688 cmpit,
3119 615 3209 686 qui
3240 614 3341 670 sibi
3375 616 3537 671 talem

1954 704 2165 759 socium
2196 703 2591 761 destinaverat.
2631 705 2789 761 Sicut
2826 720 2957 778 ergo
2990 704 3265 777 quondam
3293 696 3542 762 Andreas

1954 811 1984 851 a
2014 795 2275 866 magistro
2313 811 2411 851 suo
2452 796 2662 855 Joanne
2698 799 2939 871 Baptista
2976 796 3272 855 Dominum
3312 798 3540 855 audiens
3596 850 3604 855 .

1954 886 2185 952 laudari,
2216 886 2408 941 relicto
2435 888 2625 942 eodem
2647 888 2859 944 Joanne
2885 900 3107 947 secutus
3131 898 3217 947 est
3247 889 3539 945 Dominum

1957 978 2137 1052 (Joan.
2175 996 2216 1045 ι,
2252 978 2466 1051 40-42),
2516 980 2596 1035 sic
2643 982 2805 1036 etiam
2861 980 3015 1049 Hugo
3045 984 3271 1040 audiens
3298 981 3537 1038 Norber-

1934 1084 2067 1129 tum
2121 1081 2403 1143 tantopere
2460 1073 2669 1127 laudari
2718 1090 2747 1127 a
2809 1074 3029 1131 domino
3072 1091 3170 1131 suo
3221 1076 3541 1132 Burchardo

1955 1168 2231 1238 episcopo,
2273 1167 2425 1237 cujus
2476 1166 2568 1221 diu
2629 1164 2946 1236 capellanus
2996 1165 3195 1232 fuerat,
3230 1168 3418 1224 relicto
3450 1182 3538 1223 eo-

1955 1259 2079 1313 dem
2135 1260 2390 1330 episcopo
2432 1259 2659 1314 adhaesit
2706 1256 2989 1321 Norberto,
3040 1258 3262 1327 ejusque
3315 1260 3542 1315 consilio

1957 1353 2218 1423 diSposita
2248 1353 2555 1408 substantia
2587 1366 2707 1417 sua,
2751 1350 2935 1407 socius
2996 1354 3045 1405 ci
3093 1350 3545 1421 peregrinationis

1936 1454 2013 1502 et
2040 1447 2446 1517 praedicationis
2476 1445 2852 1516 inseparabilis
2877 1443 3052 1499 factus
3096 1451 3203 1508 est,
3239 1452 3295 1497 et
3322 1458 3445 1498 cum
3477 1458 3544 1498 eo

1938 1538 2115 1594 nudis
2140 1539 2369 1609 pedibus
2410 1539 2610 1609 ubique
2644 1536 3112 1608 proficiscebatur,
3157 1534 3329 1590 donec
3360 1532 3546 1601 Remis

1957 1633 2183 1691 veniens
2222 1633 2290 1687 ad
2332 1633 2621 1688 concilium
2654 1647 2805 1703 papae
2834 1630 3053 1694 Calixti,
3082 1630 3279 1684 donmo
3314 1628 3549 1683 Bartho-

1959 1722 2150 1778 lomaeo
2180 1723 2540 1792 .Laudunensi
2604 1725 2894 1795 episcopo,
2962 1720 3103 1778 sicut
3150 1736 3316 1793 supra
3363 1718 3551 1776 retuli-

259 1820 660 1879 monstratensi
703 1821 958 1877 coenobio
995 1820 1203 1876 diutius
1228 1819 1572 1890 mansisset,
1625 1817 1856 1874 forsitan
1886 1805 1934 1866 Β
1962 1831 2104 1882 mus,
2136 1816 2444 1872 notiiicatus
2482 1825 2584 1872 est.

260 1914 437 1970 multa
465 1914 574 1969 alia
603 1912 858 1980 fecisset;
894 1912 989 1968 sed
1017 1912 1213 1968 divinae
1249 1911 1714 1984 praedestinationi
1744 1910 1858 1981 pla-

258 2005 381 2063 cuit
427 2012 486 2059 ut
534 2005 795 2059 honorem
863 2018 1027 2074 quem
1060 2004 1115 2058 in
1166 2004 1277 2058 vita
1310 2002 1557 2057 saeculari
1601 1999 1857 2073 fugiendo

257 2096 585 2163 declinavit,
622 2106 1008 2167 assequeretur
1036 2095 1088 2150 in
1114 2094 1306 2150 habitu
1337 2093 1649 2165 religienis,
1681 2100 1737 2148 et
1763 2093 1858 2165 qui

258 2197 394 2246 ante
423 2187 841 2245 conversionem
873 2187 1047 2243 noluit
1073 2202 1195 2244 esse
1224 2187 1536 2258 episcopus,
1566 2195 1689 2258 post
1717 2200 1852 2242 con-

254 2282 573 2338 versionem
600 2281 775 2336 ficret-
788 2280 1253 2352 archiepiscopus.

246 2398 249 2399 ⁷
313 2393 448 2452 CAP.
490 2392 621 2449 Vill.
655 2378 725 2433 4-—
773 2391 927 2460 Quod
986 2394 1341 2474 episcopatum
1384 2391 1810 2449 Cameracensem

936 2475 1189 2519 renuant.

339 2558 584 2613 Domnus
612 2556 883 2627 siquidem
920 2555 1074 2627 Hugo
1118 2556 1659 2613 Praamonstratensis
1692 2557 1861 2612 abbas

256 2649 403 2705 mihi
438 2663 614 2720 nuper
643 2649 892 2704 narravit
918 2649 1063 2720 quod
1108 2650 1161 2704 in
1191 2649 1463 2720 principio
1488 2649 1862 2705 conversionis

258 2757 382 2799 suae
413 2758 538 2799 cum
568 2742 864 2798 ecclesiam
915 2742 1301 2799 Coloniensem
1356 2752 1412 2800 et
1451 2752 1707 2815 parentes
1734 2757 1862 2798 suos

258 2835 415 2891 idem
463 2834 769 2891 Norbertus
801 2834 1131 2907 reliquisset,
1166 2834 1530 2892 Valencenias
1586 2836 1751 2906 pedes
1807 2841 1864 2889 et

258 2927 635 2985 discalceatus
689 2929 861 2995 venit,
916 2930 1102 3000 ibique
1161 2929 1426 2986 domnum
1489 2930 1860 2985 Burchardum

259 3020 719 3078 Cameracensem
747 3022 1064 3095 episcOpum
1116 3022 1344 3079 invenit.
1376 3021 1513 3079 Cum
1545 3037 1676 3095 ergo
1701 3034 1862 3077 mane

165 3152 183 3169 -.
257 3116 559 3190 praefatum
605 3117 921 3190 episcopum
962 3117 1187 3185 missam
1230 3118 1632 3175 celebraturum
1682 3116 1863 3172 audis-

262 3219 380 3277 set,
416 3210 643 3266 veniens
671 3211 739 3265 ad
777 3208 1090 3277 ecclesiam,
1132 3210 1347 3283 rogavit
1384 3210 1633 3265 eumdem
1676 3208 1859 3278 [Iugo-

259 3318 421 3369 nem,
453 3303 546 3374 qui
583 3313 712 3359 tunc
750 3302 921 3374 ipsius
966 3301 1281 3372 capellanus
1329 3302 1567 3374 episcopi
1618 3310 1754 3367 erat,
1802 3309 1864 3355 ut

263 3410 343 3452 se
390 3394 597 3452 faceret
634 3396 892 3467 episcopo
922 3394 1181 3465 colloqui.
1236 3394 1392 3467 Hugo
1442 3396 1689 3451 nesciens
1740 3395 1863 3464 quis

261 3505 443 3565 esset,
484 3497 764 3568 ingressus
814 3495 1092 3551 nuntiavit
1127 3494 1382 3566 episcopo
1434 3494 1725 3566 quemdam
1757 3493 1866 3550 cle-

263 3587 453 3643 ricum
493 3586 842 3658 peregrinum
893 3600 995 3657 pro
1043 3584 1256 3641 foribus
1313 3598 1475 3651 esse,
1522 3591 1577 3663 et
1624 3585 1675 3640 ei
1718 3584 1865 3655 loqui

261 3678 439 3734 velle.
468 3682 627 3733 .lussu
669 3678 865 3733 deinde
887 3677 1131 3748 episcopi
1162 3676 1557 3737 introductum.
1588 3692 1711 3733 cum
1740 3692 1866 3732 eum

264 3769 568 3841 episcopus
602 3768 1031 3841 recognovisset,
1090 3775 1279 3838 utpote
1309 3782 1472 3837 quem
1525 3767 1579 3822 in
1630 3767 1867 3838 impera-

265 3864 414 3920 toris
464 3864 617 3920 curia
684 3863 963 3920 multoties
1024 3862 1867 3941 familiaritehppconversantem

264 3957 599 4027 magnisque
639 3956 842 4013 divitiis
879 3956 1172 4028 pollentem
1211 3956 1454 4023 viderat,
1486 3958 1737 4026 protinus
1775 3958 1868 4013 ad-

266 4048 531 4105 mirando
578 4047 917 4120 stupefactus
970 4049 1373 4119 uberrimisque
1434 4048 1695 4121 lacrymis
1744 4064 1867 4119 per-

266 4141 471 4195 fusus:
522 4139 588 4207 0,
644 4139 839 4209 inquit,
894 4140 1094 4195 domne
1142 4137 1428 4206 Norberte,
1476 4139 1598 4209 quis
1645 4140 1868 4195 credere

264 4233 549 4306 potuisset
580 4241 631 4287 te
665 4241 844 4287 tantas
872 4231 1091 4287 divitias
1116 4231 1449 4301 relinquere,
1479 4238 1534 4284 et
1564 4231 1630 4284 ad
1661 4239 1865 4285 tantam

264 4336 658 4401 paupertatem
685 4336 880 4398 sponte
912 4326 1144 4381 venire?
1181 4325 1408 4379 Domine
1435 4324 1598 4389 Deus,
1630 4324 1760 4394 quid
1787 4331 1870 4378 est

269 4420 427 4492 quod
447 4420 604 4477 video
632 4420 697 4475 de
722 4420 919 4475 domno
947 4417 1238 4483 Norberto,
1274 4431 1436 4487 quem
1461 4415 1591 4470 olim
1626 4423 1733 4469 tam
1774 4430 1868 4469 su-

269 4514 450 4584 perbe
485 4513 753 4581 indutum,
808 4522 1028 4583 tamque
1072 4511 1381 4583 pompatico
1424 4509 1568 4566 fastu
1617 4508 1863 4565 videbam

270 4606 549 4663 incedere.
577 4608 797 4663 solitum
819 4608 843 4663 ?

354 4701 597 4773 Cumque
648 4702 800 4773 llugo
852 4702 1163 4774 capellanus
1219 4700 1460 4773 episcopi
1516 4699 1705 4755 videns
1743 4712 1866 4754 eum

273 4805 396 4850 tam
460 4794 784 4850 mirabiliter
830 4793 1082 4863 flentem,
1137 4802 1191 4849 et
1228 4809 1339 4865 pra:
1379 4791 1549 4848 nimio
1594 4790 1723 4847 ﬂetu
1779 4791 1869 4845 vix

270 4886 430 4957 loqui
477 4886 743 4942 valentem
773 4927 789 4954 ,
844 4886 1198 4959 interrogavit
1246 4900 1369 4941 eum
1424 4885 1672 4956 quisnam
1727 4893 1872 4940 esset

276 4979 428 5035 idem
472 4977 795 5045 Norhertus,
842 4994 943 5050 pro
971 4994 1079 5049 quo
1110 4987 1394 5049 tanIOpere
1442 4976 1866 5048 lacrymabatur,

272 5072 572 5144 episc0pns
605 5074 942 5144 respondens
967 5087 982 5127 :
1009 5072 1066 5128 Si
1096 5060 1288 5138 Scires,
1312 5071 1509 5141 inquit,
1535 5071 1658 5141 quis
1684 5068 1868 5136 fuerit,

274 5161 566 5218 mirareris
601 5166 744 5234 quod
774 5179 921 5219 nunc
959 5162 1083 5218 talis
1130 5162 1221 5218 sit.
1261 5161 1490 5229 Quando
1521 5161 1667 5216 enim
1702 5160 1858 5229 impe-

276 5265 434 5312 rator
475 5257 621 5312 dedit
656 5258 788 5312 mihi
816 5257 1187 5328 episcopatum
1243 5254 1717 5320 Cameracensem,
1744 5253 1873 5309 huic

275 5346 556 5404 Norberto
585 5348 738 5419 prius
763 5362 884 5403 eum
908 5347 1127 5411 obtulit,
1178 5347 1272 5403 sed
1303 5346 1417 5417 ipse
1444 5360 1567 5401 eum
1596 5345 1873 5416 suscipere

275 5439 371 5495 vel
427 5440 624 5495 habere
672 5439 863 5495 noluit.
898 5439 997 5495 llic
1026 5440 1172 5495 enim
1199 5439 1344 5494 inter
1397 5437 1690 5494 canonicos
1716 5437 1872 5494 Colo-

278 5534 503 5590 nienses
549 5532 885 5589 honorabilis
944 5540 999 5589 et
1054 5531 1355 5588 ditissimus
1400 5539 1541 5598 erat,
1579 5529 1674 5586 sed
1702 5545 1867 5598 nunc,

281 5629 429 5685 sicut
470 5628 674 5705 cernis,
707 5628 890 5683 omnia
926 5642 1026 5700 pro
1056 5627 1168 5683 Deo
1205 5625 1448 5705 reliquit,
1504 5631 1559 5684 et
1588 5623 1750 5686 nudis
1778 5638 1871 5705 ρετ

281 5721 447 5778 dibus
473 5721 643 5778 Deum
682 5737 925 5793 quaerere
954 5723 1172 5798 satagit.

361 5812 486 5885 Haec
520 5831 589 5884 ex
636 5815 875 5907 episcopi
934 5832 1031 5885 ore
1054 5814 1299 5889 audienti!
1343 5815 1500 5915 ullgo
1557 5815 1870 5911 capellaan

1890 4562 1947 4625 (I

1961 1929 2087 1986 CAP.
2114 1929 2202 1985 ιχ.
2222 1962 2291 1972 -
2306 1930 2469 2005 549
2482 1931 2755 2005 Quomodo
2801 1930 3264 2003 Magaeburgensis
3285 1943 3548 1997 arcmept-

2150 2012 2153 2013 ⁷
2383 2003 2403 2005 ἡ
2498 2020 2683 2073 scapus
2709 2003 2882 2073 factus
2911 2005 2997 2058 sit.

2031 2095 2166 2163 Quia
2212 2109 2343 2166 ergo
2391 2095 2617 2150 relatum
2670 2102 2753 2151 est
2789 2095 2933 2165 quod
2965 2096 3252 2167 episcopus
3289 2092 3551 2149 Camera-

1960 2182 2151 2245 censis:
2188 2203 2307 2244 esse
2327 2189 2587 2259 potuerit,
2619 2188 2713 2243 sed
2734 2188 2989 2254 noluerit,
3022 2178 3165 2243 nunc
3193 2184 3554 2255 subjungatur

1944 2280 2229 2354 quomodo
2277 2282 2717 2352 archiepiscopus
2786 2282 2961 2337 factus
3010 2280 3197 2338 fuerit.
3251 2280 3386 2337 Cum
3432 2277 3551 2349 jam

1961 2375 2144 2446 plures
2179 2374 2462 2444 utriusque
2511 2389 2695 2442 sexus,
2725 2374 2917 2429 relicta
2964 2373 3148 2428 saeculi
3180 2373 3443 2439 vanitate,
3483 2371 3553 2427 ad

1962 2470 2057 2525 Dei
2109 2467 2391 2524 servitium
2440 2468 2819 2533 convertisset,
2868 2466 3160 2537 multisque
3205 2465 3551 2521 monasteriis

1962 2564 2120 2633 longe
2149 2562 2362 2631 lateque
2401 2562 2754 2627 constructis,
2777 2559 2919 2615 fama
2949 2559 3066 2629 ejus
3105 2559 3305 2628 ubique
3333 2566 3555 2630 proten-

1964 2656 2204 2720 deretur,
2242 2652 2599 2706 transmissus
2624 2662 2708 2706 est
2750 2652 2818 2705 ab
2847 2651 2939 2705 illo
2966 2651 3147 2721 magni
3182 2642 3421 2704 nominis
3454 2648 3553 2705 co-’

1964 2747 2095 2802 mite
2138 2745 2449 2816 Campaniae
2480 2742 2811 2808 Theobaido,
2846 2742 3060 2797 Henrici
3088 2740 3230 2812 regis
3256 2739 3555 2811 Anglorum

1964 2852 2221 2910 germano
2249 2835 2380 2903 filio,
2412 2835 2479 2889 ad
2500 2834 3017 2890 excellentissimum
3042 2832 3332 2901 quemdam
3348 2832 3554 2887 Lotha-

1964 2931 2153 3002 ringiae
2194 2929 2518 3000 principem,
2556 2926 2709 2997 cujus
2750 2926 2917 2983 ﬁliam
2948 2927 3093 2981 idem
3133 2940 3318 2982 comes
3356 2938 3552 2995 conju-

1966 3039 2089 3096 gem
2115 3024 2286 3078 duxit.
2312 3022 2535 3077 Accedit
2558 3022 2766 3077 interea
2802 3029 2881 3089 ut,
2905 3022 3318 3092 archiepiscopo
3341 3019 3559 3092 Magde-

1966 3118 2255 3190 burgensis
2278 3118 2552 3181 defuncto,
2583 3116 2770 3172 clerici
2802 3116 3043 3187 ejusdem
3069 3116 3221 3171 urbis
3254 3115 3322 3170 ad
3350 3113 3558 3170 facien-

1970 3212 2094 3265 dam
2127 3210 2449 3265 elertionem
2502 3208 2727 3263 alterius
2770 3208 3139 3263 convenirent.
3193 3206 3396 3263 Eodem
3426 3222 3558 3262 vero

1967 3318 2109 3357 anno
2136 3303 2364 3357 domnus
2391 3300 2692 3357 Norbertus
2722 3309 2934 3357 secreto
2960 3300 3277 3371 colloquens
3302 3298 3558 3354 familiari

1966 3411 2066 3451 suo
2121 3397 2319 3451 domno
2371 3394 2634 3450 Gaufrido
2684 3394 3043 3452 Carnotensis
3089 3394 3241 3449 urbis
3269 3393 3553 3465 episcopo,

1966 3490 2214 3562 prmdixit
2266 3490 2316 3545 ei
2395 3505 2453 3545 se
2499 3504 2595 3559 per
2647 3488 2822 3544 visum
2874 3487 3193 3558 cognovisse
3244 3484 3388 3557 quod
3441 3484 3559 3556 ipso

1968 3599 2108 3639 anno
2150 3582 2365 3637 futurus
2407 3591 2553 3637 esset
2577 3582 2885 3653 episcopus,
2933 3581 3031 3637 sed
3079 3579 3360 3636 nesciebat
3401 3578 3558 3649 cujus

1968 3678 2119 3734 urbis
2149 3677 2234 3731 vel
2261 3666 2577 3749 provinciae.

1960 3834 1961 3839 η
2044 3768 2177 3825 Cum
2221 3785 2351 3841 ergo
2381 3768 2567 3825 clerici
2595 3766 3085 3839 Magdeburgenses
3121 3765 3304 3837 plures
3338 3762 3560 3835 quidem

1968 3862 2281 3935 elegissent,
2313 3862 2408 3919 sed
2440 3863 2491 3917 in
2523 3861 2725 3917 nullius
2772 3860 3035 3917 electione
3062 3859 3395 3915 unanimiter
3424 3873 3558 3914 con-

1969 3958 2258 4025 sentirent,
2304 3956 2591 4012 nuntiatur
2617 3957 2697 4011 eis
2740 3956 2876 4010 duos
2900 3953 3210 4027 apostolica:
3232 3953 3381 4010 sedis
3412 3953 3558 4024 lega-

1966 4058 2076 4127 tos,
2104 4048 2250 4104 viros
2300 4047 2613 4118 religiosos,
2650 4047 2719 4103 ab
2764 4046 2898 4102 urbe
2946 4045 3120 4102 Roma
3156 4045 3558 4117 Maguntiacum

1966 4142 2206 4218 venisse,
2258 4156 2488 4211 quorum
2551 4154 2693 4195 unus
2758 4138 2979 4204 Petrus,
3058 4138 3197 4194 alter
3254 4138 3554 4194 vocabatur

1970 4231 2268 4297 Gerardus,
2292 4230 2380 4302 qui
2404 4241 2591 4303 postea
2612 4246 2749 4302 papa
2772 4230 2946 4287 factus
2960 4230 3254 4287 Caelestino
3275 4231 3559 4297 successit,

1971 4332 2026 4377 et
2070 4322 2370 4393 Eugenium
2426 4322 2725 4391 praecessit.
2788 4321 3058 4376 t'imentes
3110 4321 3296 4389 itaque
3345 4318 3559 4391 praelati

1972 4415 2154 4471 clerici
2186 4432 2252 4471 ne
2282 4430 2380 4486 pro
2414 4415 2684 4470 discordia
2736 4412 3019 4469 electionis
3058 4413 3366 4483 perniciosa
3417 4413 3561 4471 forte

1971 4506 2114 4562 inter
2146 4521 2239 4561 eos
2269 4506 2505 4561 oriretur
2540 4504 2754 4569 seditio,
2810 4503 2948 4559 inito
2998 4504 3232 4560 concilio
3267 4506 3560 4575 praedictos

1971 4600 2116 4655 sedis
2148 4600 2459 4670 apostolicae
2486 4599 2692 4671 legatos
2722 4598 2944 4669 adeunt,
2966 4608 3021 4655 et
3049 4599 3372 4656 electionem
3402 4617 3557 4657 suam

1972 4695 2027 4750 in
2062 4709 2156 4749 ore
2192 4708 2376 4748 eorum
2409 4700 2630 4764 ponunt,
2662 4701 2718 4748 et
2760 4707 3140 4764 quemcunque
3174 4693 3463 4765 elegissent
3500 4707 3560 4749 se

1971 4801 2327 4842 concessuros
2396 4785 2739 4856 promittunt.
2793 4784 2984 4857 Legati
3038 4786 3289 4842 videntes
3352 4794 3560 4840 tantam

1972 4896 2161 4938 eorum
2210 4879 2578 4947 devotionem,
2607 4887 3012 4950 proposuerunt
3059 4878 3267 4935 nullam
3313 4878 3562 4946 accipere

1970 4977 2278 5048 pecuniam,
2326 4992 2447 5047 quae
2477 4976 2612 5047 ipsis
2642 4992 2672 5030 a
2715 4976 3002 5031 nonnullis
3039 4990 3140 5046 per
3188 4973 3560 5029 internuntios

1974 5056 2325 5138 offerebatur,
2368 5084 2435 5125 ne
2481 5067 2622 5124 forte
2650 5069 2810 5145 sedes
2864 5066 3187 5140 apostolica,
3222 5072 3278 5120 ct
3324 5064 3561 5119 maxime

1973 5165 2095 5237 ipsi,
2131 5179 2296 5235 super
2333 5164 2435 5219 hoc
2485 5161 2909 5218 infamarentur.
2948 5160 3084 5215 Cum
3115 5172 3247 5230 ergo
3274 5171 3377 5227 pro
3409 5164 3561 5211 tanto

1974 5260 2191 5331 negotio
2237 5259 2515 5324 decenter,
2566 5272 2632 5312 ac
2690 5254 3058 5319 laudabiliter,
3121 5268 3187 5307 ac
3239 5254 3359 5307 sine
3411 5266 3563 5307 0mm

1975 5351 2236 5412 Simoniae
2291 5361 2417 5408 nota
2476 5350 2820 5407 terminando
2865 5347 3080 5404 Domini
3127 5347 3559 5402 misericordiam

1974 5453 2243 5516 peterent,
2287 5456 2342 5499 et
2389 5444 2514 5499 cum
2561 5440 2900 5512 sapientibus
2938 5438 3071 5495 viris
3109 5438 3163 5493 in
3192 5437 3436 5494 Ecclesia
3468 5452 3564 5508 po-

1973 5537 2066 5598 siti
2093 5536 2288 5592 exinde
2332 5534 2622 5606 diligenter
2645 5539 2974 5601 tractarent,
3017 5545 3144 5588 ecce
3166 5530 3476 5602 insperatus
3505 5536 3562 5583 et

1974 5630 2302 5702 improvisus
2329 5629 2397 5687 de
2420 5628 2654 5688 Francia
2682 5627 2928 5694 veniens,
2953 5628 3145 5684 orandi
3175 5628 3377 5699 gratia,
3409 5639 3561 5681 eam-

1976 5726 2098 5797 dem
2128 5721 2427 5787 Ecclesiam
2457 5720 2760 5785 Norbertus
2782 5720 3099 5801 ingreditur,
3127 5720 3369 5797 ejusdem
3394 5733 3549 5801 nego-

1975 5817 2041 5907 tii
2061 5815 2283 5897 omnino
2304 5814 2546 5918 ignarus.
