4018 6324
512 311 622 440 θέε)

1311 423 1314 426 ,
1367 306 1660 420 iterm.
1691 361 1784 422 AD
1822 323 1951 422 his.
1985 364 2049 423 ιιι
2080 317 2406 426 curuum}
2429 317 2522 425 bis
2555 369 2717 426 VlTA
2747 349 2908 430 SUA.‘

3643 387 3772 448 i000

588 447 709 530 Quo
774 441 896 523 Ivi-so
944 440 1105 541 legati
1151 441 1437 544 stupefacti
1491 484 1546 534 et
1593 477 1942 552 admirantes,
1981 499 2107 554 prc-
2132 492 2182 552 Α
2207 485 2334 556 quia
2363 484 2418 541 in
2449 485 2758 556 ditissimis,
2794 499 2850 546 et
2884 491 3276 565 antiquissimis
3298 500 3565 558 cmnobiis
3597 502 3772 564 Gallia:

515 569 718 627 cesque
744 573 921 614 suasa
968 561 1076 616 Deo
1113 551 1548 640 exauditasesse
1585 573 2100 658 gautlentes,lcleri-

514 664 607 706 eos
648 649 1495 740 Magdeburgens‘es}convocant,
1537 671 1593 744 et
1619 653 1803 742 utrum
1832 651 2010 724 adhuc
2042 669 2093 742 in

512 753 609 794 sua
638 731 918 836 sentential
933 731 1339 836 permanentes,
1371 737 1500 836 asc
1535 739 1766 836 electum
1789 760 2096 834 suscepturi

813 807 837 816 "
893 805 952 820 ’⁵⁸
999 809 1006 822 ⁵
1147 817 1152 822 ’
1193 807 1218 826 "-
1281 805 1338 832 IV'
1373 805 1500 836 ἴσηζίῖ
1541 805 1562 836 ἶ
1596 805 1766 836 ”ῗῖῗ’“ῖ
1789 805 2096 834 .'_"".‘73""T'

511 829 688 887 forent
719 805 1080 920 it‘t'terrqgittit.
1123 825 1236 897 illis
1267 823 1596 902 unanimiter
1628 847 1844 904 insimul
1875 868 2098 923 respon-

512 915 770 1008 dentibus
891 911 1102 1008 absque
1133 932 1260 1006 ulla“
1289 937 1717 996 contradictione
1745 953 2096 1014 suscepturos

509 1003 890 1094 quemcunque
920 1003 1304 1108 'no'minasent,
1369 1031 1619 1109 protinus
1669 1033 1828 1106 legati
1869 1037 2094 1109 subjun-

508 1117 744 1174 geutes:
801 1111 868 1168 Et
919 1097 1018 1172 nos
1089 1097 1385 1197 inquiunt;
1407 1107 1461 1179 in
1520 1097 1748 1183 nomine
1797 1128 1993 1197 Patris,
2040 1141 2096 1188 et

507 1194 653 1281 Filii,
677 1210 743 1273 et
760 1199 1006 1280 Spiritus
1033 1211 1225 1290 sancti.
1261 1195 1414 1268 vobis
1451 1217 1796 1296 nominamus
1831 1229 1886 1298 et
1935 1194 2091 1292 eligi-

509 1275 630 1344 mus
668 1275 928 1366 domuum
963 1283 1290 1357 Norbertum
1329 1293 1504 1362 virum
1543 1295 1854 1388 religiosum
1885 1323 1940 1372 et
1969 1331 2093 1387 pro-

508 1380 694 1460 batum
735 1375 1085 1474 nobisqueae
1117 1395 1269 1452 vobis
1297 1413 1395 1478 pro
1417 1401 1684 1474 explendo
1713 1409 1965 1486 praesenti
1998 1427 2092 1468 ne-

511 1475 846 1554 gotiotsicut
893 1464 1184 1558 credimus,
1220 1504 1247 1543 a
1277 1476 1507 1549 Domino
1535 1495 1643 1552 Deo
1685 1481 2085 1560 transmissum.

503 1565 780 1624 Attonitus
827 1585 991 1650 super
1034 1565 1140 1631 tam
1175 1573 1479 1640 incredibili
1513 1596 1567 1642 et
1611 1589 1775 1650 celeri
1807 1591 1948 1648 facto
1975 1603 2090 1650 stu-

503 1663 612 1740 pet,
642 1667 722 1740 let
775 1647 1078 1748 admiratur
1129 1663 1456 1752 Norbertus,
1493 1686 1550 1732 et
1593 1689 1775 1736 utrum
1807 1684 2086 1764 vigiletan

499 1743 735 1804 dormiat
773 1741 1024 1823 ignarus;
1059 1759 1150 1814 ubi
1208 1762 1298 1830 sit,
1333 1747 1414 1820 vel
1460 1768 1602 1826 unde
1639 1759 1870 1844 venerit,
1901 1793 2120 1848 secum,

2202 577 2290 632 vix
2333 577 2565 635 inveniri
2613 589 2791 652 potest
2814 599 2950 653 opus
2988 587 3182 654 simile,
3216 590 3289 646 ita
3319 602 3381 648 ut
3404 608 3596 652 omnes
3619 601 3772 654 adve-

2201 669 2413 726 nientes
2464 683 2519 728 et
2568 674 2913 744 inspicienles
2959 682 3209 750 protinus
3253 686 3481 744 dicant:
3529 694 3770 760 quoniam

2200 758 2647 838 iuveritateimn
2685 766 2752 840 ab
2786 767 3022 840 homine,
3054 787 3227 843 neque
3256 791 3354 846 per
3393 758 3666 836 hominem
3698 783 3771 837 fa-

2199 835 2346 907 ctum
2375 862 2460 910 est
2503 855 2668 928 istud,
2705 835 2760 912 et
2804 868 2887 916 est
2937 861 3184 930 mirabile
3236 867 3289 922 in
3329 869 3503 936 oculis
3557 876 3769 946 nostris.

2197 942 2323 1000 Jesu
2357 946 2523 1004 bone!
2576 960 2780 1022 quanto
2829 954 3026 1024 gaudio
3074 958 3328 1030 repletur.
3355 942 3773 1025 Bartholouiaeus

2196 1039 2481 1111 episcomts
2529 1043 2741 1114 quoties
2772 1045 2900 1102 illuc
2947 1049 3278 1110 visitationis
3305 1056 3488 1125 gratia
3537 1060 3769 1129 veniens,

2175 1133 2458 1204 _conspicit
2490 1142 2598 1188 tam
2629 1136 2964 1210 splendidum
2989 1145 3402 1214 monasterium,
3429 1148 3546 1206 suis
3569 1149 3768 1220 diebus,

2195 1239 2403 1300 suoque
2431 1230 2659 1292 consilio
2688 1235 3032 1306 etprincipio
3055 1252 3085 1293 a
3105 1238 3347 1302 Domino
3379 1251 3768 1304 constructum.

2195 1313 2421 1398 Videtur
2445 1319 2574 1376 mihi
2622 1323 2764 1394 quod
2792 1334 2848 1380 et
2890 1325 3004 1396 ipse
3037 1343 3153 1384 :um
3204 1331 3452 1400 apostolo
3503 1333 3671 1394 Paulo
3699 1337 3770 1392 di-

2192 1421 2318 1486 cere
2349 1392 2547 1476 possit:
2578 1392 2957 1492 Abundantius
2986 1431 3431 1482 antecessoribus
3471 1429 3613 1488 meis
3657 1433 3767 1503 epi-

2192 1500 2373 1568 sc0pis
2419 1500 2872 1578 Laudunensibus
2921 1508 3050 1578 feci,
3101 1533 3120 1565 t
3149 1512 3271 1571 Non
3308 1525 3494 1575 autem
3528 1535 3651 1592 ego,
3681 1500 3767 1581 sed

2190 1591 2364 1660 gratia
2398 1593 2492 1649 Dei
2525 1611 2736 1654 mecum
2775 1599 2828 1672 (I
2857 1600 2981 1657 Cor.
3016 1620 3106 1672 xv,
3134 1606 3245 1678 l0).
3277 1627 3296 1662 ι

2305 1704 2435 1760 CAP.
2474 1707 2565 1764 XI.
2598 1741 2670 1752 —
2705 1711 2784 1768 De
2828 1719 3216 1842 cortstrzctione
3269 1719 3670 1784 Fuisniacemia

2861 1803 3003 1842 caeno
3041 1805 3098 1842 tt.

2861 1803 3098 1845 caenam.

499 1834 619 1906 ipse
650 1849 1056 1936 percunctando
1081 1851 1334 1909 miratur.
1383 1857 1682 1918 Confestim
1722 1834 1888 1938 igitur
1923 1885 1952 1924 a
1977 1871 2082 1926 cle-
2113 1841 2161 1912 ’Β
2260 1851 2373 1924 Νοιι
2405 1870 2576 1926 solum
2607 1888 2738 1931 vero
2764 1876 2966 1938 domno
3025 1881 3315 1953 Norberto,
3348 1897 3408 1951 et
3448 1894 3764 1964 sequacibus

499 1929 629 1964 pini.
672 1933 900 1964 ιιι-..ἔικε-
939 1941 1174 1964 .-....|.2.-__
1247 1962 1260 1964 _
1293 1947 1306 1964 ι
1371 1943 1405 1964 ι-
1721 1957 1734 1964 -
1814 1961 1823 1964 -
2219 1957 2230 1964 .
2452 1962 2461 1964 _

498 1929 631 1985 ricis
672 1923 906 2008 capitur,
939 1925 1192 2012 trahitur,
1240 1947 1306 2002 ad
1336 1943 1508 2006 altare
1556 1971 1660 2012 non
1703 1923 1941 2028 ducitur,
1989 1966 2082 2020 sed

499 2017 767 2106 violenter
819 2037 1096 2098 portatur,
1123 2035 1339 2094 sublimi
1385 2056 1516 2098 voce
1575 2043 1645 2099 Te
1691 2045 1858 2104 Deum
1888 2051 2080 2109 lauda-

497 2101 614 2166 mus
665 2117 950 2186 cantatur:
1000 2123 1197 2180 deinde
1228 2129 1548 2189 obedientiae
1601 2136 1816 2194 vinculo
1861 2155 2082 2202 coactus

467 2199 784 2274 episcopus
814 2220 1182 2269 consecratur.
1224 2213 1314 2273 Sic
1347 2207 1476 2292 ergo
1505 2223 1629 2279 dum
1657 2226 1792 2298 fugit
1820 2229 2078 2288 Camera-

492 2307 712 2350 censem
766 2295 1157 2373 epiScdpatum,
1211 2309 1438 2381 adeptus
1505 2326 1609 2387 est,
1665 2319 1773 2377 Deo
1839 2324 2075 2394 volente,

491 2378 1007 2458 Magdeburgensem
1077 2378 1625 2476 archiepiscopatum,
1681 2410 1733 2466 in
1787 2428 1896 2484 quo

488 2477 639 2545 gioSe
669 2481 856 2540 vivens
902 2501 999 2557 per
1027 2489 1232 2562 aliquot
1259 2512 1430 2554 annos
1479 2504 1694 2560 tandem
1737 2521 1768 2561 a
1800 2507 2076 2570 laboribus

487 2571 602 2625 suis
630 2573 789 2630 beato
819 2575 926 2635 fine
952 2581 1178 2651 quievit.

530 2685 660 2743 CAP.
685 2677 753 2744 Χ.
779 2721 850 2732 -
877 2691 1186 2754 Immutatio
1213 2702 1444 2787 εςριεείςι»
1465 2695 2014 2787 Ρνιεηιοηεινάιεηεὶε,

1086 2781 1135 2824 et
1157 2771 1472 2832 melioratio.

556 2841 822 2909 Praefatus
863 2845 1044 2913 autem
1074 2862 1254 2920 socius
1299 2865 1417 2937 ejus
1465 2869 1694 2928 domnus
1725 2873 1896 2948 Ilugo,
1928 2877 2070 2935 Prae-

482 2941 902 3002 monstratensis
930 2957 1247 3012 monasterii
1275 2956 1342 3012 ab
1379 2961 1572 3018 eodem
1599 2963 1868 3025 Norberto
1901 2973 2070 3030 abbas

477 3030 706 3100 electus,
736 3045 791 3091 et
817 3051 847 3093 a
888 3039 1088 3099 domno
1141 3046 1536 3108 Bartholomaeo
1579 3055 1835 3130 episcopo
1864 3065 2067 3119 conﬁr-

479 3131 682 3190 matus,
762 3125 981 3187 assidue
1045 3135 1255 3192 studuit
1311 3140 1528 3198 vineam
1607 3125 1770 3218 quam
1836 3151 2142 3278 domnus

479 3210 780 3273 Norb‘erttts
804 3235 987 3277 secum
1017 3225 1379 3278 olantaverat-
1397 3234 1736 3278 eximi-tamin
1755 3251 1804 3278 nl
1831 3243 2042 3278 nnllnhn

478 3210 780 3273 Norbertus
804 3235 987 3277 secum
1016 3225 1379 3296 plautaverat,
1397 3210 1736 3294 exhortando
1755 3251 1810 3296 et
1831 3243 2066 3302 collabo-

476 3305 653 3360 rando
687 3307 886 3379 rigare,
937 3313 1050 3370 Deo
1079 3331 1177 3387 per
1201 3320 1382 3376 omnia
1419 3323 1856 3387 misericorditer
1890 3333 2066 3393 incre-

473 3407 717 3455 mentum
758 3403 816 3472 e‘i
855 3405 1042 3463 dante.
1076 3407 1278 3468 Videns
1325 3423 1504 3472 autem
1541 3419 1883 3480 ecclesiolam
1915 3428 2062 3487 illam

470 3503 693 3558 parvam
715 3491 830 3563 jam
871 3514 994 3580 non
1023 3515 1185 3573 posse
1219 3503 1467 3564 sullicere
1517 3520 1682 3568 tantae
1725 3518 2061 3581 multitudini

471 3575 703 3636 fratrum
731 3597 854 3653 qua:
891 3577 1246 3659 convenerat,
1274 3603 1331 3650 et
1383 3599 1625 3668 quotidie
1667 3618 1766 3675 per
1815 3607 1910 3664 Dei
1940 3627 2063 3683 gra-

469 3669 604 3725 tiam
633 3679 1106 3749 augmentabatur,
1138 3686 1320 3743 sciens
1338 3690 1504 3744 etiam
1529 3669 1785 3752 domuum
1819 3669 2059 3762 Norber-

465 3770 606 3830 tum,
637 3777 696 3822 ut
735 3773 987 3842 superius
1043 3776 1248 3834 dictum
1279 3793 1383 3851 est,
1421 3784 1475 3840 in
1507 3787 1698 3858 spiritu
1747 3797 2059 3864 praevidisse

463 3857 614 3924 quod
655 3871 724 3915 ex
773 3862 946 3922 altera
978 3873 1181 3928 montis
1220 3884 1376 3944 parte
1422 3857 1596 3949 major
1637 3857 1871 3944 ecclesia
1918 3890 2057 3949 foret

459 3945 808 4017 aedificanda,
862 3955 996 4013 inito
1025 3975 1146 4016 eum
1175 3963 1436 4025 fratribus
1468 3945 1580 4030 suis
1626 3980 1870 4046 consilio,

461 4053 594 4093 num
623 4039 1077 4139 Bartholomaeum
1108 4057 1440 4130 episcopum,
1471 4074 1529 4120 ut
1557 4078 1684 4139 pote
1725 4072 1829 4130 loci
1855 4039 2052 4134 funda-

461 4135 657 4197 torem,
707 4142 762 4190 et
804 4133 1037 4210 patrem,
1088 4147 1344 4206 advenire
1374 4133 1614 4226 rogavit,
1648 4173 1916 4232 quatenus
1947 4171 2052 4228 dis-

459 4221 682 4326 spositis
708 4229 960 4286 omnibus
994 4232 1245 4306 ofﬁcinis,
1278 4240 1395 4312 ipse
1421 4221 1683 4316 primum.
1707 4221 2044 4326 lapi'tlemwi-n

455 4311 698 4374 ecclesiae
723 4317 1075 4384 fundamento
1099 4311 1346 4401 poneret.

535 4403 776 4465 Venienti
835 4427 966 4485 ergo
1021 4421 1281 4494 episcopo
1332 4433 1474 4485 totus
1519 4430 1610 4488 ille
1641 4435 1738 4491 Dei
1770 4443 2043 4504 exercitus

451 4584 623 4643 Deum
670 4591 726 4646 iu
755 4609 889 4651 voce
923 4602 1305 4664 exsultationis
1333 4619 1388 4666 et
1443 4617 1816 4680 confessionis.
1843 4626 2036 4690 Statim

449 4694 582 4735 vero
605 4684 890 4758 episcopus
916 4695 1234 4755 recordatus
1259 4700 1512 4772 visionis,
1545 4725 1708 4780 quam
1737 4714 2036 4782 Norbertus

447 4772 628 4840 prima
662 4786 824 4834 nocte
857 4782 1124 4842 adventus
1149 4790 1232 4844 sui
1272 4792 1325 4848 in
1356 4797 1550 4854 eodem
1576 4802 1692 4861 loco
1725 4823 1785 4864 se
1834 4812 2036 4871 vidisse

446 4861 613 4936 550
655 4869 934 4939 retulerat,
993 4879 1395 4943 multitudinem
1469 4892 1683 4951 scilicet
1727 4861 2031 4963 albatorum

439 5145 834 5212 cumeuntium,
891 5151 1121 5209 multum
1176 5160 1493 5232 exsultavit,
1552 5169 1770 5246 Deoque
1821 5145 2026 5252 gratias

438 5231 573 5335 egit,
611 5237 740 5305 quia
771 5243 914 5310 quod
942 5243 1244 5308 Norbertus
1267 5252 1318 5310 in
1345 5231 1729 5335 visuviderat,
1758 5231 2022 5335 ιιοῖᾗιὲῖιῖ

440 5323 731 5398 episcopus
802 5347 995 5393 revera
1064 5345 1428 5414 corporaliter
1494 5369 1637 5414 nunc
1706 5323 1825 5420 fieri
1863 5404 1876 5415 .
1899 5382 2020 5424 cer-

439 5416 626 5474 nebat.

505 5510 821 5581 Cujusmodi
860 5535 993 5594 ergo
1033 5527 1284 5599 ecclesia,
1319 5526 1740 5612 dormitorium,
1785 5549 2018 5609 refecto-

434 5601 576 5660 rium
605 5613 922 5681 castamque
950 5614 1023 5673 ibi
1062 5618 1308 5690 ofﬁcinae,
1349 5630 1637 5704 qualisque
1689 5653 1876 5697 murus
1919 5659 2016 5712 per

431 5705 718 5767 circuitum
741 5717 1074 5778 monasterii.
1107 5737 1204 5794 per
1230 5729 1512 5796 praefatum
1538 5736 1816 5808 llugonem
1839 5743 2012 5804 factus

430 5797 619 5894 fuerit,
661 5802 842 5873 palam
878 5807 1150 5882 inspicere
1198 5831 1326 5875 ttcet
1373 5827 1520 5882 omni
1578 5797 2004 5908 sdpervementt,

2186 1957 2323 2028 ejus,
2373 1962 2464 2031 qui
2506 1964 2606 2036 sub
2653 1965 2844 2023 ordine
2880 1968 3116 2028 clericali
3166 1975 3279 2032 Deo
3317 1957 3594 2053 serviunt,
3628 1985 3758 2050 idem

2184 2055 2472 2127 episcopus
2507 2073 2628 2114 sese
2683 2063 2991 2134 atljutorem
3043 2071 3298 2140 praebuit,
3349 2077 3446 2131 sed
3506 2077 3670 2136 etiam
3701 2081 3764 2138 de

2184 2144 2676 2208 Clarevallensibus
2725 2158 3010 2213 monachis
3038 2165 3372 2220 monasteria
3401 2166 3456 2229 in
3493 2183 3593 2226 sua
3637 2173 3762 2230 dia:-

2184 2238 2290 2291 cesi
2329 2239 2556 2297 studens
2581 2245 2802 2314 habere,
2837 2247 3021 2306 locum
3053 2253 3146 2323 qui
3176 2253 3502 2314 Fuisuiacus
3522 2272 3756 2334 vocatur,

2183 2328 2235 2381 in
2284 2327 2549 2389 Terascea
2597 2335 2738 2392 silva
2795 2339 2875 2395 eis
2913 2341 3078 2409 dedit,
3101 2359 3293 2414 quem,
3327 2356 3410 2422 __ut
3439 2357 3760 2432 suprascri-

2178 2428 2330 2489 ptum
2362 2431 2465 2488 est,
2489 2425 2558 2480 ab
2585 2425 2776 2483 eodem
2804 2431 3062 2504 episcopo
3090 2434 3192 2490 sibi
3223 2431 3508 2496 ostensum
3539 2425 3758 2503 domnus

2179 2508 2476 2570 Norbertus
2504 2516 2738 2584 dixerat,
2770 2521 3020 2598 religioni
3047 2527 3268 2596 quidem
3313 2545 3640 2604 congruunt,
3669 2539 3757 2596 sed

2176 2618 2283 2674 non
2306 2607 2408 2663 sibi
2435 2623 2466 2664 a
2495 2608 2604 2667 Deo
2626 2613 2982 2671 destinatum.
3016 2618 3279 2679 Dominus
3307 2638 3444 2697 ergo
3467 2641 3758 2700 qu.servos

2175 2710 2304 2752 suos
2350 2697 2607 2770 disponit,
2635 2713 2690 2758 et
2725 2707 2963 2764 .ordiuat
2992 2710 3082 2788 ubi
3109 2713 3242 2781 vult,
3273 2724 3330 2770 et
3357 2697 3633 2787 quomodo
3657 2724 3758 2785 vult

2173 2784 2443 2846 Norberto
2467 2793 2681 2868 quidem
2710 2785 3227 2876 Praunonstratum,
3261 2784 3760 2876 Claraavallensibus

2174 2889 2356 2935 autem
2385 2882 2679 2942 tlestinavit
2725 2887 3099 2970 Fuisniacum.
3130 2896 3230 2976 Ubi
3271 2901 3589 2974 episcopus,
3641 2921 3757 2964 cum

2171 2969 2456 3029 monachis
2506 2963 2828 3052 aliquando.
2861 2997 2960 3065 per
3001 2963 3401 3058 hebdomadam

2171 3061 2464 3134 aliquando
2515 3083 2644 3152 vero
2715 3059 3028 3158 quindecim
3093 3076 3286 3134 diebus
3346 3059 3752 3168 commorandi),
3817 3149 3828 3159 _

2171 3171 2466 3230 eorumque
2523 3145 2764 3234 laborem
2819 3155 2873 3220 et
2937 3178 3314 3250 paupertatem
3371 3163 3754 3254 benignissime

2170 3251 2518 3322 sustinendo,
2577 3265 2632 3311 et
2693 3257 2924 3315 dulciter
2967 3275 3062 3318 eos
3115 3264 3333 3322 assidue
3379 3251 3748 3346 consolando,

2170 3345 2427 3416 templum
2495 3333 2550 3403 et
2613 3353 2959 3410 necessarias
3013 3353 3294 3436 ofﬁcinas,
3367 3343 3494 3418 cum
3552 3364 3752 3422 molen-

2168 3440 2332 3512 diuis,
2381 3451 2436 3499 et
2487 3433 2839 3519 agriculturis
2868 3459 3188 3509 construere
3239 3433 3296 3511 et
3331 3455 3604 3528 perﬁcere
3638 3468 3747 3516 stu-

2166 3535 2346 3594 debaL
2449 3619 2454 3624 Ι
2605 3613 2608 3620 _
2765 3613 2770 3620 ι
2941 3613 2944 3616 _
3109 3625 3114 3628 _
3177 3605 3184 3622 ;
3273 3613 3280 3622 ,
3445 3625 3448 3630 η
3513 3613 3520 3632 ι

2325 3619 2454 3704 CAP.
2489 3633 2602 3692 Xll.
2624 3668 2694 3679 —
2721 3619 2799 3696 De
2821 3619 3207 3726 constructione
3237 3619 3614 3722 ερὶπειξηέίε..

2233 3725 2343 3782 Nec
2367 3728 2520 3800 prius
2568 3731 2800 3802 abstitit,
2829 3725 3003 3816 donec
3040 3739 3239 3798 domno
3267 3741 3528 3812 Gosvino
3556 3748 3742 3808 abbate

2160 3819 2360 3876 ibidem
2396 3824 2667 3892 ordinato.
2702 3844 3008 3904 magnaque
3052 3832 3294 3892 fratrum
3325 3837 3492 3895 turba
3519 3855 3742 3914 congre-

2158 3920 2304 3982 gata,
2334 3912 2501 3968 etiam
2532 3914 2676 3970 aliud
2707 3918 3013 3997 emnohium
3076 3935 3142 3976 ex
3177 3937 3244 3980 eo
3270 3925 3573 3994 procedere
3598 3912 3740 3986 vide-

2157 4011 2277 4058 ret:
2307 4003 2360 4059 in
2393 4005 2615 4064 dioecesi
2660 4023 2756 4064 sua
2793 4024 2960 4084 prope
2988 4010 3233 4070 Guisiam
3257 4016 3405 4094 quod
3455 4016 3734 4092 Spinetutn

2152 4103 2396 4150 vocatur.
2425 4096 2480 4152 In
2509 4112 2616 4170 quo
2654 4098 2907 4158 abbatem
2929 4102 3202 4186 ordinavit
3229 4108 3452 4186 nomine
3467 4108 3732 4187 Odonem.

2153 4186 2253 4256 Qui
2299 4189 2367 4244 ab
2400 4190 2762 4248 adolescentia
2812 4210 2880 4250 ex
2930 4198 3064 4270 urbe
3097 4197 3448 4258 Laudunensi
3499 4186 3734 4276 fugiens,

2150 4276 2205 4333 in
2235 4281 2564 4336 monasterio
2591 4282 2970 4348 Fuisniacensi
2999 4289 3298 4348 monachus
3323 4290 3506 4351 factus
3536 4293 3732 4360 fuerat.

2269 4361 2557 4447 CA'r._Xlll.
2594 4407 2665 4416 —-
2692 4377 2771 4433 De
2795 4382 3181 4437 constructione
3221 4381 3606 4460 Valclaremis.

2219 4465 2461 4524 Tertium
2489 4486 2704 4542 quoque
2733 4471 2802 4530 de
2831 4474 3020 4530 eodem
3041 4476 3234 4532 ordine
3253 4476 3728 4540 Clarevallensinm

1685 4526 1747 4595 it,
1809 4530 2082 4635 laudans]

1685 4625 1794 4650 με,
1843 4626 1977 4650 0.-.-

2170 4526 2536 4615 nonachorum
2563 4562 2826 4632 praefatus
2871 4565 3163 4636 episcopus
3205 4571 3517 4650 construxit
3545 4586 3727 4630 emno-

2141 4651 2310 4720 bium,
2335 4653 2388 4708 in
2431 4653 2551 4710 loco
2587 4655 2680 4727 qui
2703 4656 2928 4716 abusive
2950 4659 3020 4715 ah
3049 4660 3241 4718 incolis
3269 4663 3578 4736 appellatur
3605 4665 3724 4724 Val-

2139 4745 2336 4808 clarus.

2244 4837 2372 4895 Car.
2426 4821 2565 4896 XIV.
2618 4873 2690 4886 —
2727 4843 2806 4901 De
2847 4849 3236 4969 t-tinstructione
3282 4829 3611 4909 Telonienst'a

2800 4932 2887 4969 εεε
2910 4935 3051 4969 881112.

2800 4932 3051 4974 εεειεδιτιδ.

2128 5192 2222 5248 sed
2255 5209 2360 5250 non
2385 5195 2486 5251 sibi
2517 5211 2544 5250 a
2578 5196 2685 5253 Deo
2715 5197 3066 5266 destinatum,
3093 5201 3286 5260 nolens
3309 5205 3600 5276 episcopus
3630 5205 3708 5261 di-

2126 5286 2342 5342 mittere
2371 5303 2600 5345 vacuum
2627 5331 2642 5358 ,
2672 5294 2854 5363 posuit
2883 5294 2955 5350 ibi
3004 5295 3215 5368 aliquos
3241 5313 3307 5352 ex
3332 5298 3551 5374 clericis
3573 5315 3710 5370 pra:-

2123 5374 2247 5432 fata:
2275 5378 2517 5436 ecclesiae
2545 5379 2730 5439 Sancti
2759 5383 2972 5442 Martini
3001 5386 3404 5457 Laudunensis,
3437 5390 3708 5446 abbatem-

2122 5483 2226 5537 que
2269 5470 2348 5548 eis
2386 5473 2662 5531 ordinavit
2693 5476 2953 5536 domuum
3001 5479 3352 5556 Walfridum,
3378 5483 3557 5558 virum
3582 5480 3703 5538 reli-

2120 5545 2350 5628 ἱζίοειιιὴ-
2374 5563 2491 5633 Ipse
2517 5583 2733 5642 quoque
2779 5573 3086 5646 episcopus,
3120 5548 3260 5633 sicut
3287 5551 3442 5646 apud
3460 5574 3701 5631 Fuisnia—

2119 5666 2238 5706 cum
2260 5651 2481 5724 fecerat,
2512 5675 2610 5729 per
2656 5673 2782 5720 octo
2811 5667 2896 5722 vel
2941 5669 3248 5740 quindecim
3310 5669 3437 5746 dies
3476 5683 3597 5724 cum
3621 5668 3696 5722 eis

2115 5748 2312 5806 ibidem
2350 5761 2691 5825 remorando,
2758 5766 3128 5862 templumrue
3176 5767 3450 5852 lapideum
3478 5776 3536 5824 et
3565 5765 3696 5823 alias

2111 5841 2353 5923 ofﬁcinas
2380 5850 2652 5912 aedificare
2678 5841 2885 5930 coepit.'
2911 5857 2916 5867 ’
2947 5887 2951 5896 -
3001 5913 3005 5918 .
3176 5841 3186 5874 ἰ
