4018 6324
225 247 360 307 1001
920 253 1283 318 HERMANNI
1320 260 1411 320 DE
1442 260 1758 325 MIRAC.S.
1797 263 2043 327 MARUE
2076 267 2382 329 LAUDUN.
2423 303 2495 316 -—
2533 276 2662 341 LIB.
2699 278 2789 337 ΠΙ.

324 364 460 422 (Συ.
498 365 615 424 XV.
641 368 811 425 —De
848 376 1233 432 constructione
1260 376 1714 448 Clarwfonteusis.
1839 384 1891 444 Α
1919 381 2211 445 femineum
2251 403 2388 459 opus
2411 407 2532 450 esse
2557 405 2793 464 constat,
2821 398 2914 454 sed
2958 404 3122 461 etiam
3156 406 3208 463 in
3236 411 3381 483 agris
3419 415 3502 487 fo-

338 457 448 487 ‘:I-r'
507 474 568 487 An
617 462 838 487 -._..l'...-
891 465 1070 487 -_.Ifc,_
1118 467 1221 487 n,,,
1274 486 1277 487 ,
1397 481 1406 487 .
1485 482 1494 487 .
1606 475 1617 487 .
1930 473 1960 487 -ο
2056 476 2070 487 .

287 455 448 511 Aliud
505 474 570 516 ex
617 462 842 532 praefato
886 465 1075 522 ordine
1116 467 1619 529 Prmmonstratcnsi
1670 491 1804 531 con-
1910 473 2130 544 dieudo,
2157 488 2358 535 etcum
2383 487 2558 540 securi
2585 498 2638 541 et
2662 488 2842 559 ligone
2869 493 3061 551 silvam
3096 455 3361 561 succis'am
3403 482 3502 566 eii-

219 549 421 604 struxit
488 554 882 609 monasterium
940 556 991 611 in
1048 558 1166 615 loco
1218 562 1309 632 qui
1353 574 1578 619 vocatur
1620 566 1804 623 Clara-
1906 564 2204 636 stirpando,
2237 574 2423 641 spinas
2449 586 2504 631 et
2536 594 2728 649 vepres
2768 584 3065 657 evellendo,
3093 595 3339 655 manibus
3368 602 3497 670 pro-

219 637 434 670 Γηηιηηη
492 643 740 670 ALL“-..
775 646 970 670 ειμι---
1001 650 1260 670 --Μ---.μ
1297 653 1339 670 κ·
1555 656 1586 670 ι.
1629 657 1641 669 .
1974 657 2006 669 ..
2179 660 2190 670 .
2215 661 2228 670 .
2337 663 2351 670 -
2392 666 2406 670 _

2266 637 2284 641 _
2602 637 2618 649 _
3094 637 3339 655 ..._....,,..,
3409 637 3494 658 ,υ-

216 637 459 708 fontana,
492 643 743 700 abbatem
774 646 974 704 ibidem
997 650 1266 707 ordinavit
1290 653 1465 710 virum
1491 656 1803 731 religiosum
1903 657 2040 728 priis
2083 660 2302 721 aSSidue
2336 663 2671 737 laborantes,
2721 690 2845 731 cum
2885 679 3104 738 Silenlio
3152 637 3494 749 νὶοιυηινδῖῧί

2656 729 2668 737 ,
2885 729 3101 738 ea---“
3163 729 3355 745 ..υυυηι
3392 729 3494 749 ειυ-

210 729 474 788 domnum
496 734 821 795 σεξυνδυωο
1902 761 2181 820 quaerunt;
2240 754 2518 828 vitamque
2563 754 3045 829 Clarevalleusium
3098 782 3494 841 monachorum

324 824 452 882 Car.
483 826 624 884 XVI.
652 860 724 871 -—
751 831 831 887 De
858 835 1247 893 constructione
1276 836 1679 899 Cuissiacensis.
1898 854 1998 911 per
2026 844 2210 899 omnia
2233 846 2514 906 imitantes
2546 853 2601 907 iu
2634 861 2944 931 semetipsis
2984 871 3276 929 ostendunt
3304 892 3493 937 verum

2738 911 2743 912 ’
2761 911 2944 931 *ηε-τ’*
2986 911 3276 929 νυ-νιιυιιιιι
3312 911 3387 931 VU]
3403 911 3480 934 Ulli

280 911 392 971 Sed
425 926 482 975 et
510 918 658 976 aliud
695 925 1003 981 construxit
1039 930 1431 987 monasterium
1470 933 1796 993 clericorum
1899 946 2022 989 esse
2050 934 2199 991 illum
2227 937 2443 995 Domini
2473 957 2816 1006 sermonem:
2841 956 2967 1023 quia
3002 962 3185 1019 omnia
3211 969 3480 1036 possibili:

297 1005 418 1036 [Ann
446 1011 534 1036 nun:
556 1023 782 1036 ..ΑΑΑΙ--“
804 1014 1007 1036 n-_!--'-
1032 1034 1104 1036 μη,
1203 1023 1252 1036 ιι
1312 1031 1323 1036 -
1553 1026 1585 1036 ιι
1612 1028 1623 1036 ι
1733 1028 1767 1036 .-
2015 1034 2021 1036 .
2178 1029 2191 1036 -
2295 1031 2307 1036 -

204 1004 264 1062 in
295 1005 419 1064 loco
443 1011 535 1081 qui
556 1023 783 1071 vocatur
802 1014 1137 1089 Cuissiacus,
1166 1023 1529 1097 abbatemque
1551 1026 1623 1083 ibi
1649 1028 1797 1085 ordi-
1896 1034 2028 1080 sunt
2062 1029 2330 1087 credenti-

202 1101 357 1157 navit
387 1104 646 1164 domuum
672 1108 896 1179 Lucam,
930 1113 1110 1171 virum
1161 1117 1493 1188 religiosum.
1523 1123 1658 1178 Cum
1700 1139 1796 1179 au-
1966 1115 2083 1174 Ηοο
2129 1119 2314 1193 itaque
2360 1140 2566 1182 ηοηιιηι
2620 1138 3018 1195 monasterium
3078 1136 3415 1209 feminarum
3455 1172 3487 1213 a

203 1202 314 1252 tem
344 1196 577 1256 vidisset
622 1204 919 1262 monachos
945 1207 1337 1279 Valclareuses,
1369 1214 1460 1283 qui
1488 1231 1658 1286 prope
1679 1233 1760 1274 ma

203 1288 403 1315 ..ιιι-υ...-
485 1295 805 1315 -__.-_.j-___
852 1313 895 1315 _-
952 1310 963 1315 -
1116 1303 1127 1315 ι
1169 1304 1179 1315 .
1682 1311 1692 1315 -

1893 1207 2122 1276 praefato
2150 1213 2408 1287 episcopo
2439 1228 2839 1294 constructum,
2872 1244 2985 1285 non
3015 1230 3291 1295 immerito
3330 1258 3488 1315 supe-

2824 1288 2835 1294 .
3162 1288 3286 1295 -----
3330 1288 3464 1315 --νυ

196 1288 430 1358 nabant,
479 1295 810 1354 contendere
842 1310 1030 1356 contra
1077 1303 1284 1361 vicinos
1325 1321 1450 1363 suos
1498 1311 1793 1368 canonicos
1892 1300 2008 1356 τίυε
2033 1303 2265 1361 (nimim
2311 1310 2379 1365 ad
2427 1312 2839 1375 είωίίίιυάίηθηι
2872 1324 3002 1379 noni
3030 1328 3240 1386 ordinis
3265 1338 3487 1407 angelo.-

196 1378 603 1407 l‘n:-n!..--_,---
670 1403 761 1407 _“A
815 1404 897 1407 ,ην
934 1391 948 1407 ι
1198 1396 1229 1407 ,ι
1410 1398 1441 1407 η
1582 1399 1612 1407 ι.
1749 1401 1760 1407 -
1892 1406 1949 1407 "ﬁ
2045 1393 2068 1407 ιι
2138 1404 2145 1407 .
2381 1400 2392 1407 .
2427 1401 2455 1407 Α.
2602 1405 2610 1407 .

195 1378 625 1453 Cuissiacenses,
670 1403 769 1460 pro
806 1391 1040 1460 quadam
1085 1396 1337 1469 contigua
1378 1398 1532 1466 silva,
1562 1399 1793 1456 dicenti-
1891 1406 2013 1446 Tum
2041 1393 2266 1463 factum,
2301 1400 2395 1470 qui
2424 1401 2711 1475 Seraphim
2735 1421 3021 1483 vocantur,
3046 1415 3101 1471 id
3125 1428 3208 1474 est
3231 1378 3487 1501 ardzntes

195 1468 295 1501 lum
348 1472 622 1501 ..πελ-..μμ
653 1479 751 1501 ,ξιξ
790 1496 898 1501 ____
943 1499 953 1501 Α
1015 1484 1028 1501 ι
1072 1485 1083 1497 -
1126 1486 1137 1498 ο
1314 1488 1325 1500 .
1717 1492 1729 1501 .
1888 1481 1970 1501 ---ι
2010 1482 2089 1501 2,,
2194 1488 2206 1501 .
2294 1498 2303 1501 Α
2590 1497 2601 1501 -

189 1468 298 1529 bus
347 1472 624 1533 αιιεηητεε
650 1479 751 1536 sibi
782 1496 904 1538 eam
934 1499 965 1539 a
1013 1484 1189 1552 meis,
1236 1488 1325 1557 qui
1368 1504 1488 1544 eam
1538 1492 1785 1561 possede.
1888 1481 1974 1536 vel
2010 1482 2403 1546 incendentes:
2436 1497 2697 1563 quoniam
2720 1515 2911 1558 revera
2963 1506 3081 1562 ista:
3115 1508 3353 1582 feminae,
3382 1496 3487 1574 nisi

191 1572 319 1595 nan}
380 1567 523 1595 EE!
566 1572 715 1595 -_!.--
754 1574 926 1595 .l-.___._
974 1576 1004 1595 ρ
1039 1578 1134 1595 ιη-
1192 1577 1205 1595 9
1654 1585 1666 1595 .
1888 1577 2119 1595 ,μημιον
2192 1581 2225 1595 1·
2270 1583 2280 1594 .
2329 1584 2340 1595 .
2542 1588 2553 1595 .
2640 1591 2650 1595 -

189 1572 340 1632 tam,
375 1567 532 1641 551
565 1572 718 1642 prius
748 1574 934 1631 datum
974 1576 1161 1645 fuisse,
1184 1577 1384 1651 jusque
1425 1598 1579 1639 suum
1620 1585 1785 1642 alter-
1886 1575 2119 1680 mirabili
2172 1581 2341 1638 divini
2379 1588 2587 1645 amoris
2636 1591 2761 1663 igne
2812 1597 3078 1670 calerent,
3139 1590 3485 1680 nequaquam

184 1664 376 1715 υιιοηιη
406 1660 842 1733 defendentibus,
876 1668 950 1724 ίιε
986 1676 1044 1725 ut
1089 1672 1252 1728 etiam
1299 1674 1527 1732 domnus
1570 1676 1782 1735 sanson
1811 1750 1857 1759 _
1884 1667 2135 1737 profecto
2167 1681 2246 1728 tot
2285 1683 2572 1749 tantosque
2600 1682 2817 1743 labores
2843 1698 3001 1745 antea
3050 1660 3269 1754 feminis
3300 1660 3484 1759 inten-

181 1745 485 1808 Remorum
567 1756 1039 1831 archiepiscopus,
1110 1762 1447 1837 domuusque
1534 1767 1760 1826 Joslenu:

184 1838 516 1871 cunmm-..“
564 1847 841 1871 -..:..--__-_
912 1868 961 1871 ,η
992 1870 1016 1871 η
1070 1870 1075 1871 ,
1184 1857 1205 1871 ,-
1241 1867 1250 1871 -
1387 1861 1398 1871 .
1606 1862 1619 1871 .

1890 1769 2055 1831 tates,
2084 1774 2140 1821 et
2169 1764 2484 1840 inexpertos
2512 1776 2785 1834 sustinere
2818 1782 3078 1842 valerent.
3108 1788 3217 1847 Sed
3240 1791 3367 1849 dum
3395 1796 3483 1859 iu-

182 1838 519 1901 Suessorum
561 1847 868 1921 episcopus,
902 1868 1024 1909 cum
1067 1857 1290 1926 ρηθῶιο
1316 1861 1567 1933 episcopo
1588 1862 1786 1921 domno
1887 1865 1976 1912 tus
2002 1855 2219 1916 fortiter
2244 1864 2457 1933 ardent,
2488 1878 2544 1923 Cl.
2568 1870 2699 1940 ipsa:
2724 1874 2864 1930 mira
2887 1877 3117 1951 faciunt,
3147 1887 3357 1945 etalios
3384 1868 3483 1963 Silo

182 1934 581 1963 n--.|...1....._..
647 1943 765 1963 -24,
796 1945 831 1963 o,
854 1962 873 1963 ρ
1018 1949 1030 1963 .
1054 1950 1067 1963 .
1316 1953 1337 1963 ..
1895 1960 1909 1963 _
1972 1962 1975 1963 ,
2087 1949 2099 1963 .
2238 1954 2252 1963 .
2447 1958 2459 1963 -

179 1934 611 2008 Bartbolomaao,
647 1943 948 2018 vicinisque
982 1949 1267 2008 abbatibus
1311 1953 1627 2025 frequenter
1655 1974 1788 2015 con-
1885 1949 2138 2020 exemplo
2184 1954 2254 2008 ad
2294 1958 2556 2014 mundum
2609 1969 3066 2025 εοηιθηιηθιιᾱυω
3134 1960 3478 2039 accendunt:

184 2028 481 2087 venientes
514 2046 621 2088 non
665 2047 889 2107 possent
920 2040 1060 2098 hanc
1116 2040 1263 2099 litem
1291 2044 1434 2100 inter
1468 2061 1562 2104 eos
1602 2051 1757 2106 termi

1884 2038 2089 2097 similes
2118 2042 2450 2104 carbonibus
2483 2050 2644 2120 vivis,
2688 2056 2780 2125 qui
2833 2062 3064 2119 mortuis
3102 2066 3318 2124 admisti
3353 2086 3481 2143 pro-

173 2135 318 2178 nare
358 2141 373 2179 :
419 2124 607 2184 dolens
652 2140 708 2187 et
761 2133 1002 2203 graviter
1046 2134 1229 2192 ferens
1288 2138 1430 2195 idem
1472 2142 1780 2215 cpiscopus,
1884 2130 2032 2237 ῑίηξιξ
2071 2148 2167 2190 eos
2223 2140 2553 2209 accendunt:
2583 2143 2947 2220 θνάεηιθείιυθ
2980 2154 3232 2211 Γθάάυηί·
3264 2159 3331 2215 El
3363 2138 3480 2237 huic

172 2213 331 2271 inter
373 2218 657 2292 religiosos
685 2223 937 2282 ditecesis
979 2243 1089 2283 sua:
1138 2230 1285 2287 viros
1329 2242 1535 2289 tantam
1575 2213 1760 2295 discor

177 2308 320 2329 μμ,
560 2314 572 2327 .
723 2317 737 2329 .
1176 2323 1188 2329 -
1392 2328 1399 2329 κ
1468 2328 1475 2329 κ

1880 2225 2104 2293 quidem
2156 2244 2353 2287 novem
2404 2237 2655 2293 coenobia
2708 2243 3001 2311 praedictus
3043 2250 3329 2329 episcopus
3378 2234 3479 2313 suo

169 2308 326 2365 diam
367 2314 598 2382 versari,
631 2317 943 2391 malumque
979 2323 1285 2393 exemplum
1317 2328 1515 2385 exinde
1545 2333 1780 2411 raptori-
1879 2324 2125 2389 ῑθιηρονθ
2152 2327 2484 2396 consum“:
2526 2345 2627 2387 ηθο
2659 2339 2838 2392 tamen
2864 2338 3199 2411 anliqttiora.
3222 2359 3340 2417 (ιιιεε
3358 2347 3475 2418 iam

3360 296 3504 356 1002

168 2399 306 2471 bus,
337 2412 396 2460 et
415 2404 537 2463 aliis
567 2409 924 2468 saecularibus
957 2414 1090 2469 viris
1121 2419 1396 2487 generari,
1430 2399 1691 2491 cogitavit
1718 2404 1779 2481 ut

170 2498 417 2567 pecunia
455 2515 552 2555 sua
600 2502 907 2573 hujusmodi
958 2508 1132 2563 rixam
1198 2519 1545 2584 temperaret,
1590 2516 1777 2587 sicque

166 2590 316 2647 dans
337 2592 646 2663 quindecim
687 2596 857 2654 libras
895 2617 1239 2659 nummorum
1276 2606 1600 2676 quibusdam
1634 2610 1776 2667 mili-

164 2681 345 2749 tibus,
386 2684 548 2742 aliam
567 2687 639 2743 ab
663 2689 744 2746 eis
761 2691 954 2747 silvam
986 2697 1138 2761 emit,
1184 2712 1347 2767 quam
1378 2699 1590 2758 clericis
1612 2702 1771 2761 Cuis-

160 2774 520 2835 siaceusibus
567 2795 669 2851 pro
718 2798 782 2840 ea
839 2801 1001 2857 quam
1056 2789 1402 2861 repetebant,
1460 2794 1767 2866 conferens,

161 2867 449 2929 diutinam
475 2873 797 2935 seditionem
837 2879 942 2935 hac
968 2881 1262 2941 donatione
1293 2885 1509 2944 tandem
1530 2891 1764 2960 sedavit;

154 2969 213 3018 et
246 2961 396 3023 sicut
433 2968 708 3026 credimus
743 2971 799 3028 in
832 2987 1019 3030 eorum
1064 2991 1294 3034 numero
1314 2980 1512 3039 meruit
1543 2984 1766 3053 ascribi,

154 3053 231 3147 de
279 3056 481 3128 quibus
510 3059 769 3123 Dominus
797 3066 961 3123 dicit:
1005 3088 1026 3122 ‹
1051 3068 1206 3127 Beati
1236 3072 1475 3143 paciﬁci,
1506 3077 1763 3147 quoniam

153 3146 265 3205 lilii
292 3148 399 3211 Dei
427 3154 765 3217 vocabuntur
794 3159 1021 3232 (Matth.
1054 3179 1107 3230 v,
1137 3163 1218 3229 9).
1240 3185 1258 3219 ι

149 3260 300 3319 CAP.
337 3262 585 3322 XVH.—
606 3268 695 3353 De.
732 3276 1120 3353 constructione
1157 3280 1378 3353 σφεῖςοὸἰὶ
1420 3281 1761 3353 lautitiarum,

306 3390 311 3395 .
556 3342 695 3413 quod
720 3344 919 3401 dicitur
948 3345 1372 3406 Mousteriolum.

222 3428 577 3504 Bacitaque
606 3444 730 3492 octo
756 3439 1115 3506 monasteria,
1162 3442 1265 3497 tria
1293 3444 1511 3513 quidem
1542 3461 1608 3507 ex
1638 3446 1763 3503 Cla-

146 3520 551 3581 rcvalleusium
584 3526 775 3584 ordine
803 3530 1219 3599 monachorum,
1261 3534 1503 3605 quinque
1537 3552 1664 3594 vero
1692 3553 1761 3594 ex

142 3613 773 3679 Prasmonstratensium
806 3620 1155 3691 clericorurn,
1179 3626 1353 3687 instar
1377 3638 1500 3686 octo
1527 3631 1761 3688 beatitu-

144 3709 353 3766 dinum
397 3712 834 3785 evangelicarum
888 3716 941 3771 in
976 3717 1199 3777 ὀίωοθεὶ
1251 3735 1350 3778 sua
1375 3724 1604 3782 domnus
1628 3726 1761 3782 Bar-

146 3804 493 3863 tbolomaaus
510 3816 856 3876 construens,
874 3818 930 3865 et
949 3811 1176 3884 singulis
1199 3816 1481 3887 proprium
1509 3818 1760 3877 abbatem

142 3896 451 3965 ordinans,
488 3899 556 3955 ad
578 3899 826 3957 ultimum
860 3910 921 3958 ut
949 3905 1321 3976 compleretur
1354 3925 1618 3968 numerus
1662 3928 1761 3969 no-

140 4003 284 4046 vem
317 3990 575 4048 ordinum
600 3994 973 4065 angelicarum
1000 3997 1291 4069 virtutum,
1338 4003 1506 4059 etiam
1557 4019 1759 4062 nouum

144 4086 555 4142 monasterium
583 4102 745 4145 sexus
772 4087 992 4155 feminei
1029 4092 1084 4148 in
1128 4093 1249 4151 loco
1293 4096 1385 4166 qui
1438 4096 1759 4155 Monasterie—

141 4175 270 4232 lum
298 4176 527 4245 dicitur,
555 4194 725 4251 prope
756 4180 1201 4241 Clarafontauam
1239 4188 1632 4261 superaddidit,
1663 4188 1761 4245 ab-

140 4270 540 4342 batissamque
589 4273 664 4328 ibi
705 4274 1176 4346 religiosissimam
1217 4278 1487 4350 puellam,
1542 4283 1761 4339 nomine

138 4362 530 4433 Guiburgem,
577 4366 890 4430 ordinavit:
949 4384 1059 4439 quo
1105 4386 1214 4427 uno
1262 4374 1598 4431 monasterio
1651 4392 1760 4432 nou

1877 2420 2198 2473 constructa
2224 2418 2456 2488 invenit,
2491 2425 2772 2496 corrigere
2800 2429 3033 2488 destitit.

1911 2528 2043 2587 CAP.
2083 2532 2269 2592 XVIII.
2295 2567 2365 2579 —
2400 2539 2482 2596 De
2522 2540 2721 2667 dovng
2766 2543 2983 2627 Simone
3031 2551 3216 2607 abbate
3250 2553 3437 2611 Sancti

2619 2630 2699 2667 too
2724 2632 2799 2667 αι.

2619 2630 2799 2670 ιιεοιαι.

1942 2693 2002 2749 lu
2025 2697 2278 2756 coenobio
2303 2715 2542 2773 namque
2568 2704 2756 2762 Sancti
2789 2706 3020 2779 Nicolai,
3058 2716 3201 2784 quod
3231 2716 3284 2771 in
3335 2716 3472 2773 silva

1876 2784 2086 2859 Vosago
2108 2790 2272 2845 situm
2304 2791 2526 2848 videbat
2552 2794 2948 2867 aliquantulum
2975 2802 3031 2857 in
3084 2805 3343 2877 religione
3391 2816 3472 2864 te-

1870 2877 2054 2947 puisse
2080 2897 2093 2933 :
2126 2884 2417 2951 quemdam
2443 2888 2890 2945 strenuissimum
2925 2898 3251 2953 monachum
3280 2899 3469 2958 Sancti

1868 2966 2071 3026 Nicasii
2095 2969 2415 3051 Remensis,
2440 2979 2662 3035 nomine
2692 2981 2994 3050 Simonem,
3023 2986 3152 3042 fecit
3174 2989 3423 3047 abbatem
3449 3010 3466 3048 :

1867 3076 1967 3133 per
1999 3080 2179 3135 quem,
2214 3065 2326 3123 Deo
2349 3067 2608 3139 donante,
2638 3074 2781 3129 intra
2808 3076 2973 3132 breve
3008 3086 3221 3151 tempus
3242 3082 3322 3138 sic
3347 3100 3466 3140 me-

1869 3155 2065 3213 liorata
2087 3160 2373 3216 esteadem
2392 3162 2659 3233 Ecclesia,
2688 3176 2747 3222 ut
2771 3178 2828 3224 et
2849 3169 3079 3228 interius
3098 3172 3154 3229 in
3181 3174 3466 3257 religione,

1864 3259 1922 3307 et
1955 3253 2197 3310 exterius
2231 3254 2287 3309 in
2321 3256 2640 3315 multimoda
2671 3260 3287 3335 ﬂoreret-possessione.
3307 3253 3465 3330 Unde

1865 3358 2051 3401 comes
2072 3346 2384 3418 Campaniae
2426 3349 2773 3415 'l‘heobaldus
2802 3357 3031 3415 consilio
3080 3360 3267 3420 domui
3318 3365 3462 3425 Nor-

1860 3435 2027 3506 berti,
2051 3441 2339 3510 quemdam
2370 3441 2616 3511 ejusdem
2637 3450 2870 3507 cceuobii
2892 3455 3221 3513 monachum
3241 3461 3466 3519 nomine

1862 3525 2210 3600 Radulphum
2240 3548 2271 3586 a
2314 3534 2544 3604 praefato
2592 3538 2791 3595 abbate
2827 3553 3165 3617 susceptum,
3222 3547 3464 3609 Latinia-

1862 3622 2014 3683 censi
2046 3623 2319 3682 ditissimo
2357 3631 2693 3687 monasterio
2730 3633 2975 3702 praefecit
3003 3639 3277 3698 abbatem.
3306 3644 3461 3701 Dom-

1861 3729 1965 3769 nus
2022 3708 2241 3786 quoque
2303 3719 2494 3776 Simon
2544 3721 2926 3785 Noviomensis
2991 3732 3309 3804 episcopus,
3375 3738 3462 3794 vir

1859 3806 2235 3866 nobilissimus
2282 3809 2555 3885 Radulphi
2611 3813 3039 3878 Vermandeusis
3084 3825 3302 3895 comitis
3329 3841 3461 3900 ger-

1861 3914 2079 3967 manus,
2112 3916 2143 3956 a
2170 3903 2403 3974 praefato
2430 3908 2690 3978 pontifice
2708 3910 3111 3973 Bartbolomaao
3131 3920 3295 3990 petiit
3324 3921 3463 3980 duos

1860 3991 1963 4048 sibi
1999 4007 2067 4050 ex
2104 3996 2298 4057 eodem
2343 4001 2597 4065 cmuobio
2627 4001 2816 4060 Sancti
2855 4004 3066 4083 Nicolai
3097 4010 3219 4079 dari
3264 4028 3463 4072 mona-

1861 4087 2042 4146 chos:
2085 4106 2318 4160 quorum
2369 4110 2538 4151 unum
2595 4098 2820 4154 nomine
2873 4098 3275 4160 Theodericum
3322 4106 3463 4179 fecit

1860 4187 2113 4243 abbatem
2135 4188 2372 4244 coenobii
2400 4187 2585 4246 Sancti
2607 4190 2766 4263 Eligii
2792 4190 3198 4266 Noviomensis;
3223 4200 3459 4261 alterum

1859 4290 2010 4344 vero,
2038 4279 2133 4349 qui
2180 4279 2481 4336 vocabatur
2532 4282 2774 4338 Absalon
2816 4283 3064 4354 praefecit
3118 4290 3460 4361 monasterio

1862 4368 2047 4425 Sancti
2073 4370 2303 4425 Amandi
2331 4370 2708 4439 Heluoneusis,
2734 4374 2788 4428 in
2811 4375 3131 4446 episcopatu
3144 4376 3463 4451 Tornacen.

126 4456 440 4515 immerito
469 4458 700 4515 dixerim
727 4460 1148 4520 Lauduueusem
1192 4464 1479 4522 ecclesiam
1503 4468 1759 4526 omnibus

1867 4460 1933 4515 si.
1968 4458 2070 4526 Qui
2109 4474 2216 4529 quo
2242 4461 2403 4517 modo
2432 4461 2535 4517 sibi
2563 4466 2884 4523 commissas
2904 4468 3189 4531 Ecclesiae
3222 4480 3338 4537 tam
3364 4474 3455 4541 in-

138 4554 282 4609 aliis
310 4551 519 4607 debere
550 4552 820 4625 pmferri.
852 4555 913 4611 In
944 4554 1092 4612 nulla
1119 4557 1267 4613 enim
1296 4557 1445 4614 orbis
1475 4569 1630 4629 parte
1656 4576 1754 4615 au-

137 4656 237 4702 tea
272 4644 365 4700 vel
391 4644 590 4702 lectum
641 4645 698 4701 iu
739 4646 1042 4715 codicibus,
1070 4648 1153 4705 vel
1202 4650 1446 4706 auditum
1481 4650 1583 4707 fuit
1611 4652 1757 4709 auri-

132 4740 301 4803 bus,
352 4735 729 4806 hujuscemodi
778 4739 1059 4811 religionis
1102 4740 1377 4798 abbatiam
1428 4740 1754 4800 feminarum

133 4830 462 4885 exstitisse.
494 4829 589 4885 lla:
614 4830 883 4901 siquidem
938 4832 1095 4903 quasi
1130 4832 1274 4890 illius
1314 4833 1580 4891 Dominici
1624 4836 1756 4892 dicti

133 4921 566 4977 exsecutrices:
599 4941 619 4974 ι
661 4922 912 4994 Regnum
946 4924 1211 4983 coriorum
1259 4926 1370 4981 vim
1423 4928 1649 4997 patitur,
1702 4938 1758 4985 et

132 5013 386 5069 violenti
439 5014 657 5084 rapiunt
705 5014 838 5071 illud
883 5014 1101 5087 (Matth.
1149 5033 1229 5084 ιι,
1278 5018 1405 5089 l2):
1436 5037 1455 5072 ι
1509 5020 1576 5075 ad
1612 5020 1757 5078 idem

136 5119 391 5176 regnum
432 5114 558 5161 toto
614 5116 816 5164 conatu
867 5111 1165 5165 ascendere
1228 5109 1484 5177 nitentes.
1541 5121 1755 5169 terrena

92 5195 408 5250 funditus
457 5196 799 5266 despiciunt;
853 5208 912 5257 et
964 5213 1075 5255 non
1114 5199 1292 5259 solum
1346 5200 1629 5269 saeculum,
1659 5203 1757 5257 sed

134 5288 345 5357 ipsum
373 5303 592 5360 quoque
636 5305 828 5347 sexum
874 5292 1093 5349 vincere
1139 5294 1459 5362 gestientes,
1506 5297 1755 5357 ordinem

133 5379 565 5449 Cistelleusem,
618 5396 782 5454 quem
831 5384 988 5441 multi
1018 5385 1270 5445 virorum
1321 5395 1377 5443 et
1406 5388 1754 5445 robustorum

131 5470 422 5542 iuvenum
456 5474 682 5545 aggredi
711 5485 980 5543 metuunt,
1013 5476 1301 5544 violenter,
1339 5478 1449 5536 imo
1500 5480 1753 5547 libenter,

132 5569 468 5633 spontanee
530 5579 979 5638 assumpserunt;
1046 5569 1427 5642 depositisque
1505 5574 1755 5629 ornuibus

132 5651 324 5708 lineis
354 5651 707 5723 indumentis,
738 5667 903 5729 atque
926 5661 1175 5731 pelliciis,
1204 5662 1332 5719 solis
1357 5663 1553 5719 tunicis
1582 5664 1754 5722 laneis

131 5753 410 5813 utuntur,
441 5756 498 5805 et
532 5763 645 5805 non
688 5749 863 5807 solum
904 5756 1107 5836 ualido,
1159 5757 1244 5814 vel
1304 5757 1557 5828 texendo,
1607 5760 1753 5837 quod

440 5859 722 5935 PATBOL.
761 5841 985 5934 CLVI"

1865 4553 2063 4619 terius,
2127 4568 2293 4623 quam
2348 4555 2592 4613 exterius
2639 4559 3016 4629 correxerint,
3068 4568 3127 4618 et
3172 4563 3456 4633 (nobilita:

1858 4644 2070 4711 verint,
2140 4644 2262 4700 visu
2331 4647 2516 4717 potius
2572 4664 2735 4719 quam
2791 4650 3017 4721 auditu,
3062 4650 3459 4727 potesthodio

1856 4736 2227 4809 comprobari.
3444 4730 3467 4801 ί

1858 4849 1989 4908 CAP.
2031 4849 2247 4906 XlX.—
2260 4848 2420 4921 552
2439 4850 2516 4907 De
2507 4852 2737 4980 ἐκ)ἔῖἓὲ
2739 4851 3035 4982 ἐξίωσινιο
3048 4861 3234 4918 abbate
3262 4861 3453 4925 Sancti.

1931 5015 2200 5073 Domuum
2244 5031 2463 5089 quoque
2496 5017 2861 5079 Gislebertum
2917 5024 3159 5097 ejusdem
3186 5024 3457 5101 ,ctenobii-

1860 5108 2047 5167 Sancti
2079 5110 2288 5169 Nicolai
2316 5113 2555 5184 priorem
2596 5114 2713 5186 (qui
2751 5126 2887 5177 ante
2907 5112 3322 5181 conversionem
3350 5134 3449 5190 pro

1860 5206 2061 5262 artium
2090 5206 2341 5276 scientia,
2371 5223 2476 5279 qua
2502 5216 2655 5280 pote}
2678 5220 2761 5277 at,
2782 5211 3449 5285 Platovooabatnrlprae-

1858 5297 2005 5355 fatus
2034 5300 2322 5371 episcopus
2352 5303 2776 5363 ltartholomaeus
2792 5305 3055 5377 abbatem
3076 5305 3291 5381 fecitiiu
3316 5320 3450 5363 utno—

1859 5396 2101 5451 nasterio
2146 5394 2335 5452 Sancti
2383 5397 2665 5455 Michaelis
2716 5399 3296 5473 Terraciensis,‘guod
3356 5399 3449 5455 ille

1859 5490 2010 5545 brevi
2043 5499 2307 5560 tempore,
2346 5491 2457 5546 Deo
2486 5493 2742 5559 donante,
2783 5502 2841 5550 et
2892 5494 2949 5565 in
2990 5493 3254 5566 religione
3287 5502 3347 5554 et
3390 5493 3447 5548 in

1857 5579 2135 5651 opulentia
2170 5582 2339 5638 multo
2366 5584 2601 5654 amplius
2626 5600 2791 5654 quam
2810 5586 2973 5656 prius
2999 5587 3197 5653 fuerat,
3242 5595 3305 5645 .et
3329 5585 3446 5656 ipse

1858 5672 2164 5748 invenerat,
2192 5674 2442 5730 floridum
2474 5676 2727 5731 reddidit.
2754 5678 2861 5733 Sed
2900 5693 3020 5732 cum
3070 5687 3191 5748 post
3239 5675 3446 5746 aliquot

1860 5744 2032 5829 annos
2058 5767 2347 5836 praadtctus
2376 5767 2543 5824 abbas
2579 5766 2766 5826 Sancti
2813 5766 3018 5825 Nicolai
3071 5744 3261 5826 Simon
3294 5767 3444 5829 obisv

2972 5884 3053 5961 33
