4018 6324
583 320 727 378 10ῧό

1406 309 1694 367 APPEND.
1735 307 1827 363 AD
1867 306 1994 364 LIB.
2017 305 2084 364 Ill
2105 305 2433 370 GUlBERTl
2471 309 2560 364 DE
2599 307 2762 366 ἮΤΑ
2802 308 2958 366 SUA.

3723 310 3836 375 1004

583 447 690 502 set,
722 435 952 490 domnus
976 427 1399 484 Rartholommus
1425 425 1738 494 episcopus,
1769 419 1996 476 consilio
2019 420 2187 475 abba-
2213 426 2261 483 Α
2291 421 2509 491 legitur,
2541 422 2865 488 construxit,
2930 427 2985 476 et
3037 418 3489 478 sanctimoniales
3541 418 3616 476 ibi
3649 435 3835 494 ponens,

583 539 703 585 tum
744 537 797 582 et
823 525 1199 594 religiosorum
1235 521 1498 579 virorum,
1533 517 1783 569 cuuulem
1817 513 2182 568 Gislcbertum

582 637 684 693 pro
721 619 860 673 fama
917 614 1202 685 probitatis
1263 628 1396 674 sua),
1433 613 1496 662 ac
1535 607 1719 662 Sancti
1757 604 2035 658 Michaelis
2076 620 2186 659 ccc-

584 691 750 767 nobio
797 705 1102 767 transtulit,
1170 711 1224 755 ct
1266 701 1511 755 ecclesiae
1554 696 1738 752 Sancti
1783 691 1990 747 Nicolai
2035 691 2186 760 cujus

582 801 886 857 monachus
933 807 986 852 et
1035 797 1184 866 prior
1227 795 1406 847 fuerat
1457 791 1708 847 abbatem
1758 787 2035 860 praefecit,
2094 785 2186 840 ubi

583 908 758 964 usque
785 891 966 946 hodie
996 889 1193 943 lllllllOS
1234 887 1446 941 labores
1475 883 1718 955 pertulit,
1749 897 1874 936 nam
1905 877 2184 935 multoties

589 984 818 1040 Romam
849 997 950 1053 pro
977 980 1146 1050 ipsius
1188 977 1446 1032 Ecclesia:
1475 974 1710 1030 utilitate
1732 972 1908 1044 petiit.

623 1097 754 1153 Car.
800 1092 917 1150 XX.
941 1123 1012 1133 —-
1052 1091 1130 1146 De
1168 1090 1360 1212 dou‘t/no
1407 1088 1689 1170 Anselmo,
1743 1085 1928 1139 abbate
1966 1081 2150 1138 Sancti

1305 1169 1541 1212 incentn.

1305 1169 1541 1213 incentn.

659 1257 716 1312 In
767 1252 1017 1310 coenobio
1066 1265 1284 1322 quoque
1339 1249 1524 1304 Sancti
1569 1247 1866 1311 Vinecntii,
1915 1244 2059 1314 quod
2104 1249 2188 1299 est

587 1351 754 1406 situm
799 1354 956 1402 extra
1009 1360 1194 1399 muros
1240 1343 1392 1396 urbis
1443 1339 1850 1402 Laudunensis,
1895 1345 1949 1391 et
1987 1336 2188 1391 dicitur

589 1455 710 1496 esse
738 1437 975 1492 secunda
1001 1433 1160 1488 sedes
1192 1430 1542 1501 episcopalis,
1571 1430 1828 1483 domuum
1870 1425 2183 1480 Anselmum

589 1531 656 1585 de
685 1529 936 1586 coenobio
959 1525 1146 1580 Sancti
1176 1522 1417 1577 Medardi
1474 1519 1884 1576 Suessionensis
1929 1518 2182 1582 ascitum,

588 1623 842 1676 abbatem
897 1617 1171 1673 ordinavit
1218 1614 1474 1685 przefatus
1517 1613 1950 1666 Barthotomreus
1975 1609 2186 1678 episco-

586 1725 710 1784 pus.
749 1710 916 1779 Cujus
939 1707 1178 1762 Ansehni
1205 1705 1451 1774 probitas
1485 1705 1536 1758 iu
1585 1705 1685 1758 hoc
1718 1718 1826 1770 uno
1869 1711 2048 1772 potest
2072 1701 2183 1756 evi-

588 1803 783 1858 denter
821 1799 1052 1863 adverti,
1104 1797 1249 1867 quod
1298 1796 1352 1848 in
1397 1795 1630 1850 diversis
1663 1793 1920 1848 Ecelesiis
1959 1807 2026 1847 ex
2067 1790 2184 1859 ejus
2212 1783 2260 1842 B

588 1893 875 1950 monachis
923 1891 1156 1954 electos,
1216 1902 1411 1942 novem
1468 1886 1629 1941 hodie
1678 1885 1926 1940 videmus
1963 1882 2187 1938 abbates

591 1989 788 2044 ﬂorere
835 1986 984 2042 viros
1031 1981 1467 2054 probatissimos.
1536 1979 1594 2033 In
1647 1977 1896 2033 emnobio
1950 1988 2188 2044 namque

591 2076 914 2134 Orbaciensi
973 2075 1201 2130 domnus
1257 2069 1586 2136 Balduinus;
1657 2068 1710 2121 in
1776 2065 2188 2122 Morimontensi

590 2171 941 2234 Guillelmus;
965 2168 1018 2221 in
1044 2165 1236 2220 Sancti
1269 2163 1516 2234 Sepulcri
1549 2160 1963 2217 Cameracensis
1991 2157 2186 2213 Parvi-

590 2278 725 2328 nus;
780 2259 969 2317 Sancti
1021 2257 1254 2312 Andreae
1311 2256 1377 2310 de
1425 2269 1569 2309 novo
1618 2253 1843 2309 castello
1883 2252 2090 2318 Adam;
2133 2249 2189 2304 in

590 2353 926 2410 llanoniensi
977 2348 1176 2414 Falco;
1210 2349 1264 2402 in
1305 2345 1614 2401 Fidemensi
1660 2344 1952 2410 Girardus;
1982 2343 2038 2397 in
2066 2341 2191 2397 Vir-

594 2445 792 2502 tutensi
824 2444 1097 2515 Robertus
1125 2459 1140 2508 ;
1172 2442 1227 2496 in
1259 2440 1445 2496 Sancti
1470 2437 1678 2494 Nicolai
1703 2452 1870 2508 prope
1897 2436 2191 2491 Rihemon-

593 2549 704 2593 tem
720 2535 1069 2600 Guillelmus;
1091 2535 1142 2587 in
1161 2532 1219 2587 S.
1241 2531 1518 2587 Michaelis
1535 2529 1912 2586 Terraciensis
1932 2528 2188 2593 Joannes,

591 2626 938 2684 venerabiles
987 2627 1148 2681 hodie
1185 2624 1497 2679 consistunt
1556 2622 1804 2688 abbates,
1849 2623 1941 2692 qui
2002 2635 2191 2676 omnes

592 2724 1014 2778 Laudunensem
1050 2718 1351 2774 Ecclesium
1401 2732 1555 2772 suam
1601 2724 1855 2781 matrem,
1905 2715 2193 2770 Bartholo-

593 2830 794 2871 mreum
810 2829 940 2870 vero
966 2812 1278 2882 episcopum
1305 2809 1577 2882 appellant
1604 2808 1825 2865 Patrem
1852 2823 2011 2864 suum
2031 2816 2192 2877 atque

593 2918 894 2980 pastorem.

594 3025 724 3081 CAP.
765 3020 907 3077 XXI.
944 3019 1316 3087 -—Quomodo
1373 3014 1515 3073 idem
1572 3017 1851 3073 Anselmus
1913 3016 2091 3072 Roma:
2135 3016 2190 3071 in

881 3094 1177 3163 episcopum
1207 3089 1589 3144 'l‘ornacensem
1613 3089 1804 3143 electus
1833 3088 1922 3144 sit.

663 3188 812 3244 Idem
861 3200 992 3241 vero
1040 3183 1328 3239 Anselmus
1379 3197 1503 3238 cum
1560 3182 1811 3238 coenobio
1842 3181 2028 3238 Sancti
2059 3181 2191 3238 Vin-

596 3279 760 3334 centii
809 3278 925 3332 fere
971 3274 1362 3346 septemdecim
1408 3273 1569 3328 annis
1619 3271 1947 3344 praefuisset,
2001 3279 2191 3343 etapro

595 3371 833 3425 utilitate
860 3367 1098 3438 ejusdem
1126 3366 1358 3423 coanobii
1387 3381 1511 3420 cum
1545 3365 1820 3421 Germano
1868 3379 1968 3421 suo
1990 3364 2189 3421 domno

595 3463 878 3529 Gualtero,
904 3461 1077 3531 ipsius
1116 3459 1219 3515 loci
1269 3459 1571 3524 monacho,
1633 3456 1862 3513 Romam
1912 3455 2192 3528 profectus

595 3556 812 3619 fuisset,
852 3569 883 3608 a
917 3551 1136 3609 clericis
1164 3550 1622 3614 Tornacensibus,
1656 3549 1748 3620 qui
1787 3548 1900 3619 jam
1931 3549 2192 3619 quadrin-

552 3658 554 3660 '
595 3645 776 3718 gentis
812 3645 972 3700 armis
991 3642 1214 3714 proprio
1239 3641 1494 3711 episcopo
1531 3647 1823 3695 caruerant
1857 3637 1997 3710 (58),
2025 3639 2195 3694 mira-

597 3741 692 3794 bili
721 3743 942 3802 eventu,
990 3735 1103 3791 Deo
1132 3734 1444 3798 ordinante,
1498 3731 1570 3786 ibi
1601 3741 1869 3802 repertus,
1899 3731 1955 3786 in
1983 3731 2192 3802 episco-

595 3847 728 3902 pum
779 3829 1021 3900 eligitur,
1053 3835 1109 3884 et
1147 3843 1178 3882 a
1209 3828 1408 3882 domno
1434 3839 1573 3897 papa
1609 3824 1850 3896 Eugenio
1894 3825 2097 3881 invitus
2137 3836 2193 3881 et

597 3923 900 3988 reluctans,
927 3919 1252 3976 obedientiae
1279 3917 1500 3976 vinculo
1544 3917 1896 3984 constrictus,
1945 3915 2191 3987 pontifex

599 4024 987 4081 consecratur;
1034 4014 1219 4084 sicque
1258 4028 1358 4084 per
1393 4028 1516 4067 eum
1565 4011 1898 4068 Tornacensi
1937 4011 2192 4068 Ecclesiae

601 4108 827 4178 antiqua
854 4103 1091 4177 dignitas
1131 4104 1455 4168 restituitur,
1511 4118 1654 4158 anno
1696 4103 1766 4158 ab
1812 4103 2192 4159 lncarnationc

598 4199 817 4255 Domini
854 4197 1013 4265 1145,
1039 4195 1319 4253 Dominica
1347 4197 1552 4252 Lcetare
1595 4195 1915 4252 Jerusalem.
1957 4195 2192 4251 Rediens

599 4306 733 4363 ergo
768 4305 800 4345 a
827 4289 1003 4347 Roma
1034 4298 1243 4345 etcum
1283 4304 1487 4359 magna
1540 4288 1896 4360 processione
1944 4287 2189 4342 Lauduni

598 4389 925 4453 susceptus,
990 4380 1182 4436 nolens
1231 4365 1444 4450 priores
1492 4379 1636 4435 filios
1688 4379 1874 4434 Sancti
1920 4378 2189 4435 Vincentii

2289 531 2474 571 carum
2508 518 2619 587 ipsa
2651 521 2824 588 prima
2857 515 2955 570 fuit
2993 514 3286 570 abbatissa.
3318 514 3497 570 Tanta
3524 530 3654 570 vero
3690 529 3842 574 aucto-

2289 610 2446 662 ritate
2476 609 2680 662 studuit
2729 622 2847 663 eam
2889 606 3204 669 sublimare,
3265 606 3409 660 sicut
3440 605 3611 660 refert
3644 609 3842 678 antiqui-

2289 707 2390 762 tas,
2420 709 2478 752 ut
2503 697 2958 769 quemadmodum
2989 698 3042 751 in
3064 696 3634 768 ApocalypsiJoannis
3653 697 3840 769 legitur:

2294 809 2312 843 ι
2347 791 2538 847 Scribe
2566 800 2772 862 septem
2806 790 3086 855 Ecclesiis,
3124 805 3245 860 qme
3277 799 3405 844 sunt
3437 791 3492 844 in
3537 790 3662 845 Asia
3694 792 3844 863 (Apoc.

2289 900 2326 949 ι,
2352 885 2438 954 Η)
2463 902 2475 947 ;
2504 905 2521 935 ι
2557 885 2630 940 ita
2654 885 2818 940 etiam
2857 885 2998 940 hanc
3027 884 3301 940 abhatiam
3332 883 3561 954 cupiens
3593 899 3704 940 esse
3728 886 3849 942 velut

2289 977 2514 1032 alteram
2538 978 2747 1043 Asiam,
2780 988 2988 1048 septem
3012 977 3273 1032 ecclesias
3305 977 3358 1030 in
3407 991 3472 1031 ea
3510 977 3847 1036 azdificaverit.

2288 1065 2490 1121 llarum
2532 1068 2784 1136 primam,
2829 1083 2950 1137 quae
2993 1066 3348 1137 principalior
3383 1080 3509 1122 esse
3540 1069 3848 1136 noscebatur,

2289 1160 2342 1215 in
2373 1161 2632 1216 honorem
2685 1171 2888 1216 sanctm
2937 1159 3230 1216 Genitricis
3281 1159 3583 1226 conditam,
3628 1161 3851 1232 appellari

2285 1253 2460 1307 voluit
2519 1252 2737 1309 Sanctae
2789 1252 2972 1308 Maria:
3021 1251 3344 1315 Profundze,
3398 1251 3466 1304 ad
3524 1249 3853 1307 diﬂ'erentiam

2287 1345 2516 1400 forsitan
2546 1347 2772 1417 majoris
2799 1345 3044 1401 ecclesiae
3069 1344 3286 1398 Sancta:
3315 1343 3524 1411 Mariae,
3551 1343 3606 1397 in
3629 1359 3725 1414 qua
3756 1343 3853 1414 epi-

2287 1439 2519 1508 scopalis
2543 1441 2702 1494 sedes
2725 1439 3011 1502 consistit;
3044 1438 3342 1492 secundam
3369 1435 3560 1490 Sancti
3585 1435 3856 1500 Michaelis,

2288 1539 2342 1584 et
2366 1531 2616 1585 Omnium
2648 1531 3008 1599 Augelorum;
3033 1531 3249 1585 tertiam
3280 1529 3339 1585 S.
3366 1529 3594 1584 Joannis
3613 1527 3859 1598 Baptistae,

2288 1621 2608 1676 etOmuium
2628 1622 2786 1694 553
2813 1621 3254 1676 Patriarcharum
3281 1633 3446 1692 atque
3467 1620 3857 1690 PrOphetarum;

2288 1723 2536 1784 quartam
2570 1715 2720 1769 Beati
2751 1714 2896 1769 Petri
2929 1713 3180 1784 apostoli,
3213 1715 3582 1784 Omniumque
3608 1713 3864 1783 Apostolo-

2290 1823 2408 1862 rum
2446 1825 2458 1861 :
2495 1815 2619 1876 post
2662 1806 2761 1861 has
2809 1814 3044 1876 quatuor
3073 1807 3140 1860 ad
3186 1805 3476 1860 introitum
3505 1805 3730 1859 abbatis:
3756 1820 3864 1860 con-

2289 1899 2490 1955 struxit
2554 1898 2798 1968 quintam
2868 1898 2923 1952 in
2976 1899 3184 1953 honore
3236 1896 3294 1951 S.
3354 1894 3570 1960 Crucis,
3623 1905 3866 1966 quatenus

2291 1992 2501 2047 scilicet
2523 2005 2621 2062 per
2651 1991 2906 2045 virtutem
2947 1990 3191 2058 ejusdem
3215 1991 3420 2056 crucis,
3449 1989 3629 2045 omnis
3649 1989 3866 2044 incursio

2293 2083 2572 2139 diabolicae
2599 2082 2810 2138 fraudis
2834 2083 2902 2137 ab
2932 2083 3052 2154 ipso
3089 2083 3316 2138 introitu
3345 2081 3726 2152 repelleretur;
3749 2096 3862 2136 sex-

2295 2175 2486 2228 tamin
2536 2174 2742 2228 honore
2790 2173 2966 2228 sancti
3011 2172 3130 2228 Afri
3179 2173 3475 2243 martyris;
3509 2173 3783 2243 septimam
3818 2172 3864 2225 in

2293 2269 2502 2323 honore
2570 2274 2774 2322 sanctae
2843 2265 3026 2321 Mariae
3091 2265 3442 2338 Magdalenae.
3514 2265 3868 2334 Harum.ergo

2294 2367 2502 2428 septem
2555 2358 2909 2413 ecclesiarum
2965 2357 3144 2412 adhuc
3199 2365 3414 2412 restant
3458 2357 3727 2426 quinque:
3762 2355 3866 2408 dum

2291 2466 2446 2518 vero,
2476 2451 2530 2505 id
2552 2459 2637 2505 est
2658 2449 2875 2505 Sanctae
2900 2448 3112 2513 Crucis,
3145 2448 3446 2520 Sanctique
3471 2445 3592 2502 Afri
3631 2446 3868 2516 martyris

2292 2559 2406 2615 prce
2428 2543 2596 2598 nimia
2620 2551 2891 2598 vetustate
2921 2541 3259 2597 defecerunt.

2367 2637 2552 2690 'l‘antae
2603 2649 2730 2689 vero
2775 2634 3053 2706 dignitatis
3100 2643 3218 2688 erat
3277 2633 3469 2688 eadem
3521 2632 3771 2696 abbatis,
3819 2641 3874 2684 ut

2294 2727 2729 2796 quandocunque
2756 2741 2852 2781 rex
2875 2725 3213 2779 Francorum
3246 2724 3300 2778 in
3343 2723 3536 2778 diebus
3559 2721 3876 2777 solemnibus

2294 2820 2542 2875 Lauduni
2570 2819 2917 2874 coronandus
2930 2825 3094 2884 esset,
3118 2817 3174 2871 in
3199 2817 3312 2887 ipsa
3333 2816 3605 2886 przecipue
3633 2829 3874 2870 coronam

2295 2930 2516 2971 auream
2554 2922 2822 2985 portaret.
2865 2911 3080 2966 Nullum
3118 2911 3281 2967 etiam
3337 2911 3664 2981 quadrupes?
3689 2908 3878 2964 animal

2294 3009 2438 3064 intra
2473 3023 2690 3064 murum
2731 3022 2831 3062 seu
2875 3014 3090 3075 portam
3139 3003 3374 3060 abbatiae
3408 3004 3616 3058 intrare
3657 3009 3878 3072 poterat,

2295 3102 2437 3172 quod
2468 3115 2575 3155 non
2614 3100 2799 3156 statim
2831 3097 2886 3152 in
2917 3095 3123 3151 rabiem
3159 3102 3216 3150 et
3260 3095 3316 3150 in
3347 3094 3619 3150 insaniam
3649 3102 3881 3149 vertere.

2295 3201 2404 3248 tur.
2437 3191 2594 3248 Unde
2632 3191 2797 3245 etiam
2823 3189 2870 3244 si
2912 3187 3130 3258 quando
3161 3201 3283 3254 rex,
3313 3186 3400 3242 vel
3448 3186 3756 3258 episcopus,
3799 3192 3886 3238 aut

2295 3289 2386 3344 alii
2415 3287 2690 3360 principes
2720 3285 2790 3341 ad
2821 3285 2996 3355 ipsam
3035 3281 3310 3338 abbatiam
3342 3281 3659 3346 veniebant,
3695 3293 3886 3334 omnes

2295 3396 2463 3453 equos
2491 3395 2680 3436 eorum
2710 3385 2863 3434 extra
2885 3385 3101 3449 portam
3131 3375 3422 3447 oportebat
3445 3373 3674 3440 dimitti,
3700 3382 3760 3429 et
3789 3371 3888 3442 ipsi

2292 3475 2503 3548 pedites
2529 3473 2596 3528 ad
2625 3470 2911 3528 ecclesiam
2938 3468 3326 3542 procedebant.
3356 3465 3542 3523 Beata:
3563 3465 3891 3533 Sallaberga

2295 3566 2547 3623 morienti
2591 3563 2854 3620 successit
2893 3559 3173 3618 abbatissa
3201 3558 3315 3614 tilia
3341 3555 3482 3628 ejus,
3518 3566 3706 3613 sancta
3739 3555 3890 3614 vide-

2294 3662 2423 3716 licet
2445 3658 2775 3724 Austrudis;
2806 3663 2862 3712 et
2886 3655 2963 3710 ita
2993 3667 3094 3725 per
3125 3661 3404 3708 trecentos
3433 3650 3549 3706 fere
3585 3659 3642 3705 et
3667 3665 3737 3706 eo
3783 3663 3894 3704 am-

2292 3754 2436 3826 plius
2465 3767 2638 3809 annos
2667 3745 3112 3808 sanctimoniales
3135 3745 3208 3802 ibi
3245 3735 3492 3811 fuerunt,
3523 3743 3894 3816 plurimasque

2294 3845 2666 3915 possessiones
2695 3843 2761 3898 de
2789 3839 3030 3898 donariis
3066 3852 3253 3909 regum
3293 3846 3351 3893 et
3384 3836 3695 3910 principum
3739 3835 3896 3906 longo

2296 3946 2540 4007 tempore
2569 3933 2954 4006 possederunt.

2367 4028 2425 4083 ln
2474 4027 2665 4083 diebus
2696 4039 2828 4081 vero
2874 4023 3086 4097 pratiati
3123 4022 3310 4080 domni
3339 4019 3730 4077 Bartholomaai
3789 4017 3900 4089 epi-

2295 4119 2468 4190 scopi,
2507 4119 2729 4188 antiqua
2780 4116 2972 4188 religio
3011 4131 3119 4172 non
3150 4129 3347 4187 parum
3381 4113 3436 4168 in
3481 4113 3672 4168 eodem
3707 4124 3901 4166 mons—

2295 4215 2462 4270 sterio
2501 4213 2848 4283 refriguerat,
2895 4210 3198 4266 exteriores
3251 4221 3471 4280 quoque
3519 4205 3902 4277 possessiones

2295 4291 2554 4379 paulatim
2584 4305 2864 4359 diminuta:
2908 4311 3094 4368 erant;
3142 4301 3239 4358 sed
3268 4309 3325 4355 et
3355 4298 3617 4355 nonnulla
3657 4297 3902 4352 sinistra

2295 4401 2454 4455 famae
2492 4400 2558 4454 de
2586 4398 2790 4454 eisdem
2838 4397 3141 4468 virginibus
3171 4395 3518 4450 dicebantur.
3570 4391 3728 4446 Unde
3764 4389 3905 4444 mul-

598 4471 910 4572 m0“???
946 4470 1255 4572 ξθιίηίιυθτθ
1304 4470 1600 4572 θιτνὴθηθδν
1634 4485 1800 4572 ¹¹¹¹¹ξ¹η
1838 4470 2015 4572 “fis
2039 4469 2190 4522 don“
2219 4512 2270 4572 ι)
2297 4504 2408 4548 tum
2447 4491 2800 4547 contristatus
2842 4489 2984 4544 idem
3029 4488 3301 4560 pontifex,
3339 4486 3566 4541 videbat
3606 4484 3764 4539 enim
3809 4497 3904 4537 eas

599 4579 733 4619 num
779 4561 1104 4618 Balduinum
1141 4571 1302 4617 astate
1326 4563 1604 4632 juvenem,
1644 4562 1740 4616 sed
1785 4561 2029 4615 moribus
2066 4576 2190 4630 gra-

599 4672 747 4723 vem,
797 4656 920 4712 loco
968 4671 1066 4712 suo
1096 4655 1346 4711 abbatem
1399 4656 1480 4710 eis
1510 4655 1815 4722 constituit,
1845 4665 1899 4711 et
1938 4672 1966 4709 a
1991 4656 2190 4710 domno

598 4747 998 4804 Bartholomaeo
1033 4747 1290 4818 episcopo
1329 4745 1460 4802 fecit
1502 4746 1770 4812 ordinari,
1825 4747 2014 4816 sicque
2056 4745 2194 4801 Tor-

599 4855 803 4898 nacum
864 4841 934 4896 ad
979 4839 1273 4911 regendum
1334 4838 1478 4895 ovile
1537 4839 1638 4894 sibi
1692 4839 2044 4893 commissum
2112 4847 2191 4893 te-

600 4931 794 4990 tendit.

601 5043 727 5101 CAP.
763 5043 1006 5102 XXII.—
1029 5044 1110 5100 De
1129 5045 1447 5100 correctione
1474 5044 1697 5099 abbatite
1724 5043 1908 5100 Sancti
1928 5044 2189 5111 Joannis;

882 5127 931 5171 et
978 5116 1240 5186 Drogonis
1285 5116 1488 5170 abbatis
1529 5117 1875 5171 institutione.

670 5208 806 5266 Post
838 5209 958 5265 hac
983 5207 1149 5264 etiam
1176 5206 1362 5263 Sancti
1383 5205 1606 5264 Joannis
1626 5208 1882 5281 Baptistae
1912 5209 2190 5282 corrigere

601 5301 809 5358 studuit
837 5300 1098 5372 praefatus
1125 5301 1413 5372 episcopus
1460 5302 1754 5367 abbatiam,
1815 5319 1935 5374 quae
1979 5304 2188 5360 cunctis

602 5392 724 5449 aliis
748 5407 916 5464 supra
945 5395 1260 5450 memoratis
1288 5393 1668 5452 Laudunensis
1713 5396 1962 5453 dioecesis
1999 5412 2183 5453 coeno-

603 5485 707 5540 biis
736 5484 912 5542 fertur
937 5488 1236 5560 antiquior,
1259 5497 1316 5545 et
1342 5489 1524 5554 ditior,
1554 5497 1718 5560 atque
1744 5491 1977 5547 nobilior
1996 5491 2184 5548 fuisse.

552 5581 556 5635 ζ
605 5573 754 5634 lianc
775 5579 1047 5650 siquidem
1074 5583 1234 5639 beata
1266 5581 1601 5657 Sallaberga,
1651 5585 1794 5641 sicut
1822 5585 1874 5640 in
1915 5584 2032 5655 ejus
2064 5588 2184 5644 Vita

2297 4587 2609 4655 frequenter
2633 4599 2663 4638 a
2705 4598 2764 4639 se
2799 4583 3159 4638 communitas
3204 4579 3646 4635 emendationem
3674 4575 3904 4646 quidm

2295 4677 2463 4732 verbo
2493 4675 2831 4745 promittere,
2869 4673 2964 4729 sed
3015 4672 3161 4727 facto
3197 4686 3305 4726 non
3336 4669 3569 4740 implere
3603 4687 3618 4723 :
3659 4665 3907 4722 consilio

2295 4775 2352 4821 et
2399 4766 2725 4821 auctoritate
2781 4763 2985 4818 domini
3033 4765 3187 4834 papa:
3223 4760 3551 4825 Innocentii,
3580 4759 3912 4829 dominique

2297 4855 2543 4910 Rainaldi
2578 4853 2872 4909 Remorum
2900 4852 3319 4924 archiepiscopi,
3355 4851 3622 4906 Ludovici
3665 4861 3907 4920 quoque

2295 4949 2441 5021 regis
2469 4948 2824 5012 Francorum,
2859 4947 2927 5002 ad
2963 4960 3122 5016 quem
3157 4947 3347 5002 eadem
3384 4944 3630 5000 Ecclesia
3673 4943 3912 5012 proprie

2292 5044 2568 5114 pertinere
2593 5042 2899 5106 dicebatur,
2944 5056 3136 5097 omnes
3187 5041 3398 5112 pariter
3444 5040 3564 5096 illas
3593 5039 3913 5094 sanctimo-

2294 5134 2466 5190 niales
2511 5149 2575 5189 ex
2610 5133 2702 5188 illa
2730 5133 2912 5204 ejecit.
2941 5133 3241 5188 Assumens
3282 5145 3501 5202 quoque
3543 5131 3736 5186 virum
3781 5127 3912 5184 reli-

2293 5229 2502 5300 giosum
2528 5227 2789 5284 domuum
2831 5229 3155 5300 Drogonem,
3185 5226 3424 5282 casnobii
3471 5224 3662 5280 Sancti
3694 5220 3912 5278 Nicasii

2292 5319 2579 5375 Remensis
2617 5321 2877 5391 priorem,
2919 5336 3044 5378 eum
3097 5319 3296 5376 ibidem
3349 5317 3584 5390 primum
3632 5317 3910 5372 abbatem

2297 5411 2593 5478 ordinavit,
2637 5421 2694 5466 et
2734 5411 3036 5468 monachos
3067 5411 3177 5468 illic
3206 5409 3540 5468 sufﬁcienter
3564 5423 3631 5464 ex
3661 5405 3912 5464 diversis

2296 5503 2640 5559 monasteriis
2661 5502 2860 5572 posuit.
2892 5501 2998 5557 Sed
3027 5516 3150 5556 cum
3177 5501 3290 5571 jam
3322 5501 3457 5570 illic,
3488 5501 3602 5557 Deo
3623 5500 3906 5560 donante,

2295 5610 2404 5652 non
2431 5609 2623 5668 parum
2653 5591 2966 5666 proﬁceret.
2993 5591 3137 5648 bono
3157 5592 3328 5653 odore
3354 5591 3638 5662 sapientia:
3661 5597 3751 5645 et
3782 5599 3910 5660 pm-

671 5756 787 5830 (58)
823 5757 958 5828 Quia
984 5761 1103 5833 aS.
1129 5763 1372 5822 Medardi
1401 5772 1642 5841 tempore
1666 5770 1950 5842 episcopus
1973 5772 2404 5834 Noviodune‘nsis
2431 5775 2831 5834 Tornaeensem
2857 5772 3418 5850 regehatEcclesiam.
