1991 3173
255 185 324 215 1007

688 181 835 212 APPEND.
849 182 896 212 AD
913 183 979 213 LIB.
990 183 1025 212 III
1041 172 1205 214 cuream
1222 184 1268 214 or:
1287 183 1368 215 VITA
1380 173 1460 213 Sui.

1831 185 1898 214 1008

254 245 316 280 19);
333 253 342 270 ι
360 243 405 272 ubi
424 246 549 279 patenter
560 241 679 271 ostendit
694 250 724 271 se
736 249 790 270 non
805 249 856 278 pro
872 241 982 277 Judais,
1003 243 1052 271 sed
1065 245 1090 276 Α
1104 244 1218 279 praefato
1233 243 1357 273 Sansone
1373 244 1579 279 archiepiscopo
1595 243 1718 279 pontifex
1736 244 1901 273 Ambianen—

254 300 306 328 pro
328 291 494 319 Christianis
519 297 568 318 eos
580 284 766 326 composuisse
780 298 787 317 :
804 289 844 318 sic
857 294 886 318 et
900 290 972 325 ipsas
987 298 1052 318 san-

253 344 313 367 ctas
328 339 411 367 credo
425 337 553 374 gaudere,
569 337 642 373 quod
666 337 701 365 ad
723 336 881 372 huiusmodi
899 337 1051 375 monachos

253 384 389 418 ecclesia,
413 391 496 419 quam
523 386 753 418 construxerunt,
777 383 946 418 pervenerit,
965 387 993 411 et
1011 377 1051 411 ad

254 430 480 459 sustentationem
502 436 597 458 eorum
611 430 798 465 possessiones
812 435 905 457 earum
920 428 1051 457 Dominus

250 472 398 513 pervenire
411 475 591 503 concesserit.

287 521 357 550 Cum
377 528 443 549 vero
461 520 587 557 superius
609 518 712 548 dictum
726 519 762 547 sit
779 526 877 547 novem
899 519 1023 548 abbatias
1034 527 1050 548 a

248 567 354 596 ‘do‘mno
368 567 567 596 Barthoiomao
579 566 706 602 episcopo
720 570 893 595 constructas
906 573 975 600 esse,
985 574 1051 602 qua-

252 622 315 643 rum
328 615 430 642 nullam
444 613 570 642 invenit:
591 614 614 642 si
636 613 698 649 quis
720 613 864 649 diligenter
884 613 1049 646 consideret,

252 665 281 688 ut
296 660 369 688 hanc
384 667 449 688 vere
464 660 599 688 decimam
621 658 680 687 fore
699 658 896 694 pronuntiabit,
914 667 974 695 qua
987 662 1051 686 ante

254 709 362 741 tempus
377 713 455 733 suum
469 705 612 741 plusquam
627 705 758 733 trecentis
781 703 860 733 annis
880 708 1049 739 constructa,

254 751 302 779 sed
318 757 438 787 tempore
452 759 501 779 suo
521 759 536 778 a
551 751 692 787 religionis
711 750 803 779 calore
818 750 961 787 tepefacta,
989 759 1050 779 rur-

253 797 313 825 sum
338 804 387 833 per
406 804 446 830 se,
471 796 563 825 divina
588 802 737 833 prastante
763 797 862 833 gratia,
885 795 1050 826 intromissis

252 843 395 871 monachis
411 842 532 871 noscitur
549 850 610 871 esse
637 847 770 871 restructa
786 847 813 871 et
831 847 970 872 renovata.
984 843 1051 878 Quae

251 889 393 918 renovatio
417 885 491 918 facta
518 893 561 917 est
583 893 656 917 anno
679 888 828 917 Dominica
851 887 1060 925 Incarnationis_

248 935 267 964 ἰ
272 935 332 965 12⁵1.
1061 927 1087 958 Β

251 993 317 1023 CAP.
344 985 441 1022 XXIV.
464 1009 500 1015 —
534 993 622 1027 Quam
646 986 731 1021 ditata
754 993 788 1021 sit
823 992 910 1028 major
920 981 1051 1025 "dedit;

335 1029 443 1058 Sanctae
456 1028 552 1057 Maria:
562 1029 610 1057 sub
624 1027 820 1056 Bartholomwo
830 1027 963 1063 pontiﬁce.

287 1075 355 1104 Cum
371 1080 461 1103 autem
477 1075 505 1103 in
518 1074 709 1103 construendis
721 1074 783 1102 aliis
797 1073 969 1102 monasteriis
981 1081 1052 1109 pra-

251 1121 323 1150 fatus
345 1121 489 1157 episcopus
516 1124 622 1148 tantum
646 1120 766 1148 studium
796 1119 941 1152 habuerit,
970 1118 1051 1147 facile

251 1169 325 1197 credi
338 1171 437 1203 potest,
450 1167 522 1202 quod
534 1166 566 1194 de
585 1166 681 1202 majori
695 1165 812 1194 ecclesia
827 1165 932 1194 Sancta
946 1164 1049 1199 Maria,

249 1215 280 1243 in
295 1222 349 1250 qua
371 1212 534 1251 pontificalis
549 1213 626 1241 sedes
640 1213 728 1248 posita
742 1217 795 1245 est,
811 1213 929 1240 maxime
943 1212 1051 1240 labora-

250 1260 334 1294 verit,
350 1264 380 1287 ut
395 1259 518 1287 redditus
527 1259 587 1294 ejus
601 1262 854 1294 augmentarentur.
868 1258 910 1290 Et,
926 1257 1051 1293 quamvis

253 1307 336 1335 aliam
353 1305 512 1341 religionem
535 1304 574 1332 ibi
597 1311 700 1340 ponere
722 1304 887 1340 nequiverit,
902 1311 955 1332 non
977 1303 1050 1331 enim

252 1351 333 1380 facile
346 1351 470 1380 canonici
483 1350 542 1386 ejus
554 1351 682 1386 antiquos
695 1357 786 1378 mores
801 1355 908 1378 mutare
928 1350 987 1385 cogi
1003 1357 1052 1385 po-

251 1402 353 1433 terant,
372 1401 463 1425 tamen
487 1397 528 1425 sic
550 1403 646 1425 eorum
668 1396 775 1432 priores
800 1395 923 1423 redditus
946 1395 1052 1424 studuit

251 1444 395 1480 ampliare,
409 1447 440 1472 ut
454 1451 553 1481 magna
571 1447 649 1479 parte
666 1443 730 1471 anni
747 1450 794 1472 eos
809 1442 913 1479 pariter
928 1443 957 1471 in
981 1442 1051 1471 refe-

250 1487 340 1519 etorio
350 1488 495 1518 comedere
515 1488 675 1523 instituerit,
699 1487 780 1525 555
804 1489 1051 1524 quotidianumqne

250 1536 405 1566 eis'victutn
422 1535 540 1564 ubertim
565 1540 593 1564 et
616 1535 752 1564 ditissime
775 1534 937 1572 providerit,
961 1535 998 1563 ita
1020 1536 1051 1563 nt

250 1582 303 1619 ipsi
327 1581 451 1611 canonici
481 1585 616 1610 testentur
641 1581 715 1617 quod
739 1589 809 1617 pene
838 1580 934 1616 duplo,
967 1588 1050 1616 quam

249 1629 327 1665 prius
341 1620 608 1664 prabendaseorum
624 1627 762 1661 ditaverit,
776 1627 848 1655 sicut
861 1627 887 1655 in
901 1626 1050 1663 privilegiis

251 1675 328 1711 ejus,
347 1682 408 1710 qua
432 1672 460 1702 in
484 1673 580 1702 eadem
607 1673 722 1703 ecclesia
749 1673 937 1708 continentur,
961 1677 1050 1709 potest

249 1721 381 1751 inveniri.

287 1778 353 1807 Car.
361 1776 447 1806 XXV.
454 1792 491 1798 —
500 1777 541 1805 De
552 1767 679 1805 Guidoue'
685 1767 875 1810 Catalaunenti
881 1777 1014 1813 episcopo.

288 1824 356 1852 Illud
381 1824 464 1852 etiam
489 1823 524 1851 ad
536 1822 645 1851 laudem
665 1827 693 1851 et
707 1823 840 1851 honorem
860 1822 1050 1850 Lauduucnsis

251 1870 383 1899 Ecchsiae
393 1871 541 1906 domnique
551 1868 742 1897 Bartholomai
755 1871 873 1905 pertinet
883 1868 956 1905 quod
970 1869 1049 1900 dom-

252 1924 306 1944 nus
318 1916 417 1951 Guido,
443 1916 487 1944 vir
497 1915 694 1949 nobilissimus,
718 1921 800 1950 quem
815 1915 888 1943 idem
906 1915 1050 1950 cpiscopus

252 1962 418 1991 canonicum
441 1967 469 1990 et
495 1962 628 1994 decanum
652 1960 764 1996 majoris
791 1961 914 2001 ecclesia
943 1961 1050 1990 Sancta

252 2007 347 2036 Maria
372 2006 488 2042 fecerat,
514 2014 577 2035 cum
592 2007 682 2036 adhuc
699 2011 780 2035 aetate
801 2006 915 2042 juvenili
927 2006 1048 2043 ﬂoreret,

251 2062 304 2092 pro
332 2054 466 2092 religione
486 2058 590 2088 tamen,
605 2048 638 2082 et
646 2053 792 2083 devotione
803 2062 861 2087 sua,
877 2054 1006 2090 quoniam
1022 2058 1050 2083 et

253 2102 391 2146 castitatis
417 2106 534 2135 amator,
563 2105 591 2129 et
613 2100 796 2129 ecclesiastici
820 2100 903 2129 otiieii
924 2100 1050 2129 assiduus

252 2148 454 2185 frequentatur,
476 2147 549 2175 fama
563 2152 750 2183 praconante,
766 2154 828 2175 esse
851 2147 1003 2181 ferebatur,
1016 2147 1050 2175 ad

252 2195 440 2231 episcopatum
450 2194 659 2223 Catalaunensis
666 2194 743 2234 urbis
751 2193 813 2230 eligi
819 2198 871 2227 tur,
883 2198 912 2221 et
922 2202 937 2222 a
949 2193 1050 2222 domno

252 2242 379 2270 Sansone
403 2240 553 2269 Remorum
573 2241 781 2278 archiepiscopo
796 2245 985 2268 consecratur.
997 2240 1049 2275 Qui

252 2289 288 2317 ad
315 2290 409 2317 sedem
435 2296 513 2317 suam
538 2288 667 2322 veniens,
688 2288 832 2323 quemdam
860 2287 1049 2317 Laudunensis

252 2335 382 2364 Ecclesia
393 2335 521 2371 juvenem
535 2334 677 2367 clericum,
692 2334 801 2363 nomine
818 2333 990 2368 Haimonem,
1001 2334 1047 2371 qui

252 2388 350 2417 secum
375 2379 491 2413 abierat,
510 2387 573 2417 mox
590 2379 617 2407 in
641 2379 700 2415 ipso
720 2379 810 2415 primo
832 2381 1048 2409 consecrationis

253 2434 311 2456 sua
325 2413 409 2466 anno,
424 2425 498 2454 sedis
504 2413 625 2461 ejusdem
632 2413 854 2454 archidiaconum
866 2426 940 2460 fecit,
953 2428 1049 2464 sicque

253 2471 354 2502 civitas
372 2471 585 2512 Catalaunensis
605 2471 640 2515 de
654 2471 779 2515 Ecclesia,
791 2471 979 2516 Laudunensi,
994 2480 1048 2515 uno

253 2520 406 2563 eodemque
432 2526 514 2552 anno,
535 2523 564 2547 et
585 2512 743 2555 episcopum
759 2512 800 2548 'et
818 2512 1048 2548 archidiaconum

247 2563 462 2612 'habuita',’

325 2613 390 2655 Car,
405 2610 505 2655 XXVI,
518 2628 555 2651 -τ
568 2611 608 2655 De
623 2610 977 2654 Theode‘rico‘dmbiartensi.

290 2653 423 2705 Sequeitti
450 2651 533 2704 etiam
552 2652 632 2702 anno
642 2685 644 2688 .
653 2651 771 2703 domnus
780 2651 782 2653 ’
792 2651 988 2694 Theodericus,
1002 2651 1049 2697 qui

254 2698 344 2746 primo
354 2698 408 2737 fuit
417 2698 573 2748 monachus
583 2698 701 2744 canobii
710 2699 811 2741 Sancti
822 2705 926 2735 Nicolai
940 2707 967 2735 in
979 2707 1049 2739 dite-

256 2756 313 2784 cesi
328 2750 515 2788 Laudunensi,
540 2759 635 2796 postea
648 2761 723 2795 vero,
743 2758 773 2782 ut
786 2761 869 2791 supra
879 2754 982 2783 dictum
995 2759 1048 2790 est,

257 2801 344 2830 abbas
367 2801 463 2831 Sancti
477 2800 558 2837 Eligii
579 2800 769 2830 Noviomensis
787 2805 964 2829 consecratus
977 2805 1019 2830 est
1033 2809 1050 2829 a

1061 2300 1089 2331 D

1102 288 1157 323 sis;
1187 289 1282 325 sicque
1309 289 1380 318 intra
1400 289 1469 318 duos
1485 297 1571 318 annos
1583 290 1642 318 dua
1658 290 1800 323 civitates,
1820 290 1901 318 Cata-

1101 335 1250 369 launensis,
1280 340 1309 364 et
1337 335 1531 364 Ambianensia
1558 340 1725 372 acceperunt
1755 336 1902 372 pontiﬁces

1101 382 1173 411 Illios
1187 388 1215 411 et
1229 383 1347 410 nutritos
1365 382 1494 410 Ecclesia
1508 382 1707 410 Laudunensis.
1730 381 1792 411 Non
1809 382 1902 410 imme-

1101 429 1155 458 rito
1178 424 1243 464 ergo
1258 429 1383 464 superius
1397 428 1525 461 dixerim,
1554 428 1581 457 in
1595 428 1712 468 ecclesia
1725 423 1903 456 Lauduneua'

1101 473 1176 502 illam
1188 474 1279 510 Aggai
1296 473 1437 509 propheta
1449 473 1614 502 sententiam
1625 473 1795 510 completam
1806 473 1903 507 tuine,

1101 527 1154 556 qua
1169 519 1237 548 dixit
1249 530 1256 548 :
1275 529 1285 547 ι
1295 516 1395 556 Magna
1404 520 1457 548 erit
1470 518 1555 556 gloria
1567 520 1665 548 domus
1672 514 1757 555 hujus
1763 520 1902 553 secunda,

1102 565 1188 600 magis
1200 572 1281 601 quam
1294 565 1389 601 prima
1403 565 1481 601 (Agg.
1500 573 1532 599 ιι,
1547 564 1602 602 I0).
1623 574 1632 592 I
1654 563 1795 599 Quoniam
1811 571 1902 592 mera

1101 615 1130 638 et
1144 610 1171 638 in
1184 609 1343 646 episcopatu
1358 609 1535 638 Laudunensi
1548 609 1668 645 plurima
1680 617 1743 645 qua
1755 608 1839 644 prius
1852 616 1903 636 non

1101 655 1212 684 fuerant
1239 655 1406 684 monasteria
1437 658 1631 688 accreverunt,
1649 659 1677 683 et
1690 655 1727 683 de
1741 654 1808 690 ipso
1823 653 1904 681 multa

1100 702 1178 739 plura
1193 710 1242 739 per
1253 701 1348 731 orbem
1363 707 1499 730 terrarum
1505 702 1595 730 'nova
1616 700 1817 733 institutionis,
1829 700 1905 736 quasi

1099 757 1179 778 nova
1191 749 1259 778 lucis
1274 748 1380 785 fulgore
1404 749 1574 786 splendentia
1588 748 1751 784 pullulando
1760 753 1906 783 processe-

1101 801 1175 825 runt.
1190 797 1213 824 Δ
1225 799 1348 832 tempore
1363 796 1387 825 si
1402 796 1513 832 quidem
1530 795 1617 824 sancti
1632 794 1814 827 Geuebaudi,
1825 793 1904 829 pri-Ii

1100 842 1291 871 Laudunensis
1297 842 1429 879 episcopi,
1445 850 1507 871 cum
1517 842 1699 878 quadraginta
1712 845 1773 869 tres
1781 840 1904 877 episcopi

1079 889 1082 891 ’
1101 894 1164 926 post
1178 897 1240 918 eum
1254 889 1465 925 fuissentusque
1480 889 1514 917 ad
1528 889 1659 917 domuum
1667 887 1904 916 Bartholomm

1101 936 1269 972 episcopum,
1296 941 1324 965 et
1340 935 1398 972 ipse
1411 936 1638 972 quadragesimus
1655 940 1776 971 quartus
1791 935 1833 963 eis
1846 941 1905 962 soe-

1101 984 1241 1017 cessisset,
1268 991 1322 1012 non
1334 983 1435 1019 legitur
1446 987 1487 1011 tot
1498 983 1630 1011 miracula
1644 990 1694 1018 per
1710 986 1839 1011 sanctam
1856 981 1903 1009 Dei

1101 1024 1269 1059 Gcnitricem
1280 1030 1307 1058 in
1319 1030 1436 1059 ecclesia
1448 1030 1623 1058 Laudunensi
1632 1028 1705 1058 facta
1717 1029 1818 1063 fuisse,
1834 1029 1905 1057 sicut

1101 1076 1129 1105 in
1142 1076 1237 1105 diebus
1247 1076 1327 1113 hujus
1341 1074 1545 1104 Bartholomai.
1562 1075 1701 1112 Tempore
1719 1081 1816 1103 tamen
1831 1074 1905 1103 Heli-

1095 1120 1196 1157 'nandi,
1223 1123 1271 1159 qui
1300 1127 1364 1152 ante
1391 1122 1521 1151 domnum
1538 1122 1774 1150 Bartholomaum
1791 1122 1905 1158 quintus

1100 1170 1222 1205 ejusdem
1235 1170 1312 1198 urbis
1331 1163 1476 1206 episcopus
1487 1169 1538 1198 fuit
1551 1169 1589 1205 (id
1605 1174 1647 1197 est
1663 1169 1797 1205 xxxvm),
1814 1168 1902 1204 quod-

1100 1215 1164 1244 dam
1192 1215 1353 1244 miraculum
1379 1216 1406 1244 in
1433 1216 1529 1244 eadem
1553 1215 1670 1244 ecclesia
1685 1215 1816 1251 contigit,
1830 1214 1904 1250 quod

1100 1262 1148 1291 hic
1174 1262 1285 1299 dignum
1315 1262 1441 1291 duximus
1472 1261 1612 1290 memoria
1643 1261 1794 1290 scribendo
1823 1268 1904 1289 man-

1101 1308 1177 1337 dare.

1101 1365 1166 1394 CAP.
1191 1365 1299 1394 XXVII.
1323 1379 1361 1387 —
1383 1365 1423 1394 De
1443 1365 1559 1428 ἔξωζίιζε
1583 1365 1617 1393 ab
1642 1364 1768 1392 incendio
1791 1363 1904 1391 liberata

1466 1409 1555 1428 tvtact.

1466 1409 1555 1429 tvtact.

1136 1456 1165 1495 In
1185 1456 1250 1484 villa
1275 1454 1422 1492 siquidem,
1447 1462 1509 1492 qua
1530 1441 1799 1497 Civiacuslvocatur,
1815 1460 1904 1496 prope

1100 1503 1277 1537 Laudunum,
1304 1503 1347 1531 vir
1366 1502 1488 1538 quidam,
1500 1494 1798 1541 Guilermus'no'mine,
1809 1494 1906 1537 mane-

1101 1550 1160 1584 bat,
1176 1548 1298 1585 ejusdem
1309 1551 1472 1585 procurator
1484 1546 1556 1574 villa
1571 1545 1653 1583 (58'),
1670 1553 1732 1585 cum
1748 1551 1842 1573 uxore
1857 1551 1906 1571 sua

1102 1595 1158 1632 (59)
1188 1594 1338 1632 Soiburga,
1367 1594 1414 1629 qui
1442 1592 1551 1621 unicam
1577 1591 1662 1630 tiliam
1678 1599 1771 1624 suam,
1791 1590 1907 1618 nomine

1101 1642 1269 1677 Guiburgem
1281 1641 1390 1669 cuidam
1410 1640 1480 1674 viro,
1494 1639 1605 1668 nomine
1615 1638 1745 1677 Albuino,
1762 1637 1792 1666 in
1807 1637 1908 1664 matri—

1100 1687 1221 1716 monium
1235 1686 1420 1721 sociaverant,
1432 1692 1535 1721 eosque
1548 1685 1629 1713 unice
1640 1684 1790 1720 diligentes
1808 1690 1906 1711 secura

1092 1734 1128 1777 lin
1140 1735 1221 1770 domo
1237 1734 1376 1762 communi
1388 1733 1513 1761 habitare
1526 1732 1660 1761 fecerunt.
1671 1731 1738 1760 Cum
1751 1723 1809 1759 non
1818 1730 1909 1758 multo

1100 1785 1162 1817 post
1171 1781 1260 1817 turpis
1272 1780 1392 1809 infamia
1404 1787 1552 1816 rumorper
1560 1780 1707 1808 multorum
1714 1786 1764 1806 ora
1774 1777 1907 1809 volitare,

1101 1832 1183 1864 atque
1194 1827 1222 1855 in
1232 1828 1291 1856 dies
1306 1827 1479 1862 augmentari
1493 1827 1588 1862 capit,
1598 1826 1727 1861 juvenem
1739 1825 1820 1854 illum
1841 1824 1909 1852 reli-

1100 1878 1146 1902 cto
1160 1874 1285 1912 propria.
1298 1874 1392 1910 uxoris
1414 1874 1504 1907 thoro,
1533 1873 1622 1901 soceri
1634 1873 1788 1901 adulterina
1803 1873 1908 1902 fraude

1102 1921 1205 1950 violare
1217 1920 1307 1949 cubile
1320 1925 1463 1956 matreque
1473 1928 1536 1948 cum
1548 1920 1604 1948 tilia
1619 1920 1693 1948 abuti
1705 1919 1810 1948 illicite.
1825 1920 1910 1954 Quod

1100 1967 1148 1996 ubi
1165 1967 1200 1996 ad
1216 1970 1349 1995 matronae
1370 1966 1444 1995 illius
1471 1974 1554 1994 aures
1584 1966 1739 2002 aliquorum
1763 1966 1908 1995 relatione

1099 2012 1237 2050 pervenit,
1249 2012 1447 2041 inastimabilis
1454 2012 1481 2040 vi
1494 2012 1597 2041 doloris
1605 2012 1773 2041 intrinsecus
1785 2017 1908 2045 attacta,

1100 2064 1128 2088 et
1138 2059 1199 2088 falsi
1213 2058 1337 2087 criminis
1349 2059 1524 2095 impositione
1535 2058 1654 2091 turbata,
1669 2058 1804 2094 profunda
1818 2059 1911 2095 cepit

1101 2105 1276 2133 animositate
1286 2104 1437 2137 revolvere,
1461 2112 1516 2140 qua
1530 2109 1589 2132 arte
1600 2104 1726 2132 criminis
1741 2103 1826 2139 hujus
1848 2112 1908 2132 na-

1100 2159 1165 2179 vum
1177 2160 1193 2179 a
1208 2159 1240 2180 se
1251 2151 1384 2179 valuisset
1399 2151 1551 2186 detergere.
1566 2150 1692 2186 Cumque
1701 2150 1780 2178 miris
1792 2150 1907 2178 machi-

1101 2199 1260 2228 nationibus
1274 2198 1315 2227 sui
1332 2205 1389 2234 pra
1400 2197 1494 2226 dolore
1507 2197 1665 2233 impatiens,
1680 2204 1804 2234 peneque
1822 2202 1909 2225 extra

1101 2253 1132 2274 se
1145 2245 1233 2282 posita
1247 2245 1364 2273 interius
1384 2248 1524 2278 aestuaret,
1542 2243 1678 2271 diabolica
1692 2242 1800 2272 tandem
1817 2243 1911 2279 inspi«

1102 2292 1209 2320 ratione
1224 2291 1326 2320 infecta
1340 2295 1423 2327 atque
1439 2290 1588 2319 infectione
1601 2293 1720 2323 armata,
1735 2289 1911 2317 deliberavit

1099 2338 1204 2379 animo,
1230 2338 1404 2366 innocentem
1429 2336 1486 2372 jam
1503 2343 1551 2364 rea
1568 2335 1752 2371 exstinguere,
1768 2333 1794 2362 id
1810 2334 1910 2362 solum

1094 2392 1158 2421 sua
1171 2383 1291 2412 infamia
1301 2383 1460 2412 seductione
1469 2381 1604 2410 diabolica
1612 2381 1762 2409 remedium
1772 2387 1909 2416 sperans.

1102 2431 1136 2460 Et
1158 2438 1224 2459 ecce
1244 2430 1302 2465 jam
1330 2428 1442 2457 hiemali
1458 2429 1605 2465 ingruente
1619 2427 1723 2464 algore,
1734 2426 1910 2455 vindemialc

1101 2483 1132 2514 et
1144 2476 1303 2516 autumnale
1321 2481 1430 2513 tempus
1456 2475 1623 2508 transierat;
1641 2481 1696 2510 quo
1705 2473 1813 2502 scilicet
1824 2474 1910 2502 multi

1102 2523 1137 2559 de
1150 2518 1266 2558 diversis
1272 2522 1397 2562 partibus
1408 2521 1444 2550 ad
1455 2520 1624 2558 colligendas
1633 2521 1686 2550 sub
1698 2519 1828 2548 mercede
1841 2521 1909 2547 vin-

1105 2569 1208 2604 demias
1220 2568 1265 2607 illa
1277 2567 1366 2597 solent
1379 2567 1407 2596 in
1420 2566 1480 2596 loca
1492 2564 1638 2596 conﬂuere.
1650 2601 1653 2605 ν

1138 2617 1180 2646 Ex
1189 2617 1232 2649 his
1242 2617 1334 2653 itaque
1344 2616 1413 2645 duos
1422 2622 1558 2652 pauperes
1572 2613 1628 2644 sibi
1636 2613 1750 2650 eligens,
1769 2611 1841 2649 data
1857 2619 1909 2648 pro

1102 2664 1214 2700 optione
1243 2663 1382 2696 mercede,
1404 2662 1486 2698 ﬁdem
1502 2669 1536 2694 ex
1551 2661 1593 2690 eis
1608 2659 1727 2694 inﬁdelis
1747 2659 1859 2696 exegit,
1875 2663 1909 2686 nt

1076 2702 1081 2706 θ
1102 2710 1279 2739 commissum
1297 2708 1408 2737 silentio
1422 2712 1559 2746 tegerent,
1584 2711 1670 2747 atque
1679 2705 1909 2743 memmium-

1100 2758 1165 2786 dum
1176 2756 1287 2785 crudele
1301 2760 1328 2784 et
1351 2753 1701 2793 nefandissimum,sceltts.
1717 2752 1794 2786 sicut
1808 2756 1906 2789 metue

1100 2803 1239 2838 volvebat,
1261 2803 1388 2832 dexteras
1408 2804 1608 2839 praepararent.
1633 2798 1795 2836 Designavit
1819 2798 1907 2835 igitur

303 2874 435 2923 ἓξὲξ)
448 2875 534 2923 ister}
547 2873 862 2923 miraculumﬁuibertns
875 2877 971 2911 tibJDe
986 2880 1067 2911 laude
1083 2882 1116 2914 Β.
1133 2883 1235 2919 Maria,
1251 2890 1312 2923 cap.
1328 2881 1372 2911 t0.

303 2915 510 2962 59)"Mulierem
521 2915 593 2946 hanc
602 2921 683 2945 vocat
693 2915 918 2947 Theodebertatu.
