4018 6324
238 437 374 498 1009

914 450 923 457 '
1020 429 1378 491 HERMANNI
1411 428 1501 486 DE
1536 422 1770 484 MIRAC.
1796 424 1856 481 S.
1878 421 2118 482 MARUE
2145 419 2452 480 LAUDUN.
2478 450 2549 464 -—
2584 417 2711 476 LIB.
2737 415 2830 474 Ill.

3342 408 3481 469 1010

229 553 429 615 locum,
475 545 863 607 determmavnt
917 549 1059 605 diem
1087 560 1141 606 et
1164 551 1379 616 horam,
1408 563 1517 619 quo
1557 546 1808 603 videlicet
1833 544 1882 603 A
1905 545 2021 603 rius
2041 546 2095 600 in
2126 544 2384 600 unctione
2436 542 2612 600 sancti
2641 539 2877 612 Spiritus
2911 535 3196 593 irroratus.
3225 532 3325 597 Hic
3352 548 3483 605 ergo

230 638 299 695 de
335 636 535 691 abditis
585 636 820 691 latenter
866 644 1243 707 exsurgentes,
1292 633 1600 691 innocentis
1627 632 1808 689 subito

228 738 414 803 guttur
450 728 771 797 invaderent
797 736 853 782 et
882 727 1236 784 suﬂ'oearent.
1283 726 1389 782 Sed
1417 726 1529 797 jam
1559 725 1806 782 funestus

228 821 322 877 ille
344 821 665 877 imminebat
710 820 847 886 dies,
879 816 1003 875 cum
1025 830 1182 874 mane
1204 818 1339 874 hora
1362 817 1466 874 diei
1501 816 1696 887 prima,
1723 816 1807 871 vir

226 914 366 985 ejus,
385 915 525 970 sicut
545 913 791 985 quotidie
816 920 1195 978 consueverat,
1218 911 1272 966 in
1294 926 1446 967 suam
1468 909 1806 981 procuratio-

229 1022 353 1061 nem
402 1006 594 1072 exivit,
648 1004 859 1061 familia
881 1006 989 1061 huc
1020 1003 1260 1075 illucque
1284 1004 1528 1073 dispersa
1557 1010 1663 1069 est,
1697 1001 1807 1056 filia

227 1115 451 1170 quoque
504 1099 655 1155 feras
706 1098 1005 1172 egreditur.
1059 1098 1460 1152 Remanserunt
1510 1094 1675 1165 556
1704 1092 1806 1148 soli

216 1192 401 1248 Adam
431 1203 488 1248 et
507 1191 642 1259 Eva,
665 1206 834 1263 agnus
885 1190 1148 1246 innocens
1174 1198 1230 1245 et
1254 1203 1396 1244 saeva
1420 1187 1805 1249 leam.'lntra-

225 1292 425 1339 verunt
458 1286 622 1340 etiam
638 1284 891 1347 latenter,
923 1282 1013 1338 illa
1043 1290 1222 1337 tamen
1248 1288 1595 1352 procurante,
1628 1294 1811 1350 prom-

226 1377 431 1447 ptuarii
458 1376 679 1434 secreta
696 1379 803 1432 duo
830 1375 1072 1447 praadicti
1110 1387 1394 1444 pauperes.
1426 1372 1668 1427 Tandem
1696 1384 1810 1426 mu-

226 1467 335 1524 lier
376 1470 787 1526 convenientem
832 1466 1083 1524 deatinati
1122 1465 1345 1521 sceleris
1392 1472 1550 1520 nacta
1595 1463 1805 1528 horam,

227 1558 445 1616 blandis
471 1560 706 1631 primum
737 1558 1059 1615 intermistis
1106 1555 1411 1627 colloquiis,
1434 1555 1650 1611 demum
1672 1566 1810 1623 prat-

226 1651 445 1721 eipitut
470 1652 536 1707 ad
560 1648 821 1708 interiora
863 1648 1224 1722 promptuarii
1262 1647 1599 1704 descendens
1623 1645 1808 1701 vinum

228 1740 488 1797 deferret.
507 1740 603 1797 llle
623 1740 756 1796 nihil
788 1740 917 1796 mali
945 1740 1274 1810 suspicatus,
1309 1736 1629 1806 simpliciter
1650 1733 1807 1805 quasi

228 1832 391 1887 matri
443 1832 859 1903 obtemperans,
927 1839 1148 1903 accepto
1166 1844 1296 1886 vase
1328 1828 1561 1885 festinus
1576 1826 1647 1882 ad
1670 1826 1809 1881 inte-

229 1921 377 1978 riora
413 1891 708 1981 descendit.
755 1891 998 1992 Cumque
1031 1891 1219 1976 vinum
1248 1920 1303 1975 in
1329 1933 1458 1974 vase
1485 1916 1807 1986 susciperet,
1837 1891 1886 1952 Β

230 2013 309 2070 illi
340 2014 521 2070 subito
546 2014 615 2070 de
657 2012 858 2070 abditis
890 2020 1263 2083 exsurgentes,
1291 2017 1481 2081 guttur
1501 2005 1809 2064 innocentis

232 2102 520 2169 invadunt,
555 2114 611 2159 et
638 2104 897 2161 continuo
932 2102 1221 2169 suﬂ‘ocant,
1243 2107 1684 2171 susceptumque,
1715 2096 1811 2153 do-

229 2194 380 2251 mina
438 2194 684 2265 jubente,
732 2194 878 2250 inter
923 2209 1117 2250 manus
1167 2194 1236 2250 ad
1282 2192 1481 2249 lectum
1528 2189 1808 2255 ‘deferuut,

227 2296 652 2358 coopertumque
667 2286 902 2359 propriis
913 2286 1255 2345 vestimentis
1266 2285 1427 2357 quasi
1445 2283 1811 2340 dormientem

225 2390 583 2452 componunt.

300 2472 512 2528 Interea
559 2472 644 2528 vir
679 2473 900 2529 domum
952 2471 1280 2543 regreditur,
1322 2468 1449 2534 ﬁlia,
1500 2465 1811 2535 familiaque

228 2566 297 2622 ad
338 2566 528 2622 horam
556 2567 1152 2638 prandiirevertuntur.
1186 2562 1516 2634 Praeparatis
1535 2561 1806 2622 omnibus.

228 2665 409 2712 mater
442 2657 566 2712 filiae
594 2658 853 2728 praecepit
893 2657 1151 2712 utvirum
1208 2671 1365 2712 suum
1413 2655 1636 2710 excitet.
1678 2653 1811 2721 Quae

227 2748 428 2804 festina
481 2749 551 2805 ad
594 2748 790 2805 lectum
814 2749 1053 2820 jacentis
1090 2749 1379 2813 accedens,
1400 2756 1458 2802 et
1483 2746 1810 2805 exstinctum

227 2840 514 2898 inveniens
552 2842 841 2898 exclamat.
881 2841 1151 2899 Commoti
1198 2841 1265 2897 ad
1317 2856 1505 2897 vocem
1556 2839 1812 2895 clamoris

226 2947 422 2990 omnes
463 2934 668 3005 pariter
712 2935 955 2999 irruunt,
1010 2934 1417 3005 postpositoque
1474 2932 1705 3003 prandio
1743 2931 1812 2987 ad

230 3024 444 3081 funeris
511 3026 799 3098 exsequias
853 3036 1268 3082 convertuntur.
1328 3024 1499 3081 Fama
1560 3026 1811 3096 protinus

228 3124 401 3172 totam
419 3117 650 3189 complet
668 3118 939 3190 regionem
952 3118 1266 3186 Albuinum,
1284 3116 1444 3189 paulo
1457 3126 1584 3173 ante
1594 3132 1810 3184 sanum,

1909 638 2033 695 data
2062 638 2328 694 sententia
2348 637 2471 707 igne
2491 629 3217 702 cremandamadjudicavit.
3251 628 3370 696 Quo
3393 627 3483 683 ille

1903 730 2109 804 judicio
2136 730 2340 797 audito,
2397 729 2782 801 instigantibus
2808 725 2973 782 etiam
2997 722 3239 779 defuncti
3266 721 3481 787 amicis,

1908 822 2134 893 implere
2156 822 2338 876 statim
2372 819 2829 890 quodjudicatum
2856 817 3063 883 fuerat,
3093 814 3409 872 maturavit.

1978 917 2225 985 Cumque
2245 914 2445 969 misera
2475 914 2765 970 duceretur
2787 914 2855 968 ad
2868 910 3211 984 supplicium,
3230 908 3487 980 impetrat

1907 1017 1970 1065 ut
1994 1009 2060 1064 ad
2083 1008 2266 1063 Beata:
2313 1006 2408 1063 Dei
2442 1006 2735 1062 Genitricis
2759 1004 3064 1073 ecclesiam,
3080 1003 3237 1075 juxta
3264 1003 3485 1059 domum

1908 1100 2288 1171 episcopalem,
2335 1113 2486 1153 mora
2537 1097 2642 1153 sibi
2693 1096 3087 1180 concederetur
3121 1095 3333 1152 orandi».
3367 1094 3486 1163 Quo
3495 1124 3507 1229 i

1908 1192 2232 1229 nan-uanian
2287 1192 2339 1229 in
2383 1197 2674 1229 nnnnmoln
2726 1188 2941 1229 plpl-ipf
2968 1188 3146 1229 mmlli
3207 1188 3489 1229 humilihu-

1907 1192 2234 1266 perveniens
2286 1192 2340 1247 in
2383 1197 2674 1261 conspectu
2726 1188 2861 1244 cieri
2887 1196 2943 1243 et
2968 1188 3171 1259 populi,
3207 1188 3489 1245 humiliter

1908 1298 2155 1355 puraque
2193 1281 2538 1339 confessione
2587 1280 2754 1336 totius
2809 1287 3038 1351 patrata
3066 1277 3374 1349 iniquitatis
3395 1293 3488 1335 se-

1908 1374 2046 1433 riem
2103 1375 2407 1447 peroravit,
2436 1375 2728 1445 pluresque
2755 1374 2822 1429 ad
2852 1372 3285 1443 compassioneni
3310 1370 3492 1442 ιπη-

1908 1483 2231 1540 marumque
2254 1467 2571 1525 eﬂ‘usionem
2599 1466 2827 1522 inﬂexit.
2867 1465 2998 1522 inde
3031 1464 3344 1536 pavimento
3365 1476 3494 1533 pro-

1909 1569 2100 1625 strata,
2154 1576 2277 1617 cum
2334 1560 2507 1617 multo
2554 1559 2684 1617 ﬂetu
2738 1574 2932 1630 corpus
2970 1567 3027 1614 et
3066 1558 3305 1613 animam
3336 1572 3493 1613 suam

1909 1661 2114 1709 sanctae
2146 1652 2330 1708 Maria:
2358 1651 2799 1717 commendavit;
2856 1658 3089 1721 postque
3124 1663 3373 1721 surgens,
3404 1646 3492 1702 fa-

1910 1745 2160 1815 ciemque
2178 1754 2235 1801 et
2265 1754 2437 1800 totum
2465 1758 2667 1815 corpus
2687 1743 2842 1813 signo
2857 1741 3040 1798 crucis
3066 1740 3318 1797 muniens
3338 1753 3493 1811 egre-

1912 1838 2060 1894 ditur
2100 1848 2155 1893 et
2194 1839 2263 1893 ad
2315 1837 2492 1893 locum
2548 1835 2797 1907 supplicii
2841 1834 3074 1890 ducitur.
3120 1832 3198 1888 lbi
3239 1832 3495 1888 omnibus

1911 1930 2253 1987 vestimentis
2278 1938 2476 2001 praeter
2496 1928 2715 1995 lineam,
2738 1942 2841 1997 qua
2856 1927 2969 1983 sola
2997 1924 3242 1997 corporis
3268 1924 3493 1980 nuditas

1912 2022 2218 2093 tegebatur,
2261 2021 2512 2085 exuitur;
2569 2020 2807 2082 domum,
2841 2017 2894 2072 in
2922 2032 3029 2088 qua
3066 2014 3299 2073 cremari
3330 2013 3496 2070 debe-

1910 2109 2094 2176 batur,
2150 2109 2535 2164 introducitur.
2577 2107 2730 2162 Tunc
2762 2121 2860 2175 per
2880 2118 3037 2161 suras
3073 2104 3305 2160 nexibus
3335 2103 3494 2158 invo-

1910 2200 2058 2269 lutis,
2086 2201 2401 2270 strictisque
2447 2200 2697 2255 manibus
2726 2207 2851 2270 post
2878 2207 3110 2270 tergum,
3138 2197 3206 2251 ad
3230 2196 3494 2266 stipitem,

1913 2294 2004 2364 qui
2050 2293 2105 2347 in
2151 2293 2333 2349 medio
2360 2291 2569 2362 positus
2609 2299 2750 2358 erat,
2791 2298 2846 2346 et
2866 2291 2954 2346 cui
2986 2298 3098 2345 tota
3130 2290 3323 2345 domus
3351 2277 3495 2344 illius

1912 2385 2122 2441 fabrica
2153 2384 2502 2451 innitebatur,
2532 2384 2685 2439 duris
2728 2383 2944 2440 fortiter
2968 2382 3200 2439 vinculis
3230 2383 3492 2446 nectitur,

1913 2475 2430 2547 circumpositisque
2458 2474 2618 2546 lignis
2654 2474 2956 2544 et‘stipula,
2998 2482 3108 2530 tota
3132 2473 3323 2529 domus
3354 2473 3497 2527 inte-

1912 2566 2030 2623 rius
2042 2565 2577 2638 repletur.Postbaec
2606 2565 2792 2622 clauso
2812 2566 2953 2621 ostio
2982 2565 3124 2636 ignis
3149 2564 3493 2634 supponitur,

1912 2674 2017 2715 nec
2071 2674 2224 2715 mora
2268 2658 2613 2713 ﬂammarum
2660 2655 2802 2728 globi
2856 2656 2922 2711 ad
2973 2654 3255 2725 superiora
3291 2652 3496 2725 produ-

1912 2760 2130 2809 cuntur.

1950 2862 1955 2863 ν
1984 2842 2195 2898 Interea
2225 2840 2441 2896 ﬂamma
2468 2838 2765 2897 crudeliter
2788 2836 2973 2893 omnia
3019 2837 3359 2901 devastante,
3386 2841 3501 2891 tota

1915 2936 2123 2992 fabrica
2146 2935 2201 2991 in
2229 2933 2470 2990 favillam
2493 2932 2779 3004 redigitur,
2809 2930 2900 2986 illa
2923 2938 3105 2986 tamen
3130 2929 3273 2987 inter
3294 2942 3501 2998 prunas

1915 3044 2049 3085 sana
2098 3037 2157 3085 et
2211 3026 2510 3083 immobilis
2562 3034 2711 3081 stare
2763 3022 3290 3080 videtunFurentes
3313 3029 3501 3077 autem

1916 3120 2121 3179 inimici
2154 3120 2222 3177 ad
2251 3134 2410 3190 sepes
2460 3119 2698 3189 undique
2733 3126 2791 3174 et
2819 3117 3498 3187 circumquaqne'currem

229 3209 285 3265 in
316 3210 459 3267 lecto
484 3207 582 3267 suo
604 3220 880 3266 mortuum
929 3225 1051 3266 esse
1084 3210 1388 3267 inventum.
1425 3209 1559 3264 Erat
1588 3224 1654 3265 eo
1676 3217 1813 3265 temo
1839 3234 1887 3300 ο
1919 3222 2021 3281 tes,
2046 3221 2103 3269 et
2126 3211 2388 3284 quidquid
2415 3210 2485 3267 ad
2514 3225 2708 3266 manus
2734 3210 2938 3266 habere
2983 3215 3238 3278 poterant
3259 3206 3506 3283 deferen-

228 3318 365 3373 pore
390 3302 636 3358 Lauduni
660 3304 881 3374 quidam
909 3302 1302 3369 vicedominus,
1326 3301 1557 3358 libertus
1571 3300 1810 3367 nomine,

231 3392 319 3449 vir
342 3395 580 3466 sapiens,
622 3406 677 3451 et
703 3395 953 3466 profundi
1005 3395 1227 3466 ingenii,
1258 3395 1352 3452 sed
1375 3394 1495 3466 plus
1512 3393 1660 3463 justo
1685 3410 1816 3451 cru-

230 3486 391 3542 delis.
453 3486 553 3543 Hic
597 3487 688 3542 ubi
740 3486 1048 3556 hujusmodi
1095 3486 1299 3542 famam
1350 3487 1589 3554 audiuit,
1626 3486 1816 3545 mirari

230 3574 433 3645 primo,
456 3575 656 3631 deinde
678 3576 987 3647 suspicione
1015 3576 1252 3647 quadam
1283 3577 1449 3647 etrapit
1477 3577 1662 3635 animo
1686 3592 1817 3649 per-

233 3666 465 3721 moveri.
520 3666 587 3721 Et
626 3666 717 3722 illo
770 3668 989 3737 quidem
1026 3668 1113 3723 die
1134 3666 1416 3734 sustinuit,
1446 3682 1608 3723 mane
1632 3677 1815 3726 autem

232 3755 381 3813 facto
403 3759 934 3829 subsequentis‘diei,
960 3759 1189 3816 festinus
1212 3769 1504 3831 antequam
1530 3760 1818 3818 defunctus

232 3849 303 3903 ad
338 3849 601 3903 tumulum
655 3850 981 3917 deferretur,
1024 3866 1149 3908 cum
1191 3851 1304 3907 suis
1338 3852 1405 3906 ad
1434 3851 1611 3908 locum
1641 3852 1815 3923 venit,

231 3950 291 3997 ct
321 3941 474 4011 quasi
520 3943 738 3998 nescius
762 3959 827 3998 ex
860 3944 1131 3999 industria
1160 3944 1435 4011 quomodo
1476 3944 1815 4017 contigisset,

233 4030 530 4102 diligenter
581 4032 911 4105 investigare
956 4033 1141 4105 coepit.
1183 4034 1428 4104 Cumque
1450 4033 1651 4090 nullius
1677 4035 1820 4090 rela-

233 4123 385 4179 tione
438 4125 620 4179 animo
661 4139 759 4180 suo
790 4124 1101 4189 satisﬂeret,
1128 4124 1270 4179 ultra
1306 4124 1672 4196 inquisitionis
1712 4127 1817 4182 im-

231 4217 470 4287 patiens,
500 4216 566 4271 ad
596 4216 855 4273 feretrum
890 4218 1144 4284 accessit,
1176 4217 1516 4288 diruptisque
1534 4218 1816 4287 violenter,

235 4308 439 4379 quibus
466 4323 663 4380 corpus
697 4320 1005 4365 conlectum
1065 4310 1264 4379 fuerat,
1294 4314 1511 4384 pannis,
1545 4329 1646 4370 nec
1668 4330 1819 4370 mora

234 4400 614 4458 sufi‘ocationis
631 4412 782 4458 certa
802 4403 999 4458 indicia
1032 4405 1253 4472 reperit.

313 4493 514 4549 Statim
543 4502 604 4550 ut
649 4493 1033 4549 fremebundus
1082 4493 1168 4549 leo
1214 4495 1269 4549 in
1307 4495 1566 4551 ultionem
1601 4495 1822 4553 sceleris

1872 3324 1875 3331 ‘
1914 3312 2020 3371 tes,
2050 3304 2186 3361 satis
2208 3304 2395 3375 priore
2412 3302 2673 3373 majorem
2703 3302 2970 3373 lignorum
3000 3309 3056 3357 et
3080 3299 3294 3371 stipula:
3313 3315 3505 3355 cumu-

1914 3394 2026 3450 lum
2056 3408 2220 3465 super
2245 3408 2367 3450 eam
2382 3399 2708 3463 congerunt.
2726 3390 2962 3453 Rursum
2993 3390 3265 3463 copiosior
3287 3388 3505 3445 ﬂamma

1916 3486 2285 3553 succenditur,
2343 3483 2790 3553 consumptisque
2846 3482 3101 3543 celeriter
3128 3481 3289 3551 lignis
3315 3490 3371 3537 et
3398 3480 3502 3537 sti-

1914 3576 2061 3649 pula,
2082 3574 2437 3633 nihilominus
2462 3572 2552 3628 illa
2583 3587 2720 3629 sana
2746 3580 2803 3630 et
2830 3571 3120 3635 incolumis
3141 3570 3499 3640 conspicitur.

1917 3668 2181 3738 Quodque
2210 3666 2535 3727 miraculum
2552 3664 2734 3737 magis
2763 3665 3178 3737 augmentabat,
3220 3662 3381 3733 ignis,
3409 3661 3504 3733 qui

1917 3767 2109 3818 contra
2131 3773 2251 3816 eam
2277 3757 2481 3815 nullam
2504 3759 2615 3813 vim
2651 3757 2864 3825 habuit,
2892 3756 3132 3823 vincula,
3169 3755 3369 3826 quibus
3391 3753 3506 3809 col-

1917 3854 2081 3925 ligata
2108 3853 2307 3920 fuerat,
2330 3853 2687 3923 consumpsit.
2711 3851 2955 3922 Cumque
2983 3860 3041 3910 et
3070 3852 3231 3908 tertio
3263 3851 3507 3906 furentes

1918 3944 2115 4000 iterum
2162 3942 2407 3999 flammas
2455 3951 2789 3999 conarentur
2839 3957 3130 4012 apponere,
3193 3942 3508 4012 lapidesque

1918 4041 2113 4091 contra
2161 4048 2283 4089 eam
2342 4032 2969 4103 vehementerjacerent,
3003 4042 3132 4088 tunc
3160 4032 3249 4087 illa
3278 4033 3507 4087 misera-

1919 4128 2106 4184 biliter
2148 4128 2525 4187 exclamans:
2571 4128 2819 4195 Parcite,
2873 4142 3080 4198 quaeso,
3130 4127 3328 4198 inquit,
3373 4125 3507 4180 mihi

1920 4220 2175 4291 parcite:
2212 4218 2405 4277 Nonne
2436 4219 2634 4276 videtis
2684 4219 2826 4290 quod
2866 4219 3108 4288 piissima
3165 4226 3354 4273 sancta
3410 4216 3508 4272 Dei

1921 4311 2191 4375 Genitrix,
2207 4312 2291 4366 cui
2319 4325 2517 4380 corpus
2536 4324 2714 4366 meum
2730 4308 2893 4365 hodie
2917 4307 3313 4372 commendavi,
3340 4308 3506 4361 mise-

1922 4403 2211 4460 ricorditer
2246 4416 2331 4458 me
2378 4401 2618 4471 adjuvat.
2657 4398 2755 4461 llis
2783 4398 2983 4454 auditis
3011 4398 3088 4453 illi
3131 4396 3507 4452 misericordia

1922 4494 2180 4552 commoti
2203 4493 2349 4550 illam
2375 4492 2609 4564 aﬂligere
2630 4491 2937 4549 desistunt:
2969 4491 3087 4562 ipse
3116 4505 3332 4561 quoque
3360 4478 3537 4544 vice?

237 4585 494 4653 saeviens,
519 4588 847 4643 virum‘cum
868 4597 1122 4666 uxore.et
1150 4587 1256 4642 filia
1295 4589 1430 4644 diris
1456 4590 1683 4645 innexos
1703 4590 1825 4645 vin-
1856 4595 1901 4652 D
1927 4589 2180 4646 dominus
2235 4601 2355 4641 eam
2381 4585 2566 4641 statim
2617 4584 2966 4651 commonuit,
3007 4593 3067 4639 ut
3092 4585 3158 4640 de
3195 4585 3318 4655 igne
3347 4598 3504 4655 egre-

235 4677 380 4734 culis
432 4678 750 4733 Laudunum
798 4680 866 4733 ad
928 4679 1188 4749 supplicia
1252 4680 1524 4737 trahebat.
1579 4680 1823 4752 Cumque

235 4771 451 4827 crudeli
476 4773 768 4829 vexatione
801 4774 1171 4839 traherentur,
1198 4781 1325 4829 tunc
1339 4774 1426 4828 illa
1445 4773 1818 4842 :lnnocentes,

240 4864 440 4933 inquit,
470 4864 667 4935 injuste
701 4864 1028 4935 opprimere,
1095 4865 1338 4936 tantique
1364 4865 1588 4922 sceleris
1609 4867 1825 4923 nescios

241 4958 423 5025 poenis
467 4973 530 5013 ac
553 4958 832 5028 suppliciis
854 4959 1021 5015 nolite
1046 4975 1267 5016 vexare.
1302 4961 1416 5031 Ego
1445 4959 1606 5029 hujus
1635 4961 1824 5017 crimi-

243 5053 335 5105 nis
363 5051 604 5117 conscia,
638 5066 737 5122 ego
762 5053 865 5107 viri
893 5052 1254 5121 interfectrix,
1288 5062 1342 5108 et
1367 5051 1481 5110 sola
1503 5069 1614 5108 rea.
1640 5053 1697 5109 ln
1739 5068 1827 5110 me

241 5140 486 5196 omnium
523 5144 761 5213 pondera
826 5153 1246 5209 tormentorum,
1302 5145 1355 5199 in
1380 5159 1465 5199 me
1492 5146 1661 5200 totius
1690 5144 1825 5201 ultio

243 5235 529 5306 sanguinis
564 5246 942 5303 convertatur;
993 5237 1083 5292 isti
1124 5237 1272 5293 velut
1306 5236 1664 5307 inculpabiles
1683 5236 1825 5293 rela-

224 5336 470 5382 xentur.
512 5326 629 5395 Quo
680 5328 771 5383 ille
811 5330 1021 5396 audito,
1073 5329 1315 5385 dimissis
1353 5328 1482 5395 illis,
1513 5329 1751 5394 noxiam,
1775 5336 1830 5384 et

243 5422 345 5475 Ore
374 5420 598 5490 proprio
617 5421 945 5486 confessam,
972 5422 1071 5476 sub
1093 5430 1243 5476 arcta
1278 5420 1524 5475 custodia
1551 5418 1829 5490 mancipa-

218 5508 359 5568 tam
401 5513 658 5584 episcopo
678 5513 1046 5583 praesentavit.
1079 5512 1340 5583 Cumque,
1373 5513 1521 5568 clero
1545 5521 1601 5567 et
1630 5511 1828 5581 populo

240 5616 533 5679 praesente,
584 5607 785 5664 diversi
833 5608 1075 5663 diversas
1128 5616 1439 5677 promerent
1499 5605 1821 5671 sententias,

216 5708 391 5757 unus
439 5700 583 5756 inter
624 5700 851 5757 clericos
893 5700 1101 5755 exstitit
1128 5700 1218 5769 qui
1252 5700 1548 5755 vocabatur
1573 5699 1830 5770 magister

245 5793 566 5861 Quintilius,
634 5792 771 5846 bene
817 5792 1031 5860 quidem
1063 5791 1257 5846 litteris
1300 5793 1567 5859 eruditus,
1604 5794 1697 5850 sed
1721 5808 1828 5849 non

244 5887 389 5945 bene
414 5891 480 5942 de
509 5885 625 5957 lege
665 5884 847 5941 divina
876 5882 1182 5940 medullitus
1220 5886 1533 5953 instructus,
1567 5904 1662 5943 nec
1687 5889 1826 5943 intee

1928 4678 2169 4735 deretur.
2226 4676 2512 4747 Egressam
2572 4688 2761 4741 omnes
2789 4673 3149 4740 circumdant,
3176 4684 3231 4730 et
3254 4682 3361 4729 tam
3386 4688 3508 4729 cor-

1928 4790 2059 4847 pore
2113 4788 2275 4844 quam
2306 4771 2520 4843 capillis
2554 4786 2619 4828 ac
2644 4779 2793 4827 veste
2826 4767 3303 4841 prorsus-illaesam
3331 4766 3503 4819 admi-

1925 4875 2137 4935 rantur,
2185 4865 2371 4937 sicque
2412 4879 2535 4927 cum
2583 4862 2779 4935 gaudio
2805 4862 3017 4919 Sancta:
3044 4859 3227 4915 Maria:
3257 4866 3509 4928 repetunt

1926 4958 2234 5024 ecclesiam,
2293 4969 2523 5026 eamque
2558 4954 2697 5022 Deo,
2751 4962 2808 5009 et
2844 4952 2947 5024 piae
2973 4950 3132 5007 Matri
3161 4950 3277 5020 ejus
3304 4946 3507 5019 gratias

1928 5050 2232 5109 referentes
2255 5063 2429 5119 usque
2448 5047 2517 5103 ad
2543 5045 2715 5115 majus
2744 5045 2913 5101 altare
2943 5044 3235 5100 deducunt.
3258 5038 3410 5107 Quot
3434 5037 3507 5092 ibi

1929 5143 2182 5215 lacrymae
2228 5157 2339 5201 orre
2365 5141 2532 5196 nimia
2564 5138 2724 5210 557
2765 5135 3124 5193 exsultatione
3142 5134 3211 5187 ab
3238 5129 3506 5186 universis

1927 5235 2113 5292 effusae
2166 5233 2388 5299 fuerint,
2445 5240 2685 5302 quotque
2716 5228 2903 5282 laudes
2947 5227 3048 5295 piae
3077 5223 3320 5279 Dominae
3345 5218 3507 5275 matri

1930 5329 2231 5384 decantata:
2261 5323 2441 5378 nullus
2468 5320 2627 5376 facile
2656 5318 2799 5373 valet
2829 5315 3057 5371 referre.
3422 5304 3425 5311 ’

2004 5420 2133 5476 Post
2164 5418 2279 5473 haec
2307 5414 2677 5471 vreedominus
2704 5409 2982 5465 mulierem
3009 5409 3075 5462 ad
3106 5408 3324 5461 domum
3353 5416 3508 5457 suam

1930 5512 2102 5573 ducit,
2134 5511 2368 5577 ciboque
2395 5522 2459 5562 ae
2487 5515 2616 5576 potu
2651 5504 2869 5574 copiose
2896 5498 3111 5568 refecit,
3139 5513 3301 5554 orans
3324 5506 3381 5551 ut
3403 5495 3509 5552 sibi

1933 5601 2228 5672 indulgeat,
2272 5597 2419 5667 quod
2465 5596 2520 5650 in
2567 5610 2687 5651 eam
2732 5591 3023 5648 crudeliter
3066 5588 3330 5645 saevierat.
3380 5586 3510 5642 lude

1933 5697 2129 5753 mulier
2157 5694 2431 5759 Civiacum
2464 5690 2531 5746 ad
2561 5688 2833 5760 pr0priam
2870 5685 3085 5739 domum
3118 5697 3357 5748 reversa,
3388 5687 3510 5750 ptst

1935 5788 2198 5851 triduum,
2222 5784 2365 5837 sicut
2390 5780 2681 5844 credimus,
2715 5779 2891 5832 divina
2918 5775 3283 5831 misericordia
3318 5780 3509 5826 vocata

1932 5883 2181 5958 spiritum
2209 5870 2460 5939 reddidit,
2490 5879 2545 5926 ει
2570 5870 2633 5926 de
2658 5868 2842 5926 labore
2883 5868 2947 5923 ad
2989 5866 3227 5941 requiem
3256 5874 3509 5917 transui:-
