4018 6324
515 430 651 486 1011

1365 419 1655 475 ΛΡΡΕΝΙ).
1692 419 1782 474 AD
1809 418 1936 472 LIB.
1972 416 2037 470 III
2059 412 2385 471 GUIBERTI
2411 410 2499 466 DE
2525 410 2684 466 VITA
2708 409 2866 466 SUA.

3631 404 3753 462 1012

508 544 724 616 gravit,
758 540 989 596 forsitan
1042 554 1060 589 t
1114 536 1194 592 Ne
1243 535 1453 592 malitia
1498 547 1732 592 mutaret
1771 534 2104 590 intellectum
2131 531 2347 600 Aditus
2387 539 2490 595 est,
2533 543 2653 583 eum
2698 526 2820 580 aliis
2861 523 3196 590 custodibus,
3244 522 3504 593 quoniam
3557 522 3756 592 antiqua

510 636 689 703 illius,
737 642 834 690 aut
875 649 946 690 ne
982 631 1132 688 ﬁctio
1183 630 1458 701 deciperet
1499 631 1738 684 animum
1784 627 1898 697 ejus
1943 626 2091 697 (Sap.

509 743 588 794 Iv,
613 727 724 798 ll).
773 746 792 779 ι
841 723 942 782 Cui
977 731 1186 780 tantam
1220 722 1650 779 misericordiam
1694 721 1944 792 precibus
1986 734 2096 775 suae

509 816 704 873 Matris
727 816 1058 887 priestiterat
1077 814 1424 886 omnipotens
1443 814 1606 881 Deus,
1625 821 1889 883 quatenus
1911 826 2097 867 omnes

509 909 608 981 qui
639 909 744 964 hoc
771 908 1044 975 audirent,
1070 907 1318 963 dicerent
1341 915 1465 977 post
1490 921 1676 962 veram
1702 903 2096 960 confessionem

513 1001 573 1057 in
627 1001 827 1058 auxilio
879 1009 1082 1058 sanctae
1131 1000 1317 1056 Maria:
1364 1014 1512 1070 spem
1561 1013 1718 1054 suam
1763 996 2098 1053 conﬁdenter

512 1107 751 1164 ponere;
780 1101 837 1149 et
859 1093 926 1150 de
951 1092 1326 1149 misericordia
1348 1090 1465 1160 ejus
1490 1104 1764 1159 nunquam
1790 1089 2097 1158 desperare.

513 1185 631 1242 Hoc
667 1186 996 1243 miraculum
1027 1195 1276 1256 tempore
1329 1184 1512 1240 domui
1545 1182 1829 1238 Helinandi
1863 1181 2100 1252 episcopi

515 1285 729 1348 gestum
763 1278 1013 1335 Lauduni
1038 1293 1149 1334 non
1190 1293 1353 1342 unus,
1390 1285 1482 1331 aut
1507 1277 1645 1341 duo,
1678 1275 1764 1330 vel
1806 1282 1914 1330 tres
1955 1274 2104 1330 vide-

516 1379 682 1436 runt,
709 1371 806 1426 sed
840 1378 951 1427 tota
987 1384 1126 1441 pene
1155 1368 1526 1424 Laudunensis
1563 1368 1756 1423 civitas
1801 1365 2099 1438 conspexit.

573 1461 895 1519 Helinando
923 1462 1176 1532 episcopo
1207 1459 1472 1516 successit
1512 1459 1889 1532 lngelrannus,
1927 1456 2102 1529 lnge]-

519 1569 694 1608 ranno
733 1553 1056 1608 Gualdricus
1083 1591 1099 1619 ,
1138 1554 1231 1622 qui
1275 1552 1568 1608 creduliter
1611 1551 1716 1606 fuit
1760 1550 2102 1617 interfectus,
2147 1587 2150 1590 ι

520 1645 812 1701 Gualdrico
852 1645 1029 1715 Hugo,
1075 1643 1286 1716 Hugoni
1336 1643 1795 1710 Bartholomaaus,
1849 1644 1903 1697 in
1953 1641 2106 1711 cujus

519 1737 711 1792 diebus
730 1736 1018 1803 miracula,
1040 1751 1160 1807 quae
1183 1736 1432 1806 superius
1456 1736 1727 1804 descripta
1746 1742 1890 1800 sunt,
1916 1743 2106 1789 sancta

518 1827 693 1884 Maria
729 1845 824 1899 per
853 1829 1140 1884 Franciam
1183 1837 1238 1883 et
1275 1828 1522 1899 Angliam
1567 1836 1789 1898 operata
1829 1834 1929 1882 est.
1970 1824 2106 1892 Quia

519 1935 652 1976 vero
687 1921 914 1976 relatum
973 1931 1056 1977 est
1094 1921 1414 1976 miraculum
1458 1921 1602 1991 quod
1641 1929 1880 1990 tempore
1922 1919 2106 1974 domui

520 2014 812 2072 Ilelinandi
856 2026 1043 2072 sancta
1085 2017 1254 2072 Maria
1285 2018 1712 2073 misericorditer
1740 2016 1868 2071 fecit
1899 2015 1952 2070 in
1985 2031 2107 2070 mu-

521 2104 691 2168 liere,
726 2121 845 2175 qua:
893 2106 1214 2177 suppliciter
1254 2123 1376 2162 eam
1427 2107 1719 2173 invocavit,
1758 2121 1902 2162 nunc
1941 2105 2109 2159 etiam

521 2195 796 2251 referatur
834 2197 1102 2253 mirabilis
1139 2199 1407 2265 vindicta,
1441 2213 1603 2268 quam
1656 2195 1902 2252 exercuit
1948 2208 2110 2265 super

524 2291 813 2359 qttemdam
865 2290 1078 2357 furem,
1126 2291 1216 2361 qui
1261 2308 1486 2347 manum
1533 2291 1599 2346 ad
1628 2290 1746 2361 ejus
1797 2292 2111 2348 thesaurum
2160 2358 2167 2365 _

527 2382 826 2437 extendere
861 2385 1227 2454 praesumpsit.

787 2471 915 2528 CAP.
960 2473 1196 2528 XXVIII.
1225 2506 1288 2518 -—
1317 2476 1396 2530 De
1433 2476 1575 2545 furto
1596 2476 1849 2531 Anselmi.

600 2565 866 2621 Praefatus
910 2567 1140 2623 domnus
1180 2569 1610 2626 Bartholommus
1657 2570 1963 2640 cpiscopus,
2005 2582 2113 2623 non

528 2657 701 2712 multo
749 2667 871 2729 post
920 2663 1383 2717 consecrationem
1429 2678 1582 2717 suam
1622 2663 1758 2716 vidit
1809 2662 1862 2715 in
1912 2661 2116 2716 somnis

529 2751 674 2818 quod
696 2757 868 2804 staret
889 2766 1050 2820 super
1068 2751 1331 2821 pulpitum
1357 2752 1410 2804 in
1429 2752 1624 2822 majori
1652 2750 1879 2806 ecclesia
1901 2748 2116 2804 Sanctae

530 2839 716 2896 Mariae
745 2857 868 2897 cum
901 2843 1218 2912 quibusdam
1247 2844 1461 2899 clericis
1501 2844 1614 2898 suis
1637 2885 1650 2907 ,
1681 2857 1945 2911 versaque
1980 2840 2118 2896 facie

529 2932 601 2986 ad
645 2931 848 3001 januas
890 2934 1187 3004 aspiciebat
1228 2934 1280 2988 in
1313 2935 1490 2990 medio
1540 2933 1804 3001 ecclesiae,
1849 2933 2004 3002 quasi
2051 2947 2118 2986 ex

531 3024 766 3093 quodam
804 3033 964 3080 terra:
996 3025 1146 3080 hiatu
1184 3025 1365 3081 lumen
1397 3023 1897 3094 splendidissimum
1925 3036 2119 3093 proce—

531 3117 693 3184 dere,
725 3125 1004 3191 totamque
1058 3119 1366 3186 ecclesiam,
1401 3121 1526 3190 quia
1565 3135 1674 3174 nox
1710 3127 1850 3185 erat,
1893 3117 2119 3172 mirabi-

532 3207 662 3282 liter;
684 3209 970 3267 irradtare.
1003 3210 1133 3266 Post
1167 3211 1351 3266 lumen
1386 3213 1554 3266 etiam
1588 3209 2020 3280 subsequebatur
2048 3223 2118 3263 ex

2200 623 2535 680 consuetudo
2571 630 2654 676 est
2689 620 2930 692 ejusdem
2959 618 3203 676 ecclesiae
3241 626 3303 673 ut
3341 625 3554 688 septem
3595 628 3756 674 custo-

2199 718 2357 773 dibus
2384 717 2500 785 ipsc
2527 717 2813 771 thesaurus
2849 713 3252 780 committatur,
3282 727 3518 782 quorum
3551 719 3758 780 quatuor

2201 809 2408 875 clerici,
2435 819 2547 864 tres
2567 823 2698 864 vero
2723 816 2850 862 sunt
2874 806 3017 862 laici.
3049 803 3254 860 Videas
3281 803 3466 874 itaque
3494 801 3758 858 Anselmus

2201 900 2430 956 multum
2460 899 2562 954 sibi
2595 898 2661 953 ab
2689 897 2940 953 omnibus
2972 895 3122 953 credi
3153 909 3222 951 ex
3262 908 3396 950 auro
3425 902 3483 948 et
3516 891 3761 962 lapidibus

2202 991 2488 1064 pretiosis,
2534 990 2729 1060 quibus
2765 1004 2955 1046 cruces
2993 988 3144 1046 festis
3182 987 3371 1042 diebus
3409 997 3573 1056 super
3617 982 3762 1038 altare

2203 1089 2464 1162 ponendae
2485 1087 2700 1142 fuerant
2721 1092 2942 1155 opertae,
2965 1097 3072 1138 non
3091 1081 3344 1150 exiguam
3368 1085 3580 1146 partem
3601 1073 3762 1156 ﬁtrtiiu

2206 1182 2520 1251 discerpens
2556 1177 2766 1235 auriﬁci
2807 1177 3024 1232 cuidam
3052 1171 3321 1230 vendendi
3347 1183 3514 1226 causa
3542 1167 3764 1234 tradidit,

2205 1275 2356 1345 prius
2390 1273 2459 1329 ab
2502 1287 2567 1328 eo
2613 1277 2830 1341 accepta
2884 1268 3007 1324 ﬁdei
3055 1265 3348 1336 sponsione
3385 1260 3530 1332 quod
3567 1259 3691 1314 nulli
3719 1274 3770 1315 se

2208 1363 2370 1434 hujus
2399 1363 2478 1418 rei
2507 1361 2675 1418 fuisse
2697 1369 2976 1416 auctorem
3007 1355 3338 1427 propalaret.
3368 1351 3479 1406 Sed
3503 1349 3769 1405 cumidem

2211 1455 2424 1512 aurifex
2452 1469 2645 1509 aurum
2667 1452 2797 1508 illud
2821 1451 2936 1506 sive
2957 1448 3162 1520 lapides
3184 1442 3500 1501 Sucssionis
3513 1442 3770 1503 venderet,

2210 1559 2345 1606 nutu
2373 1549 2472 1604 Dei
2500 1546 2750 1604 canonici
2785 1545 3172 1600 Laudunenses
3197 1535 3649 1609 supervenientes
3671 1532 3773 1586 auri

2211 1643 2515 1713 sculpturas
2569 1644 2999 1711 recognoverunt
3023 1675 3037 1702 ,
3095 1642 3152 1690 et
3209 1630 3395 1687 statim
3458 1624 3772 1698 querimonia

2209 1734 2355 1790 facta
2387 1732 2670 1804 praefatum
2705 1729 2984 1784 auriﬁcem
3019 1741 3051 1780 a
3081 1723 3267 1793 judice
3301 1715 3682 1789 comprehendi
3709 1714 3772 1770 fe-

2213 1834 2425 1882 cerunt.
2471 1823 2564 1878 Ille
2617 1821 3063 1892 comprehensus,
3113 1825 3278 1884 atque
3323 1808 3670 1883 perterritus,
3719 1806 3773 1859 ab

2136 1944 2184 2005 Β
2213 1917 2471 1973 Ansclmo
2510 1914 2614 1971 sibi
2659 1929 2721 1969 ea
2765 1908 3178 1967 tradita‘fuisse
3203 1904 3489 1962 confessus
3515 1909 3617 1956 est.
3645 1897 3774 1952 Unde

2215 2010 2534 2065 Laudunum
2571 2007 2844 2072 reductus,
2875 2013 2931 2060 et
2973 2011 3164 2058 contra
3205 1995 3523 2053 Auselmum
3561 1993 3671 2047 hate
3695 2005 3776 2044 ne-

2213 2109 2454 2173 gantem,
2479 2098 2645 2154 duelli
2671 2095 2972 2153 certamine
2996 2106 3340 2163 congressus,
3367 2085 3620 2158 protinus
3641 2097 3776 2152 supc-

2214 2202 2365 2250 ratus
2407 2201 2462 2248 et
2487 2192 2664 2248 victus
2690 2199 2790 2258 est,
2834 2187 3063 2244 forsitan
3108 2193 3169 2239 ut
3207 2181 3360 2237 multi
3391 2186 3668 2250 putarunt,
3695 2191 3773 2245 pro

2214 2285 2341 2342 ﬁdei
2368 2285 2580 2342 violatae
2622 2293 2777 2340 reatu
2809 2281 2944 2353 (60),
2988 2295 3092 2348 qua
3131 2275 3459 2348 promiserat
3485 2270 3655 2327 eidem
3686 2269 3775 2323 Ana

2214 2379 2385 2436 selmo
2420 2380 2565 2450 quod
2593 2393 2716 2434 eum
2745 2391 2852 2431 non
2877 2376 3171 2443 detegeret.

2286 2473 2393 2528 Pro
2414 2471 2518 2526 hac
2553 2483 2685 2538 ergo
2705 2466 2937 2521 victoria
2963 2461 3251 2518 Anselmus
3273 2456 3440 2513 nimis
3463 2453 3648 2520 elatus,
3675 2451 3774 2520 quia

2217 2567 2322 2622 sibi
2366 2563 2618 2622 conscius
2661 2569 2798 2624 erat,
2842 2567 2896 2614 et
2927 2573 2986 2614 se
3023 2556 3228 2610 furtum
3267 2551 3482 2611 fecisse,
3528 2554 3582 2602 et
3621 2553 3775 2600 tamen

2220 2657 2592 2715 adversarium
2622 2664 2930 2724 superasse,
2980 2647 3315 2714 multamque
3357 2639 3574 2695 laudem
3613 2635 3780 2690 abbo-

2219 2747 2477 2812 minihus,
2513 2744 2604 2815 qui
2636 2758 2697 2798 se
2736 2742 3080 2797 innocentem
3109 2748 3230 2790 esse
3259 2730 3587 2793 clamabant,
3623 2724 3777 2793 acquiv

2220 2845 2380 2912 sisse,
2409 2843 2476 2898 ad
2503 2841 2710 2912 majora
2735 2836 2982 2894 securius
3017 2831 3281 2904 patranda
3311 2833 3654 2900 provocatur,
3679 2819 3781 2890 plu-

2223 2934 2486 3004 rimisque
2539 2929 2702 2987 terris
2743 2943 2808 2983 ac
2844 2925 3019 2982 vineis
3067 2924 3288 2978 ditatur.
3335 2919 3577 2973 Domntts
3626 2923 3782 3004 tamen

2221 3017 2418 3090 Guido,
2451 3024 2543 3094 qui
2570 3019 2946 3077 Laudunensis
2979 3015 3225 3072 ecclesiae
3255 3007 3628 3068 thesaurarius
3649 2997 3784 3056 simul

2223 3126 2279 3174 et
2327 3115 2743 3171 archidiaconus
2792 3118 2940 3174 erat,
2988 3105 3294 3177 suspicione
3343 3099 3578 3170 quadam
3623 3103 3786 3149 contra

2224 3224 2347 3264 eum
2398 3206 2674 3278 pulsatus,
2707 3203 2817 3258 imo
2863 3201 3131 3255 furtorum
3179 3195 3297 3264 ejus
3340 3198 3554 3252 certus,
3587 3182 3791 3242 removit

533 3303 724 3357 eodem
762 3313 920 3359 terrae
948 3305 1124 3371 hiatu,
1154 3305 1303 3360 velut
1323 3305 1458 3360 odor
1483 3303 1710 3360 balsami
1742 3301 2116 3368 suavissimus,
2146 3311 2194 3374 α
2225 3315 2348 3356 eum
2368 3275 2438 3354 ab
2461 3294 2637 3353 cilicio
2666 3310 2785 3362 suo,
2800 3293 2854 3348 id
2878 3300 2961 3348 est
2987 3306 3017 3345 a
3047 3286 3293 3345 custodia
3323 3275 3788 3344 tbesauri.Quamo

533 3393 782 3466 qtto'tam
811 3400 926 3468 ipse
949 3439 963 3464 ,
997 3414 1162 3468 quam
1198 3401 1617 3456 circumstantes
1644 3397 2032 3454 incredibiliter
2067 3404 2122 3452 et

537 3488 860 3544 mirabiliter
885 3491 1294 3547 recreabantur.
1324 3491 1459 3548 Cum
1481 3505 1610 3546 vero
1631 3490 1916 3561 episcopus
1936 3503 2122 3544 secum
2167 3487 2180 3544 τῘ

533 3580 744 3650 positos
773 3581 1110 3649 hortaretur,
1147 3582 1214 3638 ad
1246 3583 1494 3639 eumdem
1543 3591 1704 3637 terra:
1732 3582 1940 3636 hiatum
1968 3594 2124 3635 acce-

537 3672 704 3738 derc,
758 3681 814 3730 et
856 3675 984 3746 qttid
1031 3683 1177 3731 esset
1223 3675 1512 3746 inspicere,
1560 3675 1652 3730 sed
1703 3673 1883 3728 nullus
1934 3687 2122 3726 eorttm

541 3781 703 3836 super
725 3767 830 3824 hoc
851 3768 901 3823 ei
928 3766 1088 3822 vellet
1110 3769 1510 3839 obtemperare,
1544 3767 1658 3838 ipse
1682 3766 1827 3821 solus
1849 3765 1952 3820 sibi
1977 3764 2126 3819 vide-

537 3858 700 3912 batur
749 3859 815 3914 de
859 3861 1066 3930 pulpito
1105 3862 1469 3928 descendere,
1504 3869 1668 3930 atque
1707 3859 1836 3914 illuc
1883 3856 2121 3911 tendere.

543 3950 651 4006 Sed
692 3967 814 4006 cum
839 3951 950 4020 jam
981 3970 1149 4026 prepe
1183 3964 1356 4023 esset,
1386 3956 1527 4010 sicut
1557 3952 1726 4024 Moysi
1755 3949 2026 4020 quondam
2059 3948 2126 4002 ad

543 4045 736 4098 rubum
767 4046 1160 4114 inspiciendum
1184 4047 1497 4120 properanti
1531 4045 1745 4100 dixerat
1779 4041 1920 4096 Deus
1951 4057 1964 4093 :
2000 4059 2019 4090 ι
2050 4037 2130 4092 Ne

545 4137 947 4208 appropinques
997 4139 1124 4205 huc,
1181 4129 1335 4195 locus
1381 4138 1525 4194 enim
1575 4136 1631 4189 iu
1675 4149 1782 4204 quo
1823 4143 1933 4188 stas
1983 4139 2128 4186 terra

545 4241 732 4286 sancta
766 4242 847 4288 est
877 4233 1073 4302 (Exod.
1105 4250 1188 4299 ut,
1216 4233 1294 4304 5).
1334 4251 1351 4282 ι
1385 4233 1462 4286 lta
1485 4239 1540 4286 et
1565 4228 1853 4298 episcopus
1890 4226 1956 4280 de
1987 4223 2128 4278 inte-

544 4327 782 4382 rioribus
813 4327 1068 4382 audiebat
1096 4341 1288 4383 vocem
1325 4324 1428 4380 sibi
1457 4323 1724 4379 dicentem
1759 4339 1770 4374 :
1804 4317 1921 4374 Non
1951 4317 2132 4386 ingre—

544 4418 711 4474 diaris
739 4419 865 4487 huc,
895 4420 1164 4490 quoniam
1184 4419 1326 4472 Deus
1360 4416 1702 4486 omnipotens
1738 4412 1791 4468 in
1819 4412 1933 4482 ipsa
1968 4422 2132 4464 carne

543 4526 640 4570 sita
667 4522 723 4569 et
753 4515 970 4570 ossibus
993 4514 1083 4569 hic
1106 4527 1348 4584 prmsens
1377 4519 1481 4576 est,
1513 4517 1568 4565 et
1597 4507 1802 4572 nullus,
1842 4503 2132 4579 quiODcum

543 4609 728 4664 videat
766 4608 1148 4679 corporaliter,
1184 4607 1275 4662 ditt
1305 4606 1491 4661 vivere
1518 4609 1715 4674 potest.
1761 4600 1879 4671 Ipsa
1921 4608 2134 4668 quoque

2175 3435 2184 3468 η
2225 3393 2410 3449 obrem
2453 3389 2744 3445 Anselmus
2803 3385 2966 3441 nimia
3025 3388 3329 3438 commotus
3393 3376 3478 3430 ira
3507 3417 3522 3441 ,
3577 3381 3628 3428 et
3674 3381 3793 3440 pene

2225 3485 2524 3551 insaniens,
2547 3481 2726 3539 locum
2758 3487 2813 3534 et
2843 3487 3056 3546 tempus
3079 3489 3137 3530 se
3160 3472 3226 3530 de
3246 3486 3311 3526 eo
3333 3463 3643 3524 vindicandi
3668 3474 3794 3532 qua:-

2226 3576 2404 3632 rebat.
3741 3581 3744 3584 -

2189 3661 2191 3663 ’
2265 3655 2468 3735 ’558
2504 3660 2718 3716 Accidit
2760 3660 2967 3715 interea
3017 3662 3077 3710 ut
3121 3651 3292 3710 Sibila
3327 3646 3640 3713 comitissa,
3678 3655 3796 3697 uxor

2227 3732 2534 3826 lngelra‘nui
2580 3749 2902 3808 nobilissimi
2947 3746 3208 3819 principis
3245 3744 3311 3798 de
3348 3742 3490 3797 Fera
3530 3736 3723 3808 (vulgo,
3754 3732 3800 3786 la

2231 3846 2408 3917 Fére),
2461 3833 2614 3916 plura
2669 3859 2798 3898 vasa
2845 3855 3010 3896 aurea
3055 3846 3110 3892 et
3157 3842 3417 3906 argentea
3459 3833 3515 3886 in
3568 3831 3801 3882 thesauro

2231 3939 2446 3996 Sanctae
2497 3936 2680 3991 Mariae
2721 3940 3041 4004 reponeret,
3089 3936 3312 4000 propter
3361 3923 3468 3979 loci
3510 3920 3804 3976 ﬁrmitatem

2231 4030 2478 4088 securius
2517 4027 2807 4083 servanda.
2857 4025 2988 4079 Inde
3033 4035 3160 4091 ergo
3202 4015 3498 4073 Anselmus
3535 4009 3806 4078 occasione

2232 4130 2466 4192 sumpta,
2498 4119 2760 4192 cogitavit
2787 4117 2977 4172 eadem
3014 4128 3144 4168 vasa
3177 4109 3371 4174 furari,
3413 4114 3681 4178 quatenus
3710 4097 3806 4154 sci-

2232 4214 2358 4269 licet
2399 4212 2682 4267 comitissa
2722 4207 3005 4279 przefatum
3039 4202 3341 4259 Guidonem
3363 4240 3378 4265 ,
3410 4196 3513 4252 sub
3543 4193 3694 4264 cujus
3722 4204 3808 4243 cu-

2234 4304 2414 4362 stodia
2445 4306 2734 4362 thesaurus
2756 4297 3098 4363 servabatur,
3123 4293 3192 4348 de
3221 4291 3314 4346 tali
3343 4289 3492 4344 furto
3515 4286 3808 4342 infamaret,

2235 4411 2474 4467 vasaque
2518 4413 2613 4452 sua
2653 4395 2722 4449 ab
2757 4407 2823 4448 eo
2867 4395 3156 4460 repeteret.
3203 4383 3376 4439 Nocte
3402 4380 3572 4451 igitur
3600 4375 3813 4446 quadam

2235 4465 2765 4561 circaﬁEpiphaniam
2793 4480 3006 4538 Domini
3033 4487 3182 4534 tanta
3203 4476 3286 4530 vis
3313 4471 3602 4544 grandinis
3622 4476 3675 4523 et
3701 4465 3815 4561 plu-‘

2233 4587 2335 4642 viae
2376 4595 2538 4664 atque
2567 4588 2852 4637 ventorum
2893 4572 3168 4630 inhorruit
3205 4579 3266 4625 ut
3295 4570 3365 4624 de
3403 4566 3570 4622 domo
3609 4576 3703 4617 sua
3736 4555 3818 4610 vix

557 4651 728 4664 ηπ...
768 4651 1148 4679 W.,,.,.........,
1186 4651 1275 4662 νη.
1318 4651 1490 4661 ...νη
1521 4651 1715 4674 τω---
1761 4651 1879 4671 -τμ
1930 4651 1973 4668 τ
2010 4651 2016 4652 κ
2048 4651 2061 4666 ,
2449 4651 2467 4656 -
2504 4653 2516 4664 ,

546 4708 736 4756 sancta
768 4701 938 4756 Maria
968 4708 1146 4756 mater
1177 4700 1293 4770 ejus
1318 4698 1408 4754 hic
1441 4711 1682 4769 prmsens
1718 4702 1800 4749 est
1832 4707 1955 4746 cum
1986 4689 2098 4743 Deo
2119 4725 2133 4752 ,
2165 4695 2215 4754 ι)
2240 4680 2438 4751 aliquis
2466 4685 2651 4749 posset
2684 4671 2891 4743 egredi.
2923 4667 3074 4724 Illam
3109 4672 3324 4768 noctein
3356 4668 3512 4770 ratus
3548 4651 3821 4770 Διιξξὶὶπξυε

543 4803 604 4851 et
635 4793 860 4849 mandat
881 4793 977 4850 tibi
1006 4793 1147 4863 quod
1172 4792 1311 4848 latro
1335 4807 1465 4847 suus
1496 4789 1759 4861 capiatur,
1789 4782 2138 4856 prtecipitque

547 4887 649 4946 tibi
680 4896 742 4943 ut
779 4901 889 4942 non
929 4901 1051 4943 eum
1091 4886 1241 4942 abire
1287 4884 1598 4955 permittas,
1631 4881 1725 4936 sed
1760 4877 2026 4948 justitiam
2073 4875 2140 4929 de

546 4995 617 5040 eo
648 4981 840 5039 facias.
888 4980 1188 5038 Confestim
1234 4979 1522 5050 episcopus
1569 4971 1870 5043 evigilavit,
1908 4978 1963 5024 et
2009 4967 2139 5038 quid

547 5075 656 5134 sibi
710 5075 1020 5145 hujusmodi
1074 5073 1213 5130 visio
1266 5072 1560 5136 innueret,
1620 5063 1896 5120 multoties
1957 5072 2139 5116 secum

548 5167 874 5226 admirando
905 5167 1102 5224 tacitus
1130 5164 1459 5222 revolvebat.

620 5262 756 5318 Erat
780 5273 910 5318 tunc
946 5259 1208 5331 temporis
1251 5259 1320 5316 in,
1354 5257 1489 5311 urbe
1529 5246 1874 5308 Lattduuensi
1920 5245 2138 5315 quidam

547 5352 876 5422 Anselmus,
904 5358 1266 5425 cognomento
1292 5348 1544 5412 Bcessus,
1590 5343 1679 5413 qui
1729 5358 1788 5396 se
1838 5341 2141 5395 simulando

549 5445 864 5518 religiosum
905 5461 1014 5501 non
1060 5458 1254 5514 parum
1301 5441 1368 5494 ab
1418 5438 1671 5494 omnibus
1721 5433 2042 5488 laudabatur
2089 5440 2144 5487 et

549 5533 947 5603 honorabatur,
978 5537 1096 5603 sed,
1128 5543 1185 5591 ut
1207 5549 1274 5589 ex
1305 5533 1410 5587 ﬁne
1435 5530 1627 5600 patuit,
1661 5527 1822 5595 longe
1857 5525 2002 5580 aliud
2025 5532 2144 5580 erat

550 5629 610 5687 in
633 5633 798 5688 corde
829 5646 994 5702 quam
1027 5628 1276 5684 homines
1304 5625 1554 5679 viderent
1580 5623 1631 5676 in
1657 5621 1817 5676 facie.
1850 5618 1985 5673 lluie
2011 5631 2141 5686 ergo

550 5735 650 5794 pro
683 5722 1068 5793 religione-sua
1100 5720 1384 5775 thesaurus
1417 5714 1660 5770 ecclesia:
1697 5709 1996 5768 servandus
2035 5717 2141 5762 tra-

2241 4745 2601 4847 opportttnam
2633 4770 2751 4824 fore
2787 4763 3068 4835 explendae
3106 4756 3366 4828 nequitia:
3409 4752 3504 4808 diu
3541 4745 3818 4847 meditatis,

2243 4837 2453 4924 cunctis
2502 4861 2709 4918 scilicet
2750 4857 2891 4912 intra
2937 4854 3128 4909 domos
3162 4845 3404 4911 clausis,
3441 4856 3547 4897 nec
3603 4837 3822 4924 aliquem

2243 4957 2478 5014 sonitum
2497 4950 2602 5007 nisi
2630 4947 2798 5004 solius
2819 4945 2964 5000 venti
2985 4941 3171 4997 audire
3187 4934 3520 4999 valentibus,
3545 4921 3825 4994 assumptis

2243 5047 2497 5106 celeriter
2522 5044 2685 5100 scalis
2712 5050 2766 5096 et
2799 5036 3085 5101 machinis,
3117 5032 3231 5102 jam
3261 5030 3423 5098 longe
3452 5025 3606 5096 prius
3633 5033 3828 5092 praepa-

2244 5140 2400 5204 ratis,
2427 5149 2631 5193 turrem
2661 5135 2715 5189 in
2746 5147 2850 5202 qua
2886 5130 3171 5184 thesaurus
3200 5122 3410 5194 positus
3439 5125 3560 5173 erat
3585 5110 3828 5168 velociter

2243 5203 2600 5296 conscendit,
2631 5236 2687 5282 et
2710 5234 2838 5295 arte
2887 5221 3080 5277 callida
3123 5214 3462 5288 perforatum
3517 5207 3713 5264 ostium
3751 5203 3829 5255 in-

2245 5331 2526 5403 greditur,
2568 5325 2748 5382 omnia
2801 5319 3021 5393 prad‘ata
3075 5329 3205 5371 vasa
3253 5311 3551 5368 comitissze
3588 5316 3747 5359 aurea
3780 5303 3832 5398 et

2249 5388 2505 5497 argentea
2547 5420 2778 5474 furatur.
2819 5414 3061 5470 Cernens
3099 5415 3280 5462 autem
3324 5415 3546 5457 saccum
3589 5407 3741 5450 suum
3779 5388 3828 5442 in

2248 5486 2360 5589 quvo
2410 5533 2471 5572 ea
2515 5517 2791 5583 posuerat,
2823 5504 3053 5561 necdum
3095 5499 3212 5574 fore
3250 5495 3507 5566 plenum,
3549 5486 3832 5580 uolensqtte

2249 5615 2399 5670 illurn
2453 5626 2516 5664 ex
2577 5607 2753 5674 aliqua
2811 5608 2966 5671 parte
3018 5606 3303 5650 remanere
3355 5597 3620 5646 vacuum,
3677 5571 3834 5630 mittit

2250 5721 2472 5762 manum
2527 5701 2591 5754 ad
2642 5694 2885 5753 ecclesiae
2934 5692 3268 5745 thesaurum.
3323 5679 3528 5734 Texius
3581 5668 3832 5745 pretiosos

628 5901 743 5976 (60)
788 5899 1036 5961 Violatur
1081 5895 1304 5978 minime
1332 5894 1473 5972 Ilich
1519 5891 1647 5948 dum
1682 5887 1925 5946 criminis
1967 5885 2149 5944 socius
2183 5881 2472 5940 reiciatur.
