3982 6346
220 365 363 425 1015

970 362 1329 420 HERMANNI
1359 361 1447 418 DE
1468 360 1706 420 MIRAC.
1729 358 1790 414 S.
1817 355 2058 414 MARUE
2093 357 2402 418 LAUDUN.
2429 389 2498 401 —-
2535 358 2664 415 LIB.
2691 358 2774 414 lll.

3352 356 3495 414 1014

219 497 360 538 auro
381 487 438 538 et
474 479 706 552 gemmis
742 487 959 550 Opertos
988 479 1300 552 confringit,
1326 489 1381 534 et
1409 479 1574 534 libros
1595 476 1810 547 quidem
1839 478 1887 534 A
1912 478 2110 531 mutari
2133 477 2442 548 episcopus,
2474 490 2752 546 nunquam
2775 478 2918 528 enim
2946 472 3034 527 vel
3055 483 3238 538 antea,
3259 471 3345 526 vel
3372 483 3496 542 post

220 573 485 644 reliquit;
513 587 704 628 aurum
742 587 873 628 vero
913 588 1038 628 cum
1082 573 1310 644 gemmis
1346 587 1507 626 sacco
1543 568 1805 625 recondit.

218 663 580 721 Postmodum
622 679 816 720 cruces
857 677 1050 720 aureas
1090 671 1143 720 et
1187 662 1522 734 phylacteria
1569 659 1803 716 confrin-

217 765 381 831 gens,
404 758 551 812 inter
571 769 772 812 caetera
803 764 858 812 et
882 756 1044 812 etiam
1069 771 1231 812 unam
1259 755 1566 811 columbam
1589 766 1810 808 auream

221 849 512 920 confregit,
537 864 657 919 qua:
686 863 782 918 pro
806 847 947 903 lacte
973 857 1027 903 et
1056 848 1265 919 capillis
1293 857 1496 904 sanctae
1525 847 1731 911 Mariae,
1755 853 1814 900 ut

219 939 522 1009 ferebatur,
570 941 842 996 introrsus
875 939 1174 998 reconditis
1201 939 1428 994 multum
1457 948 1575 994 erat
1609 936 1813 992 famosa

221 1037 281 1086 et
330 1029 693 1100 honorabilis,
739 1030 882 1086 unde
921 1038 976 1085 et
1021 1031 1074 1084 in
1126 1011 1423 1100 majoribﬁ
1464 1027 1618 1084 festis
1653 1040 1814 1095 super

221 1118 344 1188 ejus
398 1119 570 1179 altare
613 1121 824 1178 solebat
871 1121 1122 1192 appendi.
1178 1121 1354 1176 Tanto
1399 1120 1564 1192 igitur
1611 1117 1814 1186 talique

225 1211 484 1269 thesauro
499 1229 718 1270 saccum
737 1213 999 1284 repletum
1015 1212 1266 1268 deferens
1289 1211 1586 1276 descendit,
1610 1209 1815 1278 ipsum-

134 1359 142 1366 ,
223 1317 336 1373 que
361 1317 597 1358 saccum.
625 1318 734 1358 non
772 1305 826 1358 in
865 1303 1028 1360 domo
1065 1320 1185 1369 sua,
1227 1302 1322 1358 sed
1352 1310 1510 1356 extra
1539 1301 1727 1356 urbem
1759 1298 1813 1354 in

221 1391 346 1452 loco
371 1405 500 1450 ante
529 1395 752 1466 proviso
775 1405 830 1452 et
859 1404 1163 1468 praeparato
1194 1395 1492 1451 abscondit.
1561 1423 1563 1426 -

295 1485 468 1544 Nocte
491 1489 780 1546 tenebrosa
811 1490 1139 1560 pluvialique
1167 1500 1333 1546 vento
1358 1489 1664 1552 recedente,
1689 1503 1814 1544 cum

221 1576 437 1635 effracti
480 1580 608 1636 ostii
656 1589 711 1636 et
750 1581 947 1650 direpti
1003 1581 1240 1638 thesauri
1291 1580 1441 1652 signa
1488 1579 1810 1649 patuissent,

223 1668 406 1726 subito
439 1679 550 1728 tam
587 1670 731 1727 tristi
780 1673 971 1727 nuntio
1011 1681 1120 1728 tota
1163 1672 1355 1727 civitas
1396 1670 1666 1732 turbatur,
1716 1681 1816 1722 nec

221 1759 406 1816 minus
437 1759 563 1816 laici
597 1776 762 1832 quam
799 1761 983 1817 clerici
1017 1761 1442 1825 contristantur;
1488 1769 1545 1814 et
1576 1757 1816 1811 amarior

1913 571 2056 625 idem
2083 569 2328 640 pontifex
2357 570 2610 624 inventus
2639 580 2724 622 est
2751 565 2996 637 pertinax
3023 565 3076 620 in
3100 564 3278 634 aliquo
3304 563 3495 631 fuisse,

1913 663 2008 719 sed
2038 677 2254 732 semper
2290 661 2543 732 precibus
2579 668 2674 714 aut
2710 658 2868 713 dictis
2914 657 3142 712 aliorum
3169 672 3203 710 a
3242 671 3338 711 sua
3375 670 3498 710 sen-

1914 757 2082 812 tentia
2113 755 2274 812 facile
2309 754 2453 811 ﬂecti
2481 753 2780 810 consuevit.
2811 752 2867 807 ln
2899 753 3000 807 hac
3028 765 3157 806 vero
3190 749 3304 805 sola
3338 763 3500 803 causa

1913 857 2079 905 tantm
2134 848 2238 902 fuit
2288 848 2610 904 constantiae
2655 856 2742 912 ut,
2792 861 2916 902 cum
2964 844 3142 900 nullus
3185 841 3499 898 Anselmum

1915 946 2241 1004 accusaret,
2292 937 2401 992 imo
2445 952 2584 1006 pene
2631 936 2812 992 cuncti
2863 944 3053 992 contra
3096 934 3408 1004 episcopum
3449 930 3503 987 ei

1914 1029 2194 1099 faverent,
2228 1029 2324 1086 Dei
2375 1038 2556 1084 tamen
2597 1036 2732 1084 nutu
2769 1028 2918 1084 nullo
2955 1028 3116 1085 modo
3154 1027 3223 1084 ad
3259 1041 3384 1083 eum
3418 1023 3502 1080 di-

1915 1124 2238 1179 mittendum
2276 1121 2420 1178 flecti
2462 1122 2718 1193 potuerit.

1985 1215 2120 1271 Cum
2158 1231 2286 1287 ergo
2328 1215 2526 1286 prmsul
2561 1231 2683 1271 eum
2718 1213 2982 1270 custodiri
3020 1229 3190 1284 usque
3227 1213 3294 1268 ad
3327 1209 3504 1283 praeﬁ-

1915 1308 2086 1363 nitam
2131 1307 2272 1363 diem
2327 1309 2591 1364 examinis
2645 1307 2916 1376 jussisset,
2972 1306 3191 1376 quidam
3245 1304 3400 1360 miles
3453 1303 3505 1360 ei

1917 1402 2270 1456 vehementer
2319 1399 2546 1468 favens,
2604 1401 2824 1456 nomine
2876 1399 3237 1465 Guillermus,
3293 1394 3507 1465 rogavit

1916 1493 2231 1563 episcopum
2282 1501 2345 1547 ut
2392 1508 2514 1547 eum
2567 1492 2670 1547 sibi
2721 1492 3048 1548 servandum
3102 1487 3506 1552 committeret,

1917 1584 2103 1654 sicque
2131 1583 2199 1638 ad
2228 1583 2446 1639 domum
2481 1599 2634 1639 suam
2677 1599 2742 1639 eo
2781 1584 3113 1640 concedente
3150 1580 3299 1635 illum
3332 1577 3507 1634 duxit.

1919 1672 2023 1728 Ubi
2055 1673 2181 1728 dum
2225 1681 2560 1740 servaretur,
2594 1673 2827 1742 quadam
2872 1681 3032 1727 nocte
3071 1685 3168 1725 vas
3211 1667 3512 1723 maximum

1918 1779 2060 1834 aqua
2095 1764 2333 1834 impleri,
2366 1779 2533 1835 seque
2563 1765 2616 1819 in
2649 1781 2712 1820 eo
2742 1765 2966 1836 ligatum
2989 1762 3118 1818 fecit
3145 1759 3360 1832 deponi,
3396 1767 3513 1812 ten-

210 1867 334 1936 _nox
360 1852 439 1908 eis
463 1854 815 1923 supervenire
841 1855 1075 1910 videtur.
1102 1855 1184 1910 Ad
1209 1854 1522 1924 episcopum
1551 1851 1810 1918 curritur,
1841 1831 1890 1891 Β
1923 1864 2041 1912 tare
2070 1856 2282 1912 scilicet
2305 1856 2496 1913 volens
2533 1869 2716 1912 utrum
2748 1857 2804 1912 in
2826 1872 2966 1926 aqua
3005 1865 3148 1910 lotus
3175 1831 3514 1922 mergeretur

223 1943 456 2015 lugubre
495 1947 699 2002 factum
745 1948 1000 2005 refertur.
1057 1949 1359 2019 Episcopus
1412 1961 1574 2018 super
1625 1959 1816 2002 omnes

223 2036 397 2092 nimio
427 2052 665 2094 maerore
689 2041 1016 2110 concutitur,
1039 2041 1294 2112 quoniam
1321 2041 1628 2106 thesaurus,
1653 2053 1816 2108 quem

224 2129 370 2184 Deus
400 2130 454 2184 in
482 2131 647 2187 totius
672 2133 841 2199 urbis,
865 2147 918 2188 et
942 2135 1112 2204 ipsius
1133 2134 1380 2190 ecclesiae
1414 2133 1666 2188 incendio
1688 2141 1816 2186 ante

216 2237 423 2294 paucos
465 2237 638 2278 annos
667 2235 1000 2292 servaverat,
1043 2242 1188 2282 nunc
1227 2225 1458 2280 latenter
1495 2233 1550 2278 ct
1587 2223 1814 2278 misera-

219 2313 408 2370 biliter
441 2317 684 2386 perditus
715 2317 909 2372 fuerat.
945 2316 1201 2372 Protinus
1231 2330 1360 2386 ergo
1385 2313 1651 2386 generalis
1679 2328 1812 2367 con-

223 2412 420 2460 ventus
475 2406 861 2462 eanonicorum
932 2415 988 2460 et
1033 2407 1233 2462 civium
1285 2414 1638 2461 convocatur.
1679 2402 1819 2470 Quid

221 2510 361 2565 opus
397 2499 469 2552 sit
507 2497 653 2555 facto
689 2498 996 2564 discutitur,
1027 2508 1082 2554 et
1116 2514 1227 2570 prae
1272 2499 1524 2554 (minibus
1561 2497 1818 2569 magister

222 2587 535 2657 Anselmus,
566 2599 692 2647 tunc
729 2591 988 2662 temporis
1025 2592 1189 2647 totius
1226 2593 1378 2648 urbis
1407 2592 1648 2660 lucerna,
1681 2606 1814 2646 cou-

223 2683 440 2740 sulitur.
483 2685 576 2740 ille
610 2696 669 2740 ut
711 2687 906 2742 divinae
948 2685 1084 2756 legis
1128 2686 1517 2756 peritissimus,
1559 2685 1819 2740 continuo

226 2774 390 2833 Josue
419 2777 644 2847 replicat
666 2778 972 2846 historiam,
1006 2778 1278 2848 quomodo
1304 2777 1509 2834 scilicet
1532 2776 1733 2831 furtum
1765 2776 1819 2830 in

225 2865 476 2937 Iericho,
505 2869 655 2926 nullo
685 2870 890 2926 sciente
928 2869 1163 2934 factum,
1197 2871 1459 2926 Dominus
1493 2870 1656 2940 jussit
1704 2869 1821 2924 fore

224 2961 492 3034 perquiri,
525 2963 699 3034 primo
739 2978 836 3032 per
872 2963 1080 3027 tribus,
1118 2963 1312 3018 deinde
1349 2979 1447 3032 per
1483 2962 1718 3017 familias
1758 2977 1822 3016 ac

229 3053 444 3122 domos,
463 3055 532 3110 ad
549 3055 798 3110 ultimum
821 3055 1135 3127 singillatim
1152 3071 1250 3126 per
1269 3055 1416 3110 viros
1434 3054 1568 3124 (Jos.
1587 3069 1686 3119 vn,
1707 3052 1816 3120 14).

225 3145 408 3202 lustar
455 3147 615 3218 hujus
663 3157 771 3202 tam
820 3147 1033 3203 subtilis
1073 3146 1482 3217 perquisitionis
1521 3145 1823 3200 consulitur
1849 3183 1891 3240 Ο

225 3239 488 3310 magister
506 3239 818 3308 Anselmus,
845 3249 907 3295 ut
947 3241 1080 3296 tanti
1109 3239 1364 3294 facinoris
1395 3249 1588 3295 auctor
1617 3236 1820 3306 judicio

227 3348 387 3402 aqua:
439 3334 812 3405 perquiratur,
853 3349 918 3388 ac
965 3335 1032 3389 de
1077 3333 1305 3402 singulis
1346 3333 1499 3388 urbis
1546 3330 1820 3401 parochiis

228 3441 374 3482 unus
416 3425 597 3483 infans
643 3427 907 3482 innocens
952 3426 1007 3481 in
1060 3441 1184 3482 vase
1230 3441 1367 3495 aqua
1407 3424 1691 3480 benedicta
1732 3439 1820 3478 re-

226 3519 377 3590 pleto
402 3529 726 3590 poneretur;
757 3529 813 3575 et
830 3535 1166 3590 quaecunque
1190 3519 1450 3590 parochia
1481 3518 1618 3573 forte
1643 3517 1825 3587 culpa-

224 3610 356 3667 bilis
404 3613 762 3680 inveniretur,
813 3615 877 3668 de
917 3613 1144 3684 singulis
1181 3613 1430 3668 domibus
1462 3611 1700 3682 ejusdem
1731 3626 1827 3679 pa-

227 3701 436 3758 rochiae
463 3719 605 3759 unus
628 3703 810 3759 infans
834 3704 886 3758 in
911 3719 1051 3773 aqua
1073 3713 1392 3774 poneretur;
1418 3713 1472 3759 et
1491 3717 1825 3773 quaecunque

227 3797 430 3852 domus
465 3796 799 3868 deprehensa
841 3797 1066 3862 fuisset,
1107 3811 1297 3851 omnes
1339 3796 1440 3850 viri
1483 3796 1566 3851 vel
1611 3794 1826 3849 feminae

230 3884 304 3940 ad
327 3901 447 3941 eam
474 3888 811 3956 pertinentes
832 3885 1038 3956 judicio
1061 3903 1213 3956 aquae
1238 3902 1297 3941 se
1323 3901 1554 3956 purgare
1578 3899 1829 3954 cogeren-

233 3989 368 4036 tur:
422 3981 526 4036 hoc
577 3981 806 4036 consilio
856 3981 1100 4050 magistri
1150 3979 1430 4046 Anselmi,
1477 3978 1829 4050 germanique

231 4069 352 4138 ejus
384 4071 628 4140 magistri
653 4070 886 4126 Radulhi
916 4079 1193 4141 comperto
1224 4069 1497 4140 perterriti
1529 4069 1674 4123 cives
1701 4067 1830 4122 licet

233 4163 564 4218 innocentia:
595 4179 706 4219 suae
743 4163 971 4231 conscii,
1002 4163 1070 4217 ad
1096 4162 1408 4231 episcopum
1437 4158 1746 4224 confluunt,
1776 4165 1831 4212 et

236 4268 345 4307 non
379 4254 540 4323 longe
571 4263 832 4319 remotos,
864 4256 958 4308 sed
989 4253 1167 4323 potius
1194 4251 1439 4307 ecclesiae
1467 4249 1738 4314 custodes,
1777 4254 1832 4302 et

233 4358 406 4414 prope
431 4345 690 4416 templum
717 4353 1020 4411 manentes,
1054 4345 1120 4398 ad
1140 4343 1407 4412 judicium
1431 4340 1609 4412 primo
1632 4339 1832 4395 debere

234 4434 422 4490 vocari
452 4435 813 4491 conclamant.

1919 1963 1988 2002 an
2036 1957 2440 2018 supernataret.
2492 1950 2628 2006 Cum
2673 1965 2806 2005 vero
2847 1965 2906 2004 se
2945 1949 3062 2004 sine
3107 1946 3214 2001 ulla
3254 1943 3515 2000 dilatione

1921 2041 2149 2098 vidisset
2171 2043 2238 2098 ab
2263 2059 2404 2114 aqua
2425 2052 2708 2114 receptum
2732 2042 2916 2107 fuisse,
2943 2051 3000 2096 et
3025 2041 3093 2095 ad
3117 2039 3260 2094 vasis
3288 2037 3514 2090 fundum

1920 2133 2274 2202 pervenisse,
2313 2134 2648 2189 exhilaratus
2675 2133 2814 2188 dixit
2851 2147 2908 2187 se
2947 2129 3084 2185 nihil
3117 2129 3257 2182 ultra
3300 2126 3511 2188 timere,

1921 2226 2016 2281 sed
2043 2235 2234 2296 sponte
2267 2227 2323 2281 in
2360 2243 2558 2296 aquam
2594 2227 2971 2295 ingressurum
3004 2222 3139 2277 fore.
3181 2219 3319 2286 Quid
3355 2215 3518 2287 559

1920 2319 2134 2391 longius
2176 2337 2359 2377 moror
2393 2321 2418 2374 ?
2464 2320 2628 2378 Venit
2669 2319 2787 2375 dies
2826 2317 3142 2382 constituta,
3183 2311 3410 2372 confluit
3449 2309 3517 2364 ad

1922 2416 2207 2471 ecclesiam
2241 2417 2527 2472 innumera
2565 2415 2855 2472 multitudo
2883 2413 3228 2474 clericorum,
3259 2407 3515 2472 militum,

1921 2517 1976 2562 et
2021 2509 2347 2564 rusticorum
2392 2509 2592 2564 diversi
2637 2524 2801 2564 sexus
2843 2515 2899 2562 et
2946 2505 3125 2560 aetatis
3166 2504 3427 2573 juvenes,
3465 2508 3521 2552 et

1922 2601 2197 2672 virgines,
2259 2617 2418 2658 senes
2476 2617 2600 2657 eum
2651 2599 2961 2668 junioribus
3014 2599 3270 2652 invocant
3322 2607 3521 2647 nomen

1924 2693 2142 2747 Domini
2183 2691 2406 2763 ejusque
2447 2691 2855 2764 gloriosissima:
2895 2687 3212 2744 Genitricis.
3252 2683 3355 2752 Qui
3393 2696 3521 2752 ergo

1920 2784 2136 2851 primus
2164 2785 2218 2840 in
2254 2801 2394 2854 aqua
2417 2786 2626 2856 positus
2660 2793 2767 2849 est,
2795 2783 2976 2839 salvus
3015 2789 3070 2836 et
3095 2779 3334 2851 gaudens
3366 2776 3519 2842 exiit,

1924 2877 2198 2932 secundus
2223 2871 2406 2930 autem
2437 2877 2667 2941 corruit,
2701 2876 2896 2930 tertius
2921 2873 3124 2937 salvus,
3165 2878 3393 2940 quartus
3437 2868 3523 2922 in-

1875 3002 1889 3014 ο
1924 2978 2122 3024 ventus
2167 2978 2250 3024 cst
2296 2984 2452 3036 reus,
2509 2969 2730 3038 quintus
2782 2967 3079 3030 liberatur,
3142 2969 3327 3017 sextus
3379 2958 3523 3012 idem

1925 3059 2218 3115 Anselmus
2242 3059 2533 3129 culpabilis
2561 3059 2860 3122 invenitur,
2893 3056 3081 3125 sicque
3109 3051 3360 3122 probavit
3390 3046 3527 3103 nihil

1925 3152 2028 3206 sibi
2058 3152 2329 3221 profuisse
2368 3152 2509 3220 quod
2542 3151 2694 3220 prius
2723 3149 2893 3204 Deum
2927 3151 3252 3208 tentaverat,
3287 3142 3378 3197 sed
3406 3139 3526 3210 plu-

1925 3245 2122 3298 rimmn
2156 3245 2298 3300 hanc
2323 3260 2523 3314 aquam
2554 3245 2762 3300 distare
2787 3243 2855 3298 ab
2888 3257 2951 3296 ea
2977 3241 3030 3295 in
3055 3255 3161 3309 qua
3191 3236 3368 3308 prius,
3396 3233 3526 3288 dum

1924 3335 1978 3390 in
2010 3336 2254 3391 custodia
2283 3345 2450 3402 esset,
2482 3351 2541 3391 se
2567 3335 2761 3406 deponi
2794 3333 3022 3389 fecerat.

1995 3427 2118 3481 Mox
2143 3443 2274 3499 ergo
2320 3427 2554 3482 vinculis
2585 3427 2868 3496 religatus,
2892 3438 3065 3494 usque
3093 3419 3184 3494 [f.,
3213 3413 3529 3490 usquequo}

1926 3517 2244 3573 thesaurum
2275 3518 2515 3573 furatum
2552 3518 2806 3573 redderet
2835 3518 2904 3572 ab
2935 3516 3196 3587 episcopo
3225 3510 3529 3568 commoni-

1927 3618 2013 3667 tus
2055 3609 2240 3664 ‘statim
2278 3609 2494 3679 publice
2533 3609 2865 3679 imprecatus
2900 3617 3012 3673 est,
3048 3614 3110 3661 ut
3151 3605 3231 3661 sic
3271 3599 3530 3674 suspendi

1929 3713 2236 3758 mereretur
2265 3703 2410 3760 sicut
2438 3703 2607 3760 Judas
2641 3704 2732 3773 qui
2769 3704 2946 3759 Deum
2970 3701 3210 3766 tradidit,
3244 3700 3291 3754 si
3323 3696 3530 3767 aliquid

1929 3809 1995 3850 ex
2017 3811 2084 3850 eo
2123 3796 2373 3864 haberet,
2413 3796 2498 3851 vel
2537 3795 2748 3851 furatus
2786 3795 2997 3852 fuisset.
3038 3791 3241 3848 Videns
3279 3788 3528 3860 pontifex

1929 3890 2072 3958 quod
2125 3891 2260 3944 nihil
2297 3890 2638 3945 exhortando
2685 3896 2869 3958 posset
2929 3886 3230 3958 proﬁcere,
3303 3881 3530 3937 Nicolao

1931 3982 2228 4038 castellano
2257 3999 2381 4039 eum
2412 3983 2654 4052 tradidit,
2690 3981 3012 4054 prmcipiens
3041 3980 3092 4035 ei
3122 3987 3184 4034 ut
3227 3972 3532 4047 torquendo

1934 4078 2250 4132 thesaurum
2295 4077 2450 4133 reddi
2506 4086 2746 4148 cogeret.
2797 4075 2891 4131 llle
2948 4073 3212 4130 nudatum
3265 4079 3428 4126 terra:
3475 4073 3534 4121 et

1932 4180 2270 4238 prostratum
2297 4179 2459 4239 atque
2480 4169 2704 4242 ligatum
2730 4169 2880 4223 lardo
2908 4166 3082 4222 calido
3104 4163 3233 4220 fecit
3253 4156 3530 4233 profundi,

1933 4263 2028 4316 sed
2059 4262 2130 4316 nil
2165 4271 2494 4333 extorquere
2518 4263 2716 4333 potuit.
2747 4261 2876 4315 inde
2901 4261 3126 4330 jubente
3148 4253 3379 4327 praesule
3401 4251 3533 4307 fecit

1935 4369 2059 4408 eum
2108 4354 2388 4424 suspendi,
2437 4370 2547 4409 non
2585 4363 2645 4408 ut
2683 4351 3108 4416 interﬁceretur,
3154 4347 3250 4402 scd
3294 4352 3532 4398 tantum-

1937 4446 2098 4501 modo
2142 4456 2203 4501 ut
2239 4454 2605 4516 torqueretur.
2633 4444 2680 4500 Α
2706 4457 2863 4498 mane
2895 4456 3025 4512 ergo
3055 4453 3227 4508 usque
3248 4437 3315 4492 ad
3343 4448 3530 4502 vespe-

309 4527 518 4582 Αηηυίι
544 4530 862 4600 episcopus.
895 4537 949 4584 Cl
988 4543 1082 4585 50X
1110 4528 1259 4585 Vil'OS
1281 4568 1296 4594 ν
1329 4527 1396 4583 de
1430 4524 1628 4597 qUibUS
1657 4523 1832 4594 maior
1863 4562 1909 4617 ι)
1936 4551 2056 4591 rum
2093 4545 2291 4602 tortus,
2327 4535 2620 4606 deciesque
2649 4548 2969 4604 suspensus,
3007 4529 3187 4586 decies
3231 4527 3530 4598 depositus,

235 4627 364 4675 erat
402 4621 662 4691 suspicio,
711 4623 778 4678 ad
827 4620 1132 4678 faciendum
1187 4635 1418 4676 examen
1464 4624 1644 4684 vocat,
1689 4618 1830 4672 inter

237 4696 380 4783 quos
408 4713 575 4769 etiam
625 4714 744 4784 ipse
786 4713 932 4770 solus
965 4714 1249 4785 praefatum
1301 4711 1619 4768 Anselmum
1660 4709 1834 4766 nomi-

238 4805 414 4861 natim
445 4806 756 4876 compellat,
799 4807 985 4862 dicens
1027 4823 1085 4862 se
1112 4814 1304 4862 contra
1332 4821 1456 4860 eum
1492 4804 1687 4861 exinde
1720 4817 1835 4858 mo-

240 4897 361 4953 veri
411 4899 740 4969 suspicione.
796 4898 1108 4970 Respondet
1159 4898 1447 4955 Anselmus
1497 4914 1556 4954 se
1606 4896 1834 4952 multum

242 4989 438 5045 mirari
467 4991 740 5062 quomodo
770 4992 1056 5062 cpiscopus
1093 4991 1159 5047 dc
1195 5001 1348 5047 tanto
1397 4991 1604 5048 scelere
1641 4999 1835 5046 contra

243 5094 309 5137 se
339 5082 709 5152 suspicionem
744 5083 948 5138 habere
977 5083 1239 5154 potuerit,
1275 5082 1580 5153 praesertim
1622 5097 1746 5136 cum
1783 5087 1838 5135 et

246 5188 308 5231 se
348 5174 446 5230 Dei
491 5189 708 5231 servum
751 5191 872 5232 esse
919 5177 1102 5242 sciret,
1149 5185 1203 5232 et
1248 5185 1375 5230 ante
1421 5175 1628 5244 aliquot
1666 5189 1838 5229 annos

246 5264 564 5337 priusquam
605 5267 720 5338 ipse
755 5267 1127 5338 pontificatum
1166 5268 1495 5338 suscepisset
1531 5266 1835 5334 aurificem,

246 5359 345 5430 qui
374 5359 480 5416 sibi
509 5360 776 5416 maculam
821 5359 1014 5416 similis
1054 5361 1295 5414 criminis
1337 5359 1666 5430 imponebat,
1709 5375 1738 5413 a
1781 5374 1840 5415 se

246 5451 306 5509 in
345 5452 523 5509 duello
553 5453 724 5510 fuisse
764 5462 1078 5524 superatum
1114 5469 1219 5508 non
1256 5445 1551 5524 ignei-aret.
1588 5453 1840 5523 Respon-

247 5544 390 5602 sioni
416 5545 534 5616 ejus
557 5547 843 5604 universus
868 5546 1098 5617 populus
1121 5546 1386 5601 acclamat
1403 5561 1640 5614 eumque
1658 5547 1840 5600 virum

248 5645 528 5707 sanctum,
565 5647 620 5694 et
649 5639 746 5694 Dei
783 5639 1048 5695 cultorem
1078 5655 1197 5694 esse
1227 5648 1621 5709 protestantes,
1652 5656 1841 5693 omnes

248 5731 459 5802 pariter
482 5748 588 5788 una
611 5747 746 5790 voce
767 5748 875 5789 non
899 5733 1095 5788 debere
1117 5749 1239 5789 eum
1268 5732 1610 5801 adjudicium
1638 5732 1841 5799 vocari,

1934 4643 2058 4682 cum
2085 4626 2198 4696 jam
2239 4641 2298 4682 se
2337 4625 2574 4681 deficere
2615 4624 2842 4690 videret,
2881 4622 3049 4694 judex
3089 4619 3256 4676 etiam
3295 4618 3529 4690 juraret,

1934 4719 2080 4790 quod
2110 4720 2155 4774 si
2189 4733 2248 4774 se
2281 4719 2516 4774 ulterius
2546 4716 2802 4787 suspendi
2844 4715 3216 4787 permitteret,
3238 4710 3351 4782 jam
3382 4710 3533 4768 dein-

1935 4828 2064 4884 ceps
2089 4813 2279 4869 vivens
2309 4828 2414 4867 non
2443 4816 2822 4882 deponeretur.

2009 4904 2250 4960 Tandem
2286 4903 2643 4974 interrogavit
2668 4903 2798 4973 quid
2827 4901 2928 4958 sibi
2965 4904 3208 4970 daretur,
3240 4900 3284 4956 si
3315 4899 3532 4954 thesau-

1938 5013 2059 5054 rum
2093 4998 2366 5053 redderet.
2408 4995 2535 5052 Hree
2583 5011 2686 5053 vox
2722 4996 2936 5061 audita,
2969 4995 3223 5051 continuo
3252 5007 3402 5060 spem
3444 5005 3530 5045 re-

1939 5089 2235 5160 cuperandi
2279 5088 2527 5143 thesauri
2568 5089 2784 5160 cunctis
2825 5087 2991 5144 dedit.
3027 5085 3281 5155 Poposcit
3311 5091 3530 5138 centum

1939 5178 2109 5236 libras
2138 5179 2238 5236 sibi
2269 5179 2419 5245 dari;
2453 5179 2547 5234 sed
2576 5178 2836 5249 paulatim
2875 5175 3168 5231 minuendo
3195 5180 3420 5229 ventum
3447 5180 3533 5226 est

1940 5275 2006 5330 ad
2036 5274 2399 5345 quadraginta
2424 5273 2612 5328 libras.
2640 5273 2787 5338 Quas
2820 5285 2879 5326 se
2909 5277 3256 5338 accepturum
3285 5266 3438 5333 dixit,
3466 5279 3534 5320 ea

1941 5368 2251 5424 conditione
2283 5376 2342 5421 ut
2373 5365 2720 5435 ﬁdcjussores
2752 5364 2912 5420 simul
2945 5363 3046 5420 sibi
3078 5363 3356 5427 darentur,
3388 5360 3532 5430 quod

1942 5463 2130 5516 decem
2166 5459 2488 5514 milliaribus
2517 5458 2706 5528 procul
2743 5473 2772 5511 a
2815 5455 3078 5512 Lauduno
3113 5471 3178 5511 ex
3209 5467 3535 5526 quacunque

1942 5560 2096 5620 parte
2121 5548 2284 5603 vellet
2309 5562 2500 5604 secure
2520 5563 2642 5604 cum
2666 5547 2856 5603 eadem
2886 5547 3115 5619 pecunia
3142 5547 3526 5603 deduceretur.

1942 5643 2196 5698 Protinus
2239 5642 2305 5694 ad
2337 5641 2649 5712 episcopum
2685 5643 2956 5708 curritur,
2986 5641 3174 5710 petilio
3209 5641 3324 5709 cjus
3365 5637 3531 5691 refcr-

1947 5742 2054 5800 tur,
2080 5731 2268 5786 annuit
2289 5733 2508 5802 pracsul,
2533 5742 2586 5788 et
2611 5734 2870 5804 quidquid
2897 5734 3119 5805 petisset
3143 5730 3364 5787 concedi
3396 5741 3534 5795 pra:-

249 5821 608 5898 subjungunt.
641 5824 796 5889 Tunc
823 5826 891 5885 ab
921 5827 1145 5897 antiquo
1175 5834 1384 5908 natura:
1413 5835 1561 5885 statu
1586 5827 1734 5886 visus
1761 5835 1846 5911 est
1878 5893 1900 5906 τ
1946 5827 2112 5899 cepit,
2136 5837 2406 5907 solamen
2430 5837 2592 5900 pacto
2624 5839 2685 5888 ut
2705 5829 2965 5889 continuo
2995 5828 3310 5888 thesaurum
3338 5817 3531 5878 redde-
