4018 6324
580 352 725 413 ιοιε

1446 334 1730 405 arrecto.
1756 348 1848 404 AD
1886 347 2015 405 LIB.
2040 346 2105 403 Ill
2128 346 2456 404 GUIBERTI
2483 346 2569 403 DE
2601 342 2761 403 Vl’l‘A
2788 344 2941 405 sua.

3685 360 3791 426 ifilli

578 460 689 535 ret,
713 484 970 543 quoniam
995 467 1221 524 timebat
1241 480 1305 520 ne
1332 465 1374 519 si
1398 465 1587 519 dilatio
1619 464 1701 519 vel
1727 464 1907 519 brevis
1931 463 2173 527 daretur,
2205 470 2255 530 Α
2282 464 2449 530 enim,
2494 461 2689 532 inquit,
2731 471 3085 534 compunctus
3113 468 3262 535 eum?
3284 468 3571 539 reddidisti,
3616 472 3794 551 ideoun

578 563 674 623 ille
698 567 1003 621 daemonum
1035 561 1292 617 instinctu
1322 559 1442 629 fuga
1469 558 1760 613 laberetur.
1795 558 1913 613 Jam
1946 558 2034 611 lux
2065 556 2172 611 diei

582 658 901 721 transierat,
943 668 1160 723 noxque
1202 651 1489 707 tenebrosa
1542 658 1904 705 successerat.
1945 648 2176 704 lubente

581 757 765 804 tamen
811 748 1066 818 episcopo
1103 761 1201 817 per
1243 754 1410 801 totam
1447 744 1638 799 urbem
1678 742 1827 799 faces
1867 751 1925 798 et
1968 742 2174 814 lychni,

578 849 891 909 ceteraque
910 839 1199 893 laminaria
1216 836 1611 903 accenduntur,
1640 843 1699 891 ut
1723 835 1854 891 illud
1873 834 2176 890 Psalmistaa

526 918 538 927 ’
576 927 829 985 Lauduni
861 945 921 985 ea
955 930 1088 985 hora
1128 928 1535 1000 compleretur;
1572 946 1589 979 ι
1634 927 1702 982 Et
1734 942 1838 982 nox
1877 926 2020 981 sicut
2060 925 2177 981 dies

576 1023 978 1081 illuminabitur
1029 1023 1206 1095 (Psal.
1248 1039 1514 1089 cxxxvttt,
1558 1021 1671 1093 l0).
1726 1040 1744 1073 ι
1796 1018 1986 1074 Nullus
2031 1016 2176 1074 domi

576 1127 849 1183 remanet,
870 1133 1063 1174 omnes
1079 1118 1238 1189 quasi
1262 1119 1328 1173 ad
1344 1115 1711 1188 spectaculum
1734 1112 2173 1185 progrediuntur.

651 1210 947 1267 Anselmus
975 1210 1148 1266 instar
1170 1211 1281 1266 ursi
1302 1211 1368 1266 de
1390 1225 1555 1265 cavea
1593 1209 1841 1281 producti
1867 1206 2173 1272 deducitur,

577 1303 903 1358 Custodibus
946 1311 1000 1356 et
1039 1302 1237 1374 populo
1278 1311 1434 1357 caute
1473 1316 1540 1356 ne
1580 1300 1753 1371 fugiat
1786 1297 2173 1354 circumdatur.

577 1393 725 1450 Petit
746 1394 1033 1451 ecclesiam
1060 1394 1116 1449 8.
1146 1394 1359 1449 Martini
1378 1402 1531 1449 extra
1550 1408 1734 1448 muros
1751 1391 1902 1446 urbis
1922 1390 2174 1461 positam,

578 1487 902 1558 pervenitur
923 1488 988 1542 ad
1026 1489 1314 1557 quemdam
1347 1487 1524 1542 locum
1556 1501 1723 1556 prope
1747 1486 1956 1549 vincas,
1988 1484 2041 1537 in
2069 1495 2177 1551 quo

575 1580 923 1652 paxillorum,
966 1580 1164 1649 quibus
1194 1580 1333 1635 vites
1360 1586 1766 1643 sustentantur,
1797 1577 1989 1650 ingens
2022 1590 2175 1630 acer-

574 1678 678 1728 vus
718 1681 838 1728 erat
885 1682 1210 1743 congestus,
1254 1673 1354 1728 sub
1393 1674 1473 1727 eis
1521 1673 1571 1725 in
1616 1670 1818 1726 montis
1873 1667 2176 1741 praecipitio

575 1758 737 1835 quasi
769 1766 823 1820 in
863 1774 1129 1821 tartarum
1163 1766 1465 1831 descendit,
1498 1780 1829 1827 manumque
1860 1764 1927 1819 ad
1960 1777 2174 1818 sacrum

574 1857 822 1921 mittens,
858 1858 1095 1927 primum
1135 1872 1358 1913 auream
1400 1859 1654 1914 tabellam
1697 1858 1763 1913 de
1813 1865 1965 1911 textu
1996 1854 2173 1909 Evan-
2201 1847 2251 1909 B

575 1948 843 2020 geliorum
876 1950 1207 2020 discerptam
1238 1951 1485 2021 protulit,
1514 1950 1913 2019 subridensque
1940 1948 2175 2003 circum-

578 2041 1117 2107 stantibus,bonum,
1146 2042 1348 2112 inquit,
1376 2053 1678 2099 mercatum
1700 2042 1933 2113 feci,qui
1964 2048 2175 2095 tantum

574 2134 894 2189 thesaurum
928 2149 1028 2204 pro
1060 2134 1423 2207 quadraginta
1450 2136 1607 2192 libris
1639 2134 1870 2201 reddidi,
1903 2134 2032 2204 quia
2058 2132 2176 2189 haec

573 2226 689 2283 sola
734 2225 917 2281 tabula
970 2227 1139 2281 multo
1184 2227 1307 2297 plus
1353 2228 1517 2283 valet.
1572 2229 1663 2284 Sic
1711 2242 1842 2296 ergo
1887 2228 2175 2283 thesaurus

573 2320 821 2376 redditus
857 2321 923 2375 ad
964 2320 1254 2376 ecclesiam
1298 2321 1357 2377 S.
1400 2321 1583 2377 Maria:
1631 2322 1877 2392 protinus
1917 2323 2174 2389 refertur,

572 2420 801 2485 totaque
855 2415 1077 2471 civitate
1128 2415 1348 2471 laetante
1398 2416 1767 2482 clamoribtrs,
1824 2425 1879 2471 et
1935 2415 1989 2471 in
2043 2429 2177 2470 voce

575 2507 964 2564 exsultatidnis
989 2516 1045 2564 et
1074 2507 1437 2564 confessionis
1469 2509 1662 2579 plateae
1700 2517 1992 2573 resonant,
2023 2507 2178 2579 signa

573 2599 742 2656 etiam
775 2617 887 2671 prie
928 2601 1125 2673 gaudio
1150 2616 1251 2670 per
1279 2614 1471 2657 omnes
1498 2600 1759 2656 ecclesias
1796 2601 2103 2670 pulsantur.

646 2692 764 2747 Non
806 2702 889 2750 est
945 2694 1282 2749 reticendum
1335 2708 1587 2763 maguum
1631 2678 1902 2762 quoddam
1937 2692 2174 2747 miracu-

569 2785 709 2844 lum.
753 2787 984 2855 Quidam
1014 2788 1156 2843 enim
1194 2788 1492 2842 monachus
1524 2785 1755 2853 aurifex,
1807 2785 2028 2841 nomine
2086 2784 2176 2841 Si-

568 2870 757 2952 gerus,
790 2879 843 2934 in
883 2878 1134 2934 coenobio
1165 2877 1223 2933 S.
1256 2878 1531 2934 Vineentii
1578 2894 1823 2945 manens,
1876 2878 2003 2933 dum
2028 2878 2178 2949 operi

570 2988 674 3030 suo
726 2973 891 3027 etiam
938 2981 1096 3027 nocte
1138 2971 1417 3036 insistens,
1472 2973 1712 3042 aperiret
1777 2972 2017 3028 aediculae
2067 2986 2179 3027 suae

571 3061 893 3128 fenestram,
922 3078 1026 3134 qua
1080 3063 1138 3118 S.
1189 3063 1405 3118 Martini
1454 3063 1890 3134 prospiciebantur
1927 3062 2176 3130 ecclesia,

570 3156 799 3231 videbat
821 3155 977 3227 quasi
1002 3155 1215 3210 radium
1252 3155 1751 3225 splendidissimum
1779 3155 1918 3212 lucis
1945 3157 2011 3211 de
2039 3155 2180 3211 ccelo

2276 569 2385 610 non
2434 562 2588 625 potes
2630 554 2854 618 absolvi,
2917 556 3012 612 sed
3065 557 3245 615 adhuc
3288 568 3796 633 excommunicationi:

2277 660 2403 702 reus
2435 646 2667 712 teneris;
2710 646 2806 701 sed
2850 646 2897 703 si
2940 650 3224 719 pecuniam
3265 651 3419 708 istam
3455 656 3662 715 reddens
3681 675 3796 720 vera.

2276 751 2396 794 cem
2438 739 2834 795 confessionem
2872 740 2939 795 de
2967 740 3134 809 furto,
3168 743 3275 801 imo
3306 746 3372 802 de
3397 748 3658 821 sacrilegio
3689 753 3799 814 face-

2277 846 2387 901 res,
2431 840 2485 887 et
2527 831 2903 902 paenitentiam
2944 834 3140 891 exinde
3173 838 3492 909 susciperes,
3533 850 3646 900 tunc
3663 855 3708 901 et
3725 851 3797 907 ab-

2278 924 2437 992 solvi,
2467 934 2524 979 et
2546 924 2885 981 Hierusalem
2920 927 3191 998 proficisci
3242 944 3448 1001 posses.
3500 933 3801 1005 Acquieseens

2278 1014 2369 1074 ille
2413 1018 2596 1073 verbis
2626 1018 2897 1089 pontificis
2925 1019 3208 1090 prmf‘atam
3250 1026 3535 1095 pecuniam
3560 1027 3699 1101 ξω
3731 1050 3801 1104 pu.

2276 1108 2415 1167 blice
2442 1127 2605 1181 super
2631 1111 2801 1167 altare
2827 1113 3029 1182 posuit,
3065 1114 3431 1186 fidejussores,
3460 1119 3546 1190 qui
3582 1136 3636 1177 se
3660 1124 3799 1182 decem

2277 1203 2600 1259 milliaribus
2630 1203 2820 1273 procul
2873 1217 2902 1257 a
2934 1204 3193 1261 Lauduno
3250 1224 3440 1265 secure
3492 1210 3800 1272 deducendum

2277 1295 2700 1367 spoponderant,
2737 1295 2938 1352 liberos
2967 1311 2997 1350 a
3054 1297 3403 1368 fidejussione
3456 1316 3548 1357 sua
3586 1318 3688 1360 esse
3708 1321 3800 1363 eon-

2277 1390 2461 1458 cessit,
2490 1391 2677 1462 sicque
2705 1394 2773 1449 ab
2819 1394 3075 1466 episeopo
3113 1393 3420 1460 absolutus,
3448 1399 3504 1449 et
3534 1409 3717 1453 crucem
3740 1413 3803 1456 sn-

2277 1481 2533 1552 scipiens,
2562 1499 2884 1555 quocunque
2909 1485 3125 1540 volebat
3149 1484 3320 1541 libere
3356 1494 3442 1541 est
3470 1485 3608 1542 abire
3626 1489 3804 1556 permis-

2277 1588 2394 1640 sus,
2412 1582 2466 1629 et
2490 1589 2611 1630 cum
2636 1575 2752 1647 ipso
2766 1579 3018 1650 episcopo
3038 1593 3137 1650 per
3156 1578 3362 1650 aliquot
3387 1576 3501 1634 dies
3527 1576 3805 1639 familiariter

2277 1673 2363 1721 est
2386 1674 2759 1725 conversatus.

2349 1778 2693 1837 Conscientia
2731 1790 2910 1839 tamen
2952 1799 3011 1840 se
3042 1783 3275 1840 interius
3323 1782 3558 1854 graviter
3585 1793 3806 1855 torquente

2277 1870 2622 1942 perterritus,
2658 1874 2823 1945 coepit
2848 1874 3032 1947 fugam
3069 1875 3347 1943 meditari,
3376 1877 3678 1948 tandemque
3700 1876 3806 1933 clam

2279 1962 2403 2019 culo
2432 1976 2499 2018 ex
2534 1964 2669 2019 urbe
2718 1964 2909 2037 fugere
2938 1965 3131 2021 voluit.
3166 1964 3274 2022 Sed
3300 1982 3426 2021 cum
3470 1965 3532 2021 de
3567 1973 3719 2022 monte
3741 1967 3806 2023 de-

2279 2056 2543 2113 scendere
2570 2057 2848 2127 coepisset,
2873 2058 3068 2112 mirum
3101 2056 3247 2113 dictu
3275 2058 3288 2111 i
3321 2057 3458 2115 vidit
3480 2058 3620 2127 quasi
3642 2057 3808 2115 ﬂuvium

2279 2162 2536 2217 magnum
2564 2149 2735 2205 instar
2762 2148 2930 2205 maris
2960 2159 3147 2205 contra
3178 2164 3237 2204 se
3266 2150 3663 2218 redundantem,
3688 2166 3809 2221 seque

2280 2236 2336 2293 in
2373 2247 2608 2294 montem
2642 2240 2820 2295 redire
2851 2249 3156 2311 cogentem.
3189 2238 3349 2296 Unde
3386 2239 3693 2313 stupefactus
3722 2258 3807 2296 rur-

2279 2345 2373 2386 sus
2394 2346 2492 2401 per
2530 2330 2691 2385 aliam
2733 2340 2943 2401 portam
2984 2332 3333 2393 descendere,
3376 2341 3433 2385 et
3476 2331 3645 2403 fugere
3679 2342 3808 2388 tenta-

2278 2422 2375 2486 vit,
2406 2422 2498 2478 sed
2522 2422 2769 2494 protinus
2792 2422 3014 2479 fluvium
3037 2424 3177 2479 sicut
3201 2424 3355 2494 prius
3382 2432 3568 2480 contra
3591 2439 3642 2481 se
3660 2424 3808 2480 redun-

2282 2513 2460 2569 dando
2492 2515 2798 2570 venientem
2838 2515 2993 2570 vidit.
3050 2515 3295 2585 Cumque
3327 2517 3432 2572 hoc
3460 2517 3508 2571 ei
3534 2515 3702 2587 saepius
3719 2532 3811 2571 con-

2282 2607 2537 2678 tingeret,
2587 2624 2687 2665 nec
2716 2609 2782 2664 de
2816 2618 2999 2665 monte
3029 2610 3369 2666 descendere
3398 2610 3614 2677 valeret,
3650 2618 3807 2664 secrete

2280 2698 2387 2755 hoc
2413 2700 2665 2770 episcopo
2696 2698 2977 2756 confessus
3011 2713 3113 2755 est.
3147 2701 3514 2767 Quamobrem
3564 2701 3807 2770 episcopus,

2282 2791 2573 2849 occasione
2598 2801 2833 2861 sumpta,
2867 2792 3097 2847 suadere
3124 2793 3173 2847 ei
3201 2792 3391 2863 coepit,
3421 2802 3481 2847 ut
3506 2792 3709 2861 priorem
3729 2792 3811 2846 tlte-

2284 2899 2527 2950 saurum,
2560 2880 2715 2951 cujus
2739 2880 2969 2953 partem,
2992 2883 3135 2939 sicut
3172 2883 3550 2955 supradictum
3575 2892 3668 2947 est,
3693 2883 3812 2938 Sues-

2283 2976 2456 3033 sionis
2484 2975 2895 3032 venundandam
2924 2974 3134 3031 aurifici
3176 2974 3499 3040 tradiderat,
3531 2974 3583 3030 S.
3609 2974 3813 3028 Mariae:

2285 3066 2498 3140 integro
2569 3068 2849 3134 redderet,
2904 3068 3091 3138 sicque
3144 3081 3374 3123 securus
3426 3064 3729 3122 Hierusalem
3761 3064 3815 3119 ire

2285 3167 2492 3231 posset.
2554 3158 2649 3216 Ille
2686 3167 3004 3215 consuetam
3051 3159 3406 3231 negationem
3461 3167 3706 3230 repetens,
3743 3157 3813 3223 sic,

566 3242 978 3319 procedentem,
1025 3255 1074 3302 et
1101 3260 1273 3316 usque
1301 3245 1367 3300 ad
1395 3244 1543 3300 illum
1572 3245 1775 3314 locum,
1820 3261 1926 3316 quo
1956 3247 2177 3302 thesau-
2206 3242 2249 3302 C
2283 3250 2479 3321 inquit,
2514 3250 2771 3321 suspendi
2801 3263 3014 3305 merear
3043 3250 3183 3305 sicut
3206 3248 3402 3315 ludas,
3445 3250 3536 3319 qui
3565 3249 3709 3305 Deum
3740 3257 3816 3301 tra-

564 3354 672 3397 rus
698 3340 1048 3397 absconditus
1081 3349 1220 3404 erat,
1253 3338 1661 3409 procedentem.
1716 3338 1869 3395 Unde
1896 3338 2061 3394 nimis
2083 3338 2179 3395 ad-

570 3432 805 3491 miratus
866 3433 1139 3490 nonnullis
1194 3434 1590 3490 monachorum
1649 3432 1835 3489 Sancti
1906 3432 2177 3489 Vincentii

573 3528 827 3586 eumdem
881 3529 1020 3586 lucis
1068 3528 1279 3585 radium
1330 3527 1596 3593 ostendit,
1650 3527 1744 3583 sed
1797 3524 1871 3580 illi
1927 3525 2179 3596 quamvis

574 3622 818 3693 quotidie
870 3624 1184 3679 thesaurum
1247 3621 1599 3693 reliquiarum
1633 3620 1693 3677 S.
1742 3619 1924 3674 Marize
1974 3619 2178 3688 requiri

576 3712 860 3778 audirent,
914 3713 1096 3769 nullus
1160 3722 1343 3767 tamen
1400 3726 1524 3767 eum
1581 3711 1652 3767 ibi
1705 3726 1826 3766 esse
1884 3709 2177 3781 cogitabat.

578 3803 792 3859 Tandiu
822 3822 951 3877 ergo
982 3807 1229 3861 monachi
1274 3806 1485 3861 radium
1528 3804 1667 3860 lueis
1698 3812 1857 3859 nocte
1893 3818 2181 3860 coruscare

577 3896 1125 3969 viderunt,'quandiu
1172 3914 1362 3954 saccus
1402 3898 1474 3953 ibi
1520 3912 1642 3953 cum
1684 3897 1939 3952 thesauro
1986 3895 2178 3965 jacuit.

566 4048 569 4051 ἰ
651 3987 813 4043 Aliud
848 3988 1068 4059 quoque
1107 3989 1428 4045 miraculum
1465 4005 1572 4045 non
1620 3989 1883 4043 silendum
1931 3987 2180 4057 contigit,

581 4095 651 4137 ex
680 4078 809 4151 quo
855 4081 1002 4136 enim
1055 4081 1345 4137 Anselmus
1396 4081 1485 4136 ille
1528 4096 1650 4135 cum
1684 4079 1891 4149 reliquo
1929 4078 2183 4132 thesauro
2227 4094 2238 4105 ο

583 4174 748 4228 etiam
797 4172 1099 4228 columbam
1132 4189 1351 4229 auream
1393 4173 1681 4243 confregit,
1716 4170 1782 4226 de
1813 4174 1937 4241 'qua
1988 4184 2180 4239 supra-

582 4266 837 4329 diximus,
875 4266 927 4319 in
971 4280 1078 4336 qua
1122 4266 1191 4321 de
1230 4265 1371 4321 lacte
1410 4263 1468 4320 8.
1504 4264 1690 4318 Marim
1731 4270 1786 4317 et
1821 4260 2033 4331 capillis
2067 4259 2184 4327 ejus

586 4357 848 4413 contineri
882 4357 1176 4425 ferebatur,
1208 4358 1391 4413 divino
1415 4355 1620 4425 judicio
1643 4369 1920 4423 nunquam
1946 4354 2183 4407 dormire

580 4446 778 4518 potuit,
812 4446 955 4503 sicut
984 4448 1100 4518 ipse
1120 4449 1463 4517 postmodum
1488 4446 1743 4515 episcopo
1772 4443 2054 4499 confessus
2078 4451 2182 4498 est.

582 4537 690 4595 Sed
715 4540 1151 4612 quandocunque
1180 4539 1365 4596 oculos
1390 4554 1489 4610 pro
1519 4553 1711 4593 somno
1728 4537 2038 4602 claudebat,
2058 4550 2186 4605 pro-

584 4629 733 4684 tinus
775 4630 1023 4686 eamdem
1073 4631 1381 4687 columbam
1427 4638 1663 4685 rostrmn
1712 4628 1885 4685 oculis
1918 4628 2031 4683 suis
2058 4627 2181 4681 inli-

584 4728 819 4792 gentem,
849 4732 904 4778 et
930 4738 1025 4778 eos
1062 4723 1395 4794 aperientem
1447 4721 1687 4777 videbat.
1742 4720 1966 4775 Diabolo
2006 4729 2185 4773 tamen

588 4827 683 4870 eor
727 4829 887 4870 suum
918 4815 1219 4871 obdurante
1267 4814 1413 4870 nulla
1457 4823 1680 4885 propter
1722 4813 1826 4868 hoc
1865 4809 2186 4882 poenitentia

586 4909 1076 4981 compungebatur.
1120 4907 1412 4977 Postquam
1442 4921 1573 4961 vero
1609 4904 1873 4960 columbae
1918 4902 2187 4957 fracturae

554 4992 713 5059 cum
754 5000 861 5059 alio
913 5001 1170 5058 thesauro
1216 4999 1476 5066 reddidit,
1515 4998 1833 5054 facultatem
1884 4992 2189 5051 dormiendi

585 5095 813 5168 recepit.

657 5209 718 5265 ln
748 5209 991 5267 crastino
1015 5224 1145 5281 ergo
1172 5206 1459 5263 Anselmus
1503 5206 1569 5261 ad
1597 5204 1909 5275 episcopum
1944 5199 2188 5264 veniens,

588 5312 651 5359 ut
712 5317 774 5359 se
808 5303 877 5359 ab
922 5300 1490 5367 excommunicatione
1548 5313 1646 5369 pro
1696 5296 1876 5350 furato
1937 5292 2191 5347 thesauro

588 5394 734 5453 facta
764 5395 1091 5461 absolveret,
1148 5408 1475 5463 crucemque
1514 5391 1615 5446 sibi
1663 5390 1839 5452 daret,
1867 5394 1922 5441 et
1972 5384 2194 5439 Jerusa-

587 5482 698 5544 lem
726 5490 792 5544 ad
822 5488 1128 5560 sepulcrum
1172 5485 1388 5542 Domini
1437 5485 1589 5541 abire
1620 5482 1983 5554 permitteret,
2014 5478 2189 5549 petiit.

588 5574 895 5648 Respondit
923 5578 1209 5649 episcopus
1237 5592 1295 5632 se
1334 5576 1468 5631 nihil
1496 5576 1689 5630 horum
1726 5573 2021 5639 facturum,
2055 5584 2194 5639 quo-

591 5670 743 5736 niam
769 5687 871 5727 nec
918 5672 1206 5737 absolutio,
1259 5686 1359 5726 nec
1409 5670 1514 5726 iter
1543 5666 2097 5738 llierosolymitanum
2144 5664 2193 5717 ei

594 5759 801 5831 aliquid
833 5762 1130 5831 prodesset,
1171 5761 1409 5830 quandiu
1448 5760 1805 5829 quadraginta
1833 5757 2020 5822 libras,
2061 5770 2196 5824 quas

502 5862 508 5868 ‘
596 5867 701 5922 pro
760 5852 1066 5907 redditione
1118 5852 1356 5906 thesauri
1414 5859 1721 5919 acceperat,
1791 5859 2021 5906 teneret.
2078 5845 2196 5903 Non

2283 3343 2439 3413 didit,
2472 3343 2517 3399 si
2572 3343 2776 3415 aliquid
2815 3343 3021 3400 exinde
3073 3342 3262 3399 habui.
3320 3341 3480 3409 Quod
3509 3342 3554 3398 si
3597 3341 3709 3396 mihi
3741 3355 3817 3395 non

2283 3436 2511 3492 creditis
2543 3436 2741 3491 iterum
2781 3443 3003 3506 paratus
3031 3449 3150 3492 sum
3182 3433 3458 3505 judicium
3505 3449 3646 3506 aqua:
3670 3432 3817 3499 subire;

2287 3535 2345 3584 et
2376 3527 2421 3583 si
2459 3526 2741 3598 culpabilis
2783 3526 3037 3582 inventus
3072 3525 3252 3592 fuero,
3301 3526 3392 3581 vel
3422 3526 3466 3582 si
3501 3523 3736 3596 judicium
3761 3522 3819 3575 fa-

2285 3636 2410 3677 cere
2439 3621 2686 3690 noluero,
2736 3619 2899 3677 facite
2941 3635 3029 3676 me
3068 3620 3348 3691 suspendi.
3407 3619 3558 3677 Tunc
3596 3617 3821 3690 episcopus

2285 3714 2512 3786 rogabat
2537 3722 2596 3769 ut
2624 3712 2812 3769 saltem
2847 3712 3053 3783 lapides
3086 3711 3374 3783 pretiosos,
3421 3711 3515 3783 qui
3546 3712 3594 3765 in
3622 3707 3821 3765 crucibus

2286 3808 2465 3863 aureis
2499 3807 2685 3862 inserti
2716 3806 2947 3873 fuerant,
2971 3805 3242 3872 redderet,
3265 3805 3589 3876 promittens
3615 3800 3734 3874 quod
3752 3814 3820 3869 pro

2288 3913 2421 3953 auro
2439 3898 2639 3953 nullam
2662 3898 2710 3952 ei
2732 3897 3031 3951 molestiam
3052 3896 3274 3952 faceret.
3301 3894 3397 3949 ille
3418 3910 3549 3950 vero
3566 3891 3680 3948 nihil
3692 3890 3822 3962 ponti-

2288 3990 2374 4046 fici
2406 3990 2633 4045 reddere
2653 3989 2847 4055 voluit;
2876 3990 2971 4044 sed
2993 4004 3087 4044 eos
3106 4003 3165 4043 se
3181 3988 3384 4044 habere
3407 3986 3623 4042 omnino
3638 3979 3822 4054 negavit.

2357 4082 2553 4137 Postea
2600 4091 2777 4137 tamen
2830 4080 3050 4137 Nicolao
3097 4079 3394 4136 castellano
3436 4078 3589 4147 jussu
3635 4070 3822 4146 episcopi

2286 4175 2471 4248 priora
2518 4175 2566 4229 ei
2599 4182 2867 4228 tormenta
2920 4172 3288 4227 comminante
3330 4168 3501 4224 nimis
3539 4162 3823 4238 perterritus,

2287 4268 2442 4323 duxit
2482 4268 2730 4323 eumdem
2760 4265 3040 4321 Nicolaum
3080 4265 3147 4319 ad
3185 4264 3379 4319 vineas
3410 4263 3513 4318 sub
3544 4268 3708 4314 monte
3724 4253 3826 4326 posi-

2289 4369 2393 4427 tas,
2426 4372 2740 4431 ponensque
2792 4373 3012 4412 manum
3051 4357 3106 4411 in
3154 4365 3311 4409 terrm
3365 4366 3600 4409 caverna
3646 4342 3825 4402 extraxit

2287 4451 2357 4506 de
2395 4450 2610 4505 saccqu
2657 4449 2775 4517 jam
2817 4446 3126 4518 putrefacto
3182 4444 3388 4515 lapides
3439 4438 3826 4514 pretiosissimas.

2292 4543 2623 4612 tradiditque
2673 4556 2767 4596 eos
2814 4539 2914 4611 ipsi
2961 4537 3277 4595 castellano.
3334 4536 3456 4605 Quo
3500 4535 3639 4590 facto
3682 4533 3829 4586 iterum

2289 4632 2622 4688 conscientia
2674 4631 3016 4686 rentordcnte
3058 4627 3436 4695 tremefactus,
3489 4626 3724 4699 quoniam
3762 4634 3828 4673 (es

2290 4725 2561 4782 celaverat
2582 4726 2855 4796 episcopo,
2895 4732 2951 4778 et
2980 4722 3291 4777 reddiderat
3320 4720 3636 4784 castellano.
3666 4724 3830 4771 rursum

2289 4826 2476 4897 fugere
2517 4823 2764 4879 tentavit.
2822 4819 3120 4891 Episcopus
3158 4826 3342 4874 autem
3374 4816 3607 4887 receptis
3632 4828 3659 4867 a
3686 4804 3833 4867 castel-

2290 4917 2419 4975 lano
2461 4915 2726 4987 lapidibus
2754 4913 3073 4969 recordatus
3103 4911 3298 4967 somnii
3332 4907 3653 4980 supradicti,
3687 4905 3731 4958 in
3757 4910 3831 4968 (ιιιο

2292 5011 2351 5067 8.
2388 5010 2552 5064 Maria
2582 5010 2630 5064 ei
2660 5017 3016 5079 praeceperat,
3053 5022 3123 5062 ne
3150 5005 3419 5060 latronem
3459 5017 3615 5059 suum
3655 4991 3835 5065 impuni-

2291 5112 2407 5159 tum
2437 5102 2587 5156 abire
2614 5099 2979 5169 permitteret,
3010 5097 3106 5153 sed
3150 5095 3423 5166 justitiam
3466 5095 3536 5149 de
3562 5107 3627 5147 eo
3657 5089 3830 5145 faceer

2291 5196 2538 5266 protinus
2566 5190 2876 5247 convocatis
2907 5188 3173 5244 ministris
3202 5188 3336 5253 suis,
3381 5184 3637 5258 praecepit
3660 5189 3712 5234 ut
3749 5177 3830 5229 Ᾱιεο

2293 5288 2521 5343 seintum
2547 5286 2867 5359 quantocius
2898 5289 3228 5354 qumrerent,
3258 5288 3313 5336 et
3341 5280 3441 5335 sibi
3474 5274 3830 5349 praesentariam.

2294 5381 2526 5437 Ministri
2582 5397 2679 5452 per
2710 5381 2923 5435 diversa
2954 5377 3069 5432 loca
3101 5375 3489 5439 discurrentes,
3522 5369 3726 5424 tandem
3748 5372 3833 5414 enm

2295 5473 2573 5544 reperiunt
2611 5473 2663 5525 in
2693 5470 2831 5525 valle
2859 5470 2957 5524 sub
2988 5466 3239 5524 coenobio
3271 5463 3330 5518 S.
3364 5457 3660 5523 Vincentii,
3700 5453 3835 5520 fugem

2250 5564 2251 5567 “
2292 5563 2588 5629 volentem,
2621 5559 2716 5615 sed
2753 5568 2976 5630 propter
2996 5557 3218 5612 fluvium
3250 5551 3644 5609 redundantem
3666 5552 3838 5630 nongt'a'

2304 5653 2528 5709 lentem.
2574 5628 2777 5708 Jubent
2805 5628 2871 5707 ei
2898 5658 2958 5703 ut
2995 5662 3178 5704 secum
3205 5645 3273 5701 ad
3302 5644 3613 5715 episcopum
3673 5628 3829 5688 venia!-

2366 5749 2457 5805 llle
2489 5758 2727 5803 tremens
2758 5753 2812 5800 et
2834 5743 3124 5814 exsanguis
3155 5750 3331 5811 rogat,
3372 5745 3427 5793 ut
3469 5750 3531 5791 se
3572 5726 3838 5804 permittam

2294 5842 2445 5914 loqui
2470 5841 2668 5897 domno
2699 5835 2957 5894 Alberoni
2987 5835 3047 5892 S.
3088 5833 3359 5890 Yincentii
3392 5824 3601 5885 abbati.-
3632 5819 3836 5879 Nolenlei
