4018 6324
261 377 393 437 illi?

1391 369 1600 427 DOMNI
1638 368 1697 425 L.
1742 365 2077 426 D’ACHERY
2121 365 2346 423 ΝΟΤίΕ.

3378 369 3516 427 1018

259 508 379 551 eum
415 490 721 560 relinquere
770 489 975 544 vadunt
1023 501 1146 545 cum
1187 500 1271 552 eo,
1318 494 1646 556 praeceperat
1689 485 1833 539 enim
1861 487 1911 547 Α
1944 483 2036 537 tibi
2087 498 2270 536 coram
2314 482 2564 539 omnibus
2599 483 2741 556 quod
2781 499 2889 539 non
2936 481 3098 539 credo
3150 485 3266 550 tibi,
3310 494 3361 541 te
3408 503 3517 544 non

259 585 544 656 episcopus
573 592 630 638 ut
661 590 818 637 caute
847 583 1182 637 custodirent
1227 595 1370 635 eum.
1411 579 1722 633 Prostratus
1749 576 1839 631 ille

257 677 482 752 pedibus
523 675 733 731 abbatis
762 684 913 746 rogat
952 682 1010 728 ut
1060 688 1241 728 secum
1282 672 1348 726 ad
1373 671 1681 742 episcopum
1730 677 1839 724 eat.

256 765 572 835 Acquiescit
610 763 777 819 abbas
820 772 875 818 et
922 778 1043 818 cum
1082 777 1146 817 eo
1201 764 1265 816 ad
1309 761 1618 831 episcopum
1669 759 1838 815 vadit.

261 851 632 914 Prosternitur
658 855 750 912 ille
776 854 1000 927 pedibus
1046 853 1325 917 antistitis,
1358 853 1650 909 obsecrans
1674 852 1839 907 vitam

257 964 311 1010 et
337 952 582 1008 membra
609 950 712 1008 sibi
735 950 979 1007 concedi.
1030 949 1129 1006 Cui
1182 951 1482 1022 episcopus,
1515 950 1637 1021 quis
1673 949 1840 1014 enim,

257 1047 454 1117 inquit,
505 1055 558 1102 te
601 1044 987 1117 persequitur?
1020 1043 1204 1100 Redde
1249 1045 1558 1099 thesaurum
1612 1042 1844 1098 dominae

255 1142 617 1207 meiesanctae
640 1136 841 1202 Mariae,
867 1143 921 1190 et
945 1150 1266 1206 quocunque
1288 1135 1524 1190 volneris
1553 1133 1688 1188 liber
1718 1149 1843 1204 pro-

255 1229 527 1284 ﬁciscere.
576 1226 863 1283 Anselmus
889 1236 1146 1282 consueto
1178 1242 1326 1282 more
1355 1227 1684 1296 imprecatur
1713 1226 1838 1291 sibi,

254 1328 314 1375 ut
356 1320 437 1376 sic
463 1320 824 1391 suspendatur
850 1319 989 1375 sicut
1015 1319 1203 1385 Judas,
1244 1319 1335 1390 qui
1384 1318 1550 1373 Deum
1599 1318 1840 1386 tradidit,

252 1411 299 1468 si
324 1411 532 1483 aliquid
558 1412 750 1468 exinde
776 1412 1049 1468 habuerit.
1079 1411 1230 1467 Tunc
1256 1411 1451 1482 praesul
1484 1429 1497 1465 :
1528 1410 1712 1466 Palam
1737 1419 1840 1477 cst,

251 1499 457 1573 inquit,
481 1512 533 1558 te
559 1504 805 1569 mentiri;
831 1504 955 1573 quia
985 1503 1188 1573 lapides
1214 1502 1511 1559 castellano
1540 1501 1840 1569 reddidisti,

251 1603 308 1652 et
335 1597 469 1650 mihi
497 1595 722 1652 reddere
756 1595 995 1652 noluisti.
1033 1596 1237 1666 Sponte
1263 1609 1392 1652 vero
1418 1603 1508 1650 tua
1533 1595 1665 1650 mihi
1707 1609 1840 1665 pro-

255 1689 479 1752 misisti,
526 1689 668 1759 quod
700 1689 746 1745 si
777 1690 870 1745 tibi
911 1689 1106 1746 exinde
1133 1705 1242 1745 non
1287 1688 1590 1768 crederem,
1636 1688 1842 1760 judicio

261 1791 412 1849 lquze
439 1789 491 1836 te
515 1795 798 1853 purgares,
824 1789 918 1836 aut
938 1781 981 1835 si
1001 1780 1180 1836 facere
1198 1780 1389 1843 nolles,
1409 1779 1720 1836 concessisti
1748 1795 1845 1850 pu-

255 1865 398 1930 blice
423 1881 485 1929 ut
507 1874 875 1947 suspenderis.
919 1872 1070 1946 Elige
1100 1888 1230 1946 ergo
1260 1875 1401 1945 quod
1429 1873 1677 1929 volueris.
1713 1873 1844 1928 Dico

1943 572 2195 627 habuisse
2217 572 2526 627 thesaurum
2570 572 2628 628 S.
2675 573 2876 629 Mariae.
2905 573 3011 628 Aut
3039 573 3188 628 illum
3217 575 3400 639 redde,
3423 586 3522 632 aut

1941 682 2111 737 purga
2153 674 2204 719 te
2235 666 2372 721 sicut
2397 669 2636 723 obtulisti
2663 669 2867 740 judicio
2894 685 3065 740 aquae,
3099 678 3194 724 aut
3215 671 3518 740 suspende-

1942 760 2017 815 ris
2045 760 2186 814 sicut
2213 761 2549 816 concessisti.
2579 762 2653 816 De
2679 762 2760 818 his
2785 763 2957 819 tribus
2980 763 3072 818 tibi
3097 762 3380 836 optionem,
3401 777 3524 818 con-

1943 854 2094 909 cedo.
2135 852 2444 922 Respondet
2493 853 2780 912 Anselmus
2809 871 2907 910 nec
2931 870 2988 911 se
3017 854 3274 910 habuisse
3304 854 3522 911 thesau-

1942 961 2084 1008 rum,
2114 958 2214 999 nec
2253 943 2519 1013 judicium
2554 958 2706 1012 aqua:
2745 945 2972 1013 proinde
3021 944 3313 1002 facturum.
3368 944 3523 1002 Tunc

1943 1040 2226 1110 cpiscopus
2274 1044 2572 1092 convocato
2605 1036 2840 1104 generali
2873 1047 3139 1093 conventu
3179 1038 3520 1104 clericorum,

1944 1130 2174 1185 militum
2214 1127 2502 1191 etcivium,
2529 1141 2746 1180 causam
2767 1125 2974 1193 profert
2998 1127 3052 1181 in
3081 1130 3332 1183 medium.
3365 1130 3528 1185 Com-

1944 1222 2092 1278 muni
2132 1221 2373 1277 omnium
2414 1217 2735 1275 sententiam
2769 1216 3067 1286 iudicatur,
3097 1228 3156 1272 ut
3186 1222 3328 1288 quod
3364 1221 3530 1276 miser

1944 1332 2038 1373 ore
2062 1315 2278 1386 preprio
2300 1320 2566 1370 statuerat
2586 1309 2966 1381 compleretur.
2996 1309 3250 1366 Protinus
3261 1312 3326 1366 de
3350 1322 3531 1367 monte

1945 1407 2000 1462 in
2027 1406 2220 1462 vallem
2253 1405 2555 1468 deducitur,
2585 1409 2638 1457 et
2663 1402 2716 1456 in
2739 1400 2949 1457 arboris
2972 1401 3136 1456 ramis
3163 1401 3532 1471 suspenditur,

1945 1497 2165 1554 evidens
2191 1496 2570 1551 documentum
2602 1493 2849 1564 prtebens
2898 1492 3171 1555 omnibus,
3208 1491 3350 1561 quod
3383 1489 3526 1546 Deus

1947 1591 2081 1647 nolit
2125 1589 2446 1661 impunitum
2490 1587 2720 1655 dimitti,
2757 1587 2851 1659 qui
2897 1584 3056 1641 Matri
3111 1600 3221 1641 suae
3271 1583 3529 1655 injuriam

1946 1682 2159 1739 fecerit.

2021 1774 2146 1830 Haec
2173 1782 2298 1829 sunt
2341 1787 2460 1844 quae
2511 1780 2751 1842 tempore
2784 1769 2967 1828 domui
2998 1767 3380 1828 Bartbolomaei
3423 1765 3537 1840 epi-

1949 1867 2098 1938 scopi
2123 1866 2465 1936 contigerunt
2493 1863 2755 1921 Lauduni.

1497 2038 1748 2080 EXPLICIT
1789 2037 1943 2078 LIBER
1977 2037 2231 2079 TERTIUS.

295 2184 3538 2222 ΜΨ*

805 2355 1409 2472 υοΜΝι
1485 2355 1984 2470 LUCE
2080 2346 3018 2466 D’ACHEBY

1548 2567 1860 2627 MONACHI
1897 2563 2328 2621 BENEDICTINI

358 2752 515 2844 AD
586 2749 983 2849 OPERA
1071 2745 1603 2860 QUEDAM
1675 2748 1791 2839 V.
1872 2739 2448 2834 GUIBERTI
2527 2717 2679 2828 DE
2752 2726 3466 2838 NOVIGENTO

939 2964 1375 3084 NOTAE
1458 2963 1639 3077 ΕΤ
1728 2953 2735 3076 OBSERVATION
2744 2951 2912 3065 ES

695 3329 850 3421 AD
921 3323 1382 3417 LIBRUM
1460 3319 1608 3410 DE
1681 3317 2074 3409 LAUDE
2149 3310 2634 3406 SANCTJE
2708 3305 3128 3398 MARUE

1687 3514 2158 3540 ὥ

267 3699 436 3773 561
473 3695 850 3773 Fragmentum
871 3693 1052 3773 πρὸ.
1079 3708 1098 3773 i
1211 3686 1492 3773 .Pascht'tsii
1517 3679 1862 3773 Ratberti'De
1893 3683 1939 3743 Β
1966 3670 2120 3743 prius
2155 3672 2412 3773 creantur
2440 3675 2604 3773 quam
2649 3671 2896 3728 corpora,
2917 3665 3114 3773 posset
3150 3653 3294 3710 Deus
3315 3652 3559 3758 cuipiam

343 3752 502 3842 ἶιῖἲιμ
553 3752 804 3842 Virginis.
833 3798 903 3842 _——
935 3763 1088 3842 and
1127 3752 1356 3830 Deipara
1399 3757 1558 3842 Virgo
1597 3752 1858 3808 maculam

345 3829 621 3910 'originalis
649 3829 846 3909 peccati
881 3829 1094 3890 minime
1122 3829 1462 3888 contraxerit.

345 3957 417 4027 (¹)
456 3954 586 4011 CAP.
625 3951 758 4007 Vlll.
797 3981 866 3990 —
901 3949 1032 4004 Cum
1084 3943 1282 4001 actuali
1335 3939 1557 3997 abolevit
1609 3935 1863 4007 originale

264 4058 573 4123 peccatum.
624 4045 726 4114 Qui
779 4043 978 4099 cursim
1030 4051 1086 4096 ct
1131 4039 1252 4094 visu
1301 4045 1510 4092 tantum
1559 4031 1866 4104 praelibaret

265 4141 398 4196 haec
460 4139 652 4202 verba,
713 4145 895 4206 posset
954 4133 1029 4188 ita
1088 4128 1500 4202 praefestinatim
1563 4123 1800 4196 argutari
1848 4139 1862 4175 :

267 4233 522 4306 Spiritus
552 4241 774 4288 sanctus
805 4230 860 4286 in
891 4229 1113 4298 Virgine
1141 4233 1422 4296 peccatum
1452 4219 1704 4284 abolevit,
1736 4231 1866 4287 pro«

265 4336 410 4392 inde
459 4333 622 4389 fuerit
651 4332 704 4386 in
734 4330 956 4401 Virgine
994 4325 1283 4396 aliquando
1327 4323 1431 4376 hoc
1469 4327 1748 4388 peccatum
1789 4314 1868 4367 fa-

201 4487 205 4490 .
267 4425 386 4480 teri
420 4439 700 4479 necessum
749 4431 846 4476 est.
880 4420 950 4474 At
987 4416 1220 4488 penitius
1256 4408 1562 4482 inspicienti
1602 4403 1865 4473 argutiola

267 4518 474 4575 istlnec
500 4513 689 4569 frivola
717 4520 800 4568 est
827 4519 990 4580 atque
1017 4506 1221 4571 inanis;
1255 4502 1456 4558 etenim
1487 4498 1661 4569 regeri
1687 4503 1871 4566 posset

271 4614 391 4668 hoc
422 4609 579 4663 modo
609 4625 622 4662 :
651 4606 707 4661 Si
741 4620 864 4661 cum
893 4600 1092 4658 actuali
1121 4598 1354 4654 abolevit
1381 4592 1643 4666 originale
1671 4604 1867 4662 pecca-

274 4718 427 4768 tum,
457 4717 587 4772 ergo
614 4707 668 4754 et
697 4697 955 4753 abolitum
985 4703 1068 4749 est
1096 4691 1336 4757 actuale;
1368 4688 1412 4744 si
1445 4695 1626 4741 autem
1659 4681 1872 4738 actuale

272 4792 573 4856 abolitum,
607 4788 879 4845 exstitisse
911 4784 1201 4855 aliquando
1232 4783 1287 4838 in
1320 4780 1540 4852 Virgine
1581 4776 1872 4832 concludas

273 4892 526 4956 oportet.
578 4883 774 4937 Verum
822 4878 1094 4934 fritinnire
1137 4885 1220 4931 est
1268 4881 1430 4943 atque
1467 4871 1626 4942 plane
1662 4866 1874 4924 eilulire

274 4978 372 5034 sic
415 4974 594 5044 loqui;
638 4972 905 5042 siquidem
945 4968 1190 5040 pluribus
1226 4965 1280 5019 in
1319 4964 1454 5018 locis
1490 4962 1657 5015 abbas
1690 4967 1874 5012 noster

1966 3762 2187 3837 spiritui
2223 3761 2498 3830 optionem
2531 3757 2662 3812 dare
2704 3769 2808 3824 qua
2848 3751 3013 3808 vellet
3048 3747 3329 3822 procreari
3353 3762 3418 3802 ex
3447 3761 3563 3800 ma-

1967 3836 2070 3916 tre.
2103 3855 2259 3923 Quod
2291 3852 2336 3908 si
2367 3851 2538 3914 ﬁeret,
2572 3863 2757 3919 quam,
2787 3855 2968 3916 putas,
3006 3841 3095 3898 ille
3130 3854 3416 3913 personam
3458 3836 3564 3893 sibi

1965 3951 2067 4022 ipsi
2097 3945 2400 4005 consciret?
2433 3945 2503 3998 De
2535 3938 2780 4010 corporis
2829 3937 3001 3992 forma
3039 3950 3102 3990 ac
3137 3932 3453 3988 habitudine
3485 3930 3562 3984 si-

1966 4019 2130 4099 leam.
2167 4041 2305 4108 Quid
2349 4035 2676 4100 honestatis,
2720 4031 2850 4102 quid
2896 4026 3196 4099 prudentiae
3233 4025 3412 4080 animo
3448 4019 3564 4090 ejus

1969 4130 2377 4204 comportaret?
2424 4127 2561 4183 nihil
2598 4122 2789 4196 procul
2828 4120 2992 4175 dubio
3024 4119 3095 4173 illi
3133 4117 3418 4182 adimeret,
3452 4127 3560 4183 quo

1967 4226 2085 4297 ipsa
2117 4223 2237 4279 aliis
2277 4220 2544 4275 invidiosa
2579 4231 2684 4271 non
2714 4221 2878 4269 esset.
2923 4211 2981 4264 Si
3013 4210 3091 4264 sic
3134 4208 3371 4262 hominis
3401 4204 3560 4273 spiri-

1971 4296 2078 4383 tus,
2108 4317 2385 4371 civitatem
2414 4310 2696 4381 virginalis
2724 4308 2886 4371 uteri,
2917 4319 3081 4373 quam
3114 4301 3216 4354 sibi
3249 4300 3437 4354 fundat
3464 4296 3560 4350 Al-

1973 4409 2238 4474 tissimus,
2270 4421 2377 4474 quo
2417 4402 2692 4472 potentior
2720 4411 2822 4463 est,
2856 4409 3035 4450 nonne
3064 4395 3157 4448 Dei
3190 4391 3358 4445 multo
3386 4387 3559 4456 magis

1971 4504 2229 4569 pcrornat
2256 4493 2527 4563 Spiritus?
2551 4510 2568 4542 ι
2603 4489 2680 4544 Ex
2711 4489 2814 4543 hoc
2841 4486 2961 4540 loco
2991 4482 3119 4553 quid
3151 4477 3338 4534 inferri
3368 4475 3560 4547 possit,

1973 4594 2021 4647 si
2058 4589 2371 4660 diligentius
2404 4587 2738 4649 advertatur,
2767 4579 3041 4636 neminem
3069 4576 3236 4630 ullum
3266 4573 3333 4629 de
3361 4570 3565 4626 illibato

1975 4686 2218 4757 Virginis
2249 4690 2516 4752 conceptu
2543 4677 2761 4749 dignius
2792 4673 2961 4729 fuisse
2990 4671 3315 4726 arbitratum
3350 4666 3405 4721 in
3435 4677 3566 4720 con-

1975 4777 2183 4833 fessum
2225 4775 2427 4831 veniet.

2050 4871 2158 4925 Sed
2195 4869 2340 4923 enim
2382 4865 2580 4919 mirum
2619 4862 2672 4916 in
2711 4857 2930 4913 modum
2962 4849 3210 4910 Guiberti
3255 4859 3473 4904 sensum
3504 4840 3564 4897 ilo

1983 4960 2240 5017 lustrabit
2265 4959 2404 5013 beati
2433 4957 2574 5012 illius
2609 4950 2862 5009 acerrimi
2907 4945 3161 5004 Ecclesiae
3196 4944 3563 5013 propugnato-

278 5030 366 5126 δέ
400 5030 640 5139 ρυιίίιίίιε
691 5030 1371 5137 Virginis-immaculata,
1429 5056 1602 5125 deque
1647 5053 1765 5123 ejus
1811 5051 1877 5104 ab
1907 5053 1953 5116 C
1987 5057 2091 5122 ris,
2143 5051 2421 5108 Paschasii
2471 5047 2717 5104 Ratberti
2771 5043 3014 5101 Corbeice
3061 5038 3298 5107 antiquae
3357 5030 3568 5087 abbatis

280 5162 437 5220 omni
464 5161 624 5217 sorde
652 5158 997 5214 immunitate
1025 5164 1261 5210 mentem
1301 5150 1476 5222 aperit
1502 5163 1655 5205 suam
1690 5161 1704 5199 :
1734 5145 1876 5198 unde
1977 5147 2281 5212 sententia;
2312 5159 2444 5199 sane
2471 5141 2763 5214 singularis
2793 5145 2875 5192 est
2901 5143 2956 5190 et
2980 5129 3342 5189 exosculanda
3373 5139 3565 5180 zeum-

279 5263 481 5310 contra
506 5253 584 5308 sic
609 5250 834 5321 agozln
857 5248 1082 5318 Virgine
1120 5252 1308 5301 sancta
1336 5250 1617 5314 peccatum
1644 5237 1873 5306 acluale,
1979 5255 2086 5312 que
2133 5241 2396 5294 hactenus
2447 5248 2669 5288 nui-enm
2717 5242 2941 5298 prorsus
2988 5223 3124 5279 tanti
3165 5221 3268 5274 viri
3312 5231 3448 5321 opus
3491 5216 3568 5268 De

282 5347 437 5418 quod
472 5348 525 5400 in
555 5360 617 5400 ea
645 5306 914 5414 iiusquam
943 5306 1046 5395 fuit
1070 5355 1137 5395 ex
1163 5306 1613 5399 sensuuﬂuiberti,
1645 5333 1878 5403 Spiritus
1976 5306 2136 5400 partu
2180 5325 2418 5396 Virginis
2467 5319 2763 5381 delituerit,
2803 5317 2977 5371 donec
3022 5327 3052 5366 a
3094 5309 3251 5364 nobis
3295 5306 3567 5377 publicum

286 5397 354 5497 ἑ.
389 5441 716 5512 przedicatur
754 5397 1076 5502 abolevisse,
1109 5432 1294 5504 quidni
1332 5439 1387 5485 et
1425 5397 1705 5498 originale,
1734 5425 1877 5495 quod
1978 5397 2096 5489 iiat,
2122 5426 2436 5493 pergratum
2461 5416 2526 5470 iri
2553 5423 2682 5484 puto
2709 5406 3024 5466 vetustioris
3050 5400 3336 5472 theologia:
3365 5397 3570 5453 studio-

287 5551 574 5606 nunquam
607 5535 768 5590 fuerit
795 5550 862 5589 ex
899 5541 1080 5587 mente
1110 5529 1352 5601 ejusdem
1384 5524 1616 5590 abbatis,
1645 5521 1878 5591 Spiritus
1987 5516 2081 5583 sis,
2112 5514 2156 5569 si
2188 5512 2549 5582 fragmentum
2580 5503 2847 5606 prolixius
2882 5507 3123 5606 attexam
3159 5513 3172 5548 :
3529 5575 3564 5606 ν

287 5586 519 5683 saucius
551 5586 1021 5682 aboleverit?
1138 5586 1158 5601 υ
1603 5586 1611 5590 ⁷
1685 5586 1701 5591 “
2070 5625 2084 5655 ι
2125 5603 2195 5658 At
2227 5619 2356 5657 vero
2383 5602 2540 5656 beata
2569 5596 2756 5658 Maria,
2783 5594 2909 5648 licet
2937 5591 3050 5662 ipsa
3074 5589 3141 5644 de
3167 5598 3332 5642 carne
3361 5586 3568 5678 peccati

372 5721 626 5786 Attende,
656 5734 862 5789 quaeso,
885 5717 1046 5771 verba
1072 5730 1192 5784 cap.
1225 5711 1276 5777 5,
1309 5710 1410 5765 col.
1443 5709 1538 5764 551
1567 5725 1579 5760 :
1607 5726 1623 5758 ι
1649 5705 1807 5760 Certe
1837 5702 1884 5757 si
1991 5698 2062 5752 sit
2093 5705 2216 5749 nata
2249 5702 2301 5744 ct
2334 5699 2638 5761 procreata,
2676 5688 2896 5757 ipsaque
2925 5680 3176 5779 quamvis
3204 5667 3569 5789 carocpecc'ati

372 5762 604 5776 ι...ν..υν
697 5762 862 5783 mw,
894 5762 1046 5771 ,πη
1075 5762 1190 5770 η--
1229 5762 1276 5777 _,
1451 5762 1494 5764 μ
3417 5762 3476 5771 Π

293 5762 626 5868 secundum,
657 5762 995 5865 Blatonicam
1053 5762 1380 5864 seritentiam
1437 5798 1660 5872 spiritus
1711 5793 1880 5852 nostri
1992 5786 2176 5854 fuerit,
2204 5798 2310 5840 non
2347 5789 2476 5836 tunc
2511 5778 2624 5847 jam
2665 5777 2880 5848 quando
2920 5768 3292 5846 praeveniente
3337 5762 3573 5832 Spiritus
