3982 6346
545 304 692 367 1019

1544 305 1636 361 AD
1676 305 1826 363 OPP.
1855 305 2017 363 VEN.
2059 306 2386 365 GUIBERTI
2407 308 2494 364 DE
2516 306 2916 366 NOVIGENTO
3624 322 3725 380 1010

543 420 719 479 sancti
767 419 939 491 gratia
990 421 1057 476 ab
1102 420 1294 493 angelo
1345 435 1455 492 prae
1502 421 1754 478 omnibus
1808 423 2130 481 mulieribus
2158 426 2206 484 A
2232 425 2285 480 in
2318 439 2438 480 eam
2468 425 2706 494 advenit,
2739 433 2910 481 totam
2948 425 3227 487 defaecavit
3272 444 3303 486 a
3344 431 3570 489 sordibus
3595 434 3727 509 Virgi-

542 514 826 571 benedicta
862 523 1091 571 vocatur
1120 532 1134 570 :
1167 515 1395 585 Spiritus
1432 531 1666 582 sanans,
1705 517 1902 587 inquit,
1941 535 2122 585 super-

539 608 711 663 veniet
745 609 801 663 in
831 616 899 675 te,
928 617 975 663 et
1005 609 1167 663 virtus
1196 608 1454 664 Altissimi
1492 610 1819 665 obumbrabit
1850 611 1942 666 tibi
1973 610 2124 684 (Luc.

540 718 583 774 ι,
607 702 721 775 55).
745 702 1000 775 Alioquin
1026 704 1073 761 si
1098 719 1205 759 non
1235 702 1427 759 eodem
1462 702 1669 772 Spiritu
1702 710 1890 758 saneto
1918 703 2125 759 sancti-

541 794 703 851 ﬁcata
752 803 856 862 est,
895 803 951 851 et
998 794 1311 861 emundata,
1356 793 1633 865 quomodo
1676 808 1807 850 caro
1848 793 1964 864 ejus
2016 810 2126 851 non

538 899 670 943 caro
712 886 921 957 peccati
963 885 1102 942 fuit?
1129 894 1184 943 et
1213 886 1261 943 si
1291 900 1422 943 caro
1461 884 1577 955 ejus
1618 886 1683 941 de
1724 900 1903 941 massa
1938 886 2128 957 primae

536 979 1003 1051 praevaricationis
1052 980 1235 1048 venit,
1279 979 1553 1051 quomodo
1598 978 1851 1035 Christus
1889 977 2125 1035 Verbum

537 1083 667 1126 caro
689 1070 809 1126 sine
832 1077 1057 1142 peccato
1085 1070 1205 1135 fuit,
1235 1071 1329 1141 qui
1364 1070 1431 1125 de
1469 1085 1636 1126 carne
1666 1069 1873 1139 peccati
1906 1084 2125 1125 carnem

536 1162 855 1233 assumpsit,
888 1163 993 1219 nisi
1020 1163 1147 1233 quia
1174 1162 1413 1219 Verbum
1459 1163 1602 1232 quod
1633 1177 1759 1219 caro
1790 1162 1992 1218 factum
2019 1170 2125 1231 est,

534 1267 655 1309 eam
687 1255 923 1325 primum
951 1255 1318 1321 obumbravit,
1353 1255 1407 1309 in
1441 1270 1603 1325 quam
1633 1254 1871 1325 Spiritus
1906 1262 2127 1310 sanctus

536 1346 875 1414 supervenit,
899 1352 956 1400 et
996 1346 1169 1401 virtus
1198 1345 1463 1402 Altissimi
1494 1360 1614 1400 eam
1653 1354 1820 1401 totam
1856 1343 2128 1416 possedit?

535 1436 831 1509 Propterea
869 1453 994 1495 vere
1029 1437 1296 1508 carojam
1337 1453 1443 1495 non
1492 1454 1623 1494 caro
1666 1437 1875 1509 peccati
1918 1437 2037 1502 fuit,
2068 1434 2125 1489 in

534 1545 642 1601 qua
678 1531 821 1588 Deus
870 1548 929 1589 se
972 1541 1141 1588 totum
1194 1532 1407 1598 infudit,
1444 1542 1500 1588 et
1534 1533 1771 1589 Verbum
1813 1531 1954 1601 quod
1997 1543 2127 1585 caro

535 1617 743 1677 factum
774 1631 878 1690 est,
910 1623 1029 1680 sine
1072 1633 1302 1695 peccato
1329 1626 1396 1680 ad
1424 1639 1524 1680 nos
1549 1625 1719 1689 venit,
1746 1623 1838 1695 qui
1867 1623 1988 1693 jure
2016 1639 2124 1678 non

532 1711 710 1769 solum
735 1712 907 1786 legem
941 1724 1149 1770 naturae
1172 1716 1377 1770 vitiatre
1400 1716 1455 1770 in
1485 1715 1761 1770 nascendo
1783 1730 1891 1769 non
1922 1715 2118 1779 tenuit;

2230 530 2352 572 nem
2394 525 2450 571 et
2475 518 2709 583 decoxit,
2739 526 2800 572 ut
2829 528 2975 576 esset
3017 524 3257 579 sanctior
3287 538 3441 594 quam
3468 535 3594 581 astra
3622 532 3727 586 coeli.

2227 605 2399 663 Porro
2428 608 2645 680 quando
2665 608 2841 665 virtus
2875 609 3139 667 Altissimi
3174 620 3342 671 totam
3370 629 3480 670 eam
3504 616 3731 675 adumbra-

2228 697 2328 763 vit,
2356 697 2555 755 factum
2600 708 2685 755 est
2728 709 2789 756 ut
2832 702 2951 773 ejus
2994 702 3049 757 in
3094 712 3253 761 utero
3296 705 3505 762 veniens
3530 707 3729 778 Verbum,

2228 790 2371 859 quod
2412 800 2531 846 erat
2572 791 2627 846 in
2670 792 2941 865 principio
2975 796 3367 868 sempiternum
3401 799 3529 870 apud
3550 799 3729 873 Patrem,

2229 894 2358 938 caro
2383 882 2537 938 fieret
2558 899 2625 939 ex
2648 893 2913 955 tempore,
2941 896 2998 943 et
3021 886 3295 944 habitaret
3322 889 3377 944 in
3401 891 3558 947 nobis.

2240 992 2243 995 ·
2306 990 2327 1024 ‹
2360 974 2594 1029 Audiant
2633 975 2800 1046 igitur
2833 978 2959 1033 novi
3004 978 3392 1047 disputatores,
3423 988 3475 1035 et
3511 981 3732 1055 investiga-

2230 1076 2375 1123 tores
2403 1069 2527 1123 novi
2557 1077 2611 1125 et
2641 1070 2868 1126 inauditi
2909 1079 3132 1142 partus;
3173 1072 3397 1127 audiant
3422 1080 3475 1127 et
3500 1073 3734 1144 intelligant

2228 1161 2484 1231 primum,
2527 1164 2653 1233 quia
2697 1163 2798 1218 viri
2842 1172 2989 1230 sunt,
3030 1164 3303 1234 quomodo
3352 1165 3483 1220 bene
3524 1164 3734 1236 disputare

2228 1260 2429 1320 queant
2461 1253 2527 1308 de
2561 1263 2753 1308 natura
2782 1265 2837 1309 et
2865 1269 2998 1310 sexu
3030 1254 3339 1309 mulierum.
3380 1253 3565 1309 Deinde
3585 1257 3739 1326 maugi-

2228 1351 2365 1412 tent,
2401 1354 2460 1400 ut
2494 1345 2587 1417 qui
2635 1356 2885 1402 naturam
2935 1348 3243 1417 requirunt,
3286 1356 3342 1401 et
3384 1361 3673 1401 communem
3690 1348 3739 1401 le-

2230 1453 2347 1509 gem
2384 1438 2669 1506 nascendi,
2699 1440 2790 1495 ubi
2832 1447 3002 1494 totum
3042 1440 3286 1494 divinum
3325 1448 3408 1494 est
3439 1447 3490 1493 et
3515 1437 3735 1505 inedabile,

2228 1526 2409 1582 divina
2441 1528 2617 1585 virtus
2649 1528 2792 1599 quod
2820 1540 3095 1599 operatur.
3132 1528 3523 1585 Cenerationem
3549 1530 3640 1599 ejus
3659 1532 3737 1600 quis

2228 1621 2535 1676 enarrabit?
2580 1622 2734 1694 (Isai.
2776 1639 2896 1690 un,
2931 1623 3008 1695 8.)
3047 1622 3183 1677 Nam
3235 1622 3359 1693 quis
3406 1621 3502 1677 hoc
3542 1622 3639 1677 loco
3671 1636 3738 1692 pro

2229 1713 2547 1783 impossibili
2581 1715 2864 1784 accipitur,
2896 1714 3022 1784 quia
3060 1729 3221 1769 nemo
3252 1721 3551 1769 sanctorum
3574 1722 3657 1779 est,
3676 1713 3739 1783 qui

531 1820 723 1861 verum
772 1822 874 1863 nec
919 1806 1094 1877 legem
1138 1807 1329 1877 primae
1376 1807 1602 1877 originis
1653 1821 1813 1875 quam
1859 1806 2124 1859 haberent
2156 1793 2199 1853 Β
2227 1822 2334 1860 non
2362 1806 2482 1863 dico
2510 1807 2773 1874 divinam,
2798 1822 2987 1863 verum
3010 1806 3173 1862 etiam
3204 1806 3299 1877 qui
3328 1805 3641 1860 humanitatis
3661 1807 3740 1876 ejus

532 1896 773 1964 feminaz,
802 1898 849 1953 si
879 1899 1196 1953 mandatum
1227 1907 1498 1955 servasset
1538 1906 1712 1953 mater
1742 1898 1981 1952 omnium
2016 1898 2125 1952 Eva

534 1986 591 2042 in
632 1990 909 2059 paradiso.
948 1989 1100 2048 Alias
1142 1998 1325 2047 autem
1367 1991 1658 2062 quomodo,
1694 1988 1900 2060 Spiritu
1939 2000 2127 2045 sancto

535 2095 655 2135 eam
686 2080 950 2152 replente,
985 2098 1092 2138 non
1129 2083 1247 2139 sine
1281 2084 1530 2156 originali
1569 2092 1791 2154 peccato
1819 2082 1942 2149 fuit,
1972 2081 2127 2151 cujus

533 2170 700 2226 etiam
730 2172 985 2229 nativitas
1019 2174 1258 2244 gloriosa
1301 2175 1571 2231 catholice
1610 2176 1663 2230 iu
1701 2175 1847 2230 omni
1886 2173 2127 2229 Ecciesia

533 2258 737 2317 Christi
764 2262 833 2317 ab
862 2263 1117 2319 omnibus
1139 2264 1269 2320 felix
1293 2274 1347 2320 et
1371 2266 1525 2322 beata
1553 2265 1913 2336 prmdicatur?
1943 2265 2129 2319 Enim-

534 2364 665 2408 vero
694 2353 741 2408 si
768 2368 877 2409 non
908 2355 1068 2410 beata
1097 2365 1243 2411 esset
1270 2364 1326 2411 et
1354 2357 1609 2427 gloriosa,
1642 2372 1983 2429 nequaquam
2012 2356 2129 2427 ejus

531 2442 799 2500 festivitas
838 2444 1207 2502 celebraretur
1232 2448 1432 2517 ubique
1461 2450 1529 2504 ab
1560 2449 1831 2504 omnibus.
1863 2448 1967 2503 Sed
1994 2448 2123 2517 quia

533 2543 648 2591 tam
695 2536 1012 2593 solemniter
1048 2539 1263 2605 colitur,
1298 2547 1514 2595 constat
1554 2555 1623 2596 ex
1666 2541 1991 2597 auctoritate
2022 2541 2127 2595 Ec-

534 2623 747 2694 clesiae,
803 2627 950 2695 quod
1005 2628 1169 2683 nullis
1221 2630 1548 2701 quandoque
1600 2638 1809 2685 natura:
1861 2630 2130 2701 subjacuit

535 2714 768 2781 delictis,
801 2733 965 2788 neque
1001 2719 1263 2802 contraxit
1302 2721 1359 2775 in
1396 2731 1544 2774 utero
1590 2722 1921 2790 sanctiﬁcata
1966 2722 2126 2791 origi-

535 2805 656 2860 nale
691 2818 980 2878 peccatum.
1030 2807 1208 2878 Unde,
1238 2811 1342 2867 etsi
1383 2809 1636 2867 Jeremiae
1671 2812 1787 2866 dies
1830 2822 1991 2882 atque
2028 2811 2129 2868 Job

536 2896 829 2955 maledicta
876 2900 1283 2971 pronuntiatur,
1332 2902 1481 2968 dies,
1524 2902 1779 2973 inquam,
1827 2903 2129 2960 nativitatis

535 3010 746 3063 eorum,
773 2997 889 3053 dies
920 3007 1098 3054 tamen
1129 2999 1352 3068 quando
1380 2999 1637 3055 inchoata
1667 3006 1753 3055 est
1782 2998 1907 3054 felix
1946 2998 2128 3055 Maria:

538 3090 824 3159 nativitas,
873 3089 1035 3146 beata
1089 3092 1473 3163 pronuntiatur
1520 3100 1577 3146 et
1627 3091 1824 3147 colitur
1876 3090 2161 3162 religiose‘

2226 1899 2630 1965 generationem
2663 1899 2731 1953 ad
2765 1897 3026 1968 liquidum
3064 1906 3230 1969 queat
3263 1912 3530 1963 enarrare,
3557 1896 3741 1966 quamvis

2227 1996 2485 2059 utrasque
2512 2005 2702 2045 omnes
2729 1990 2964 2045 debeant
2991 1990 3253 2045 credere?
3283 1988 3420 2044 Hinc
3451 2004 3566 2058 ergo
3589 1988 3738 2059 colligi.

2228 2086 2317 2131 tur
2363 2078 2506 2147 quod
2550 2079 2927 2148 superstitiosa
2979 2079 3052 2134 sit
3094 2079 3330 2135 istorum
3373 2079 3675 2143 concertatio,
3697 2088 3742 2132 et

2228 2166 2498 2236 superﬂua
2549 2167 2878 2238 disputatio,
2932 2169 3025 2239 qui
3078 2167 3276 2223 dicunt
3325 2167 3459 2222 ostia
3505 2166 3670 2221 ventris
3704 2175 3742 2219 et

2227 2260 2401 2314 vulvae
2447 2275 2570 2317 eum
2616 2260 2915 2331 aperuisse,
2940 2269 2995 2315 et
3044 2258 3414 2321 colluvionem
3455 2256 3683 2326 sanguinis
3704 2266 3743 2310 ut

2228 2353 2411 2407 caeteri
2464 2366 2685 2416 omnes,
2736 2360 2792 2408 et
2842 2350 3210 2407 secundarum
3266 2346 3543 2418 spurcitias
3578 2354 3673 2417 post
3705 2361 3742 2399 se

2228 2445 2491 2511 traxisse;
2526 2443 2581 2498 in
2607 2444 2803 2514 quibus
2830 2442 3083 2498 omnibus
3111 2440 3351 2513 gemitus
3378 2449 3433 2494 ct
3459 2438 3593 2493 dolor
3616 2437 3744 2492 multi-

2228 2532 2479 2603 plicatur,
2530 2533 2777 2601 tristitia,
2809 2542 2866 2589 et
2912 2548 3168 2588 aerumnae
3219 2539 3501 2600 augentur,
3548 2538 3596 2583 ut
3634 2542 3742 2582 nemo

2228 2626 2345 2681 sine
2377 2627 2458 2681 his
2487 2625 2663 2696 pariat
2692 2625 2883 2680 filium.
2917 2624 3025 2680 Sed
3053 2623 3195 2680 absit
3223 2638 3256 2677 a
3284 2621 3527 2678 cordibus
3552 2617 3741 2683 ﬁdelium,

2229 2729 2289 2774 ut
2331 2720 2435 2775 tale
2480 2720 2683 2790 aliquid
2732 2721 3076 2791 suspicentur
3117 2718 3184 2774 de
3237 2717 3411 2772 Maria
3446 2714 3743 2785 virgineum:

2228 2826 2328 2881 pro
2364 2811 2745 2869 maledictioue
2785 2813 2976 2883 primas
3007 2810 3238 2883 originis
3279 2808 3666 2865 benedictionem
3688 2814 3743 2855 nt-

2233 2903 2357 2958 tulit
2383 2904 2611 2958 mundo!
2644 2903 2798 2959 Unde
2829 2913 2883 2959 et
2911 2903 3029 2974 ipsa
3056 2902 3350 2973 siquidem,
3379 2908 3434 2954 ut
3467 2898 3582 2963 dixi,
3605 2895 3657 2950 ab
3677 2909 3741 2948 an-

2230 2996 2350 3067 gelo
2381 2996 2660 3052 benedicta
2699 2996 3029 3067 praedicatur
3069 2996 3125 3050 in
3164 2994 3504 3058 mulieribus,
3535 3000 3582 3046 et
3604 2988 3745 3044 saluta-

2235 3096 2321 3141 tur
2352 3086 2745 3143 oliiciosissime
2775 3097 2831 3143 ut
2858 3087 3028 3142 Mater
3054 3086 3271 3141 Domini
3299 3100 3411 3157 prae
3431 3081 3648 3139 omnibus
3670 3078 3746 3149 glo-

537 3183 692 3240 satis.
739 3156 892 3251 Quod
938 3186 983 3240 si
1034 3156 1105 3261 in:
1139 3195 1366 3257 peccato
1414 3194 1587 3253 esset,
1655 3186 1780 3256 jure
1841 3156 2128 3243 maledicta
2156 3156 2201 3219 Ο
2233 3177 2397 3245 Γὶοεει,
2431 3194 2531 3233 nec
2571 3194 2677 3234 ιιοη
2714 3188 2767 3235 ει
2801 3180 2869 3234 ab
2902 3177 3179 3233 Elilabclh
3211 3176 3270 3231 ίιι
3294 3174 3493 3247 δρῖτῖιιι
3518 3169 3743 3261 Nolim“

535 3276 811 3333 diceretur
849 3286 904 3333 et
949 3280 1317 3349 gemebunda,
1370 3280 1551 3349 potius
1597 3295 1761 3349 quam
1819 3280 2124 3348 benedicta,

535 3366 752 3436 quando
797 3367 1107 3422 nuntiatum
1150 3377 1233 3424 est
1275 3369 1421 3438 patri
1466 3368 1625 3440 562
1663 3368 1780 3437 ejus
1824 3369 1967 3438 quod
1998 3379 2124 3425 nata

536 3466 681 3512 esset
705 3455 763 3511 in
790 3456 1008 3513 saeculo.
1038 3456 1194 3513 Nunc
1220 3467 1425 3527 autem,
1454 3458 1580 3528 quia
1619 3458 1929 3513 universam
1963 3460 2128 3515 benc-

538 3546 777 3604 dictione
820 3564 918 3605 sua
958 3549 1117 3604 beata
1158 3550 1312 3621 virgo
1340 3549 1508 3604 Maria
1548 3548 2128 3615 illustratEcclesiam,

535 3653 647 3695 non
696 3639 896 3698 merito
952 3640 1292 3697 sanctificata
1336 3643 1392 3696 in
1438 3641 1645 3713 Spiritu
1694 3651 1885 3700 sancto
1927 3643 2127 3699 colitur
2166 3652 2169 3659 ’

538 3734 882 3789 veneranda?
933 3732 1143 3790 Nullius
1199 3734 1364 3805 igitur
1413 3734 1671 3790 nativitas
1719 3735 2027 3791 celebratur
2077 3736 2129 3790 in

541 3824 767 3891 mundo,
801 3824 904 3879 nisi
928 3824 1131 3880 Christi
1157 3834 1213 3880 et
1235 3826 1375 3896 ejus,
1408 3834 1571 3896 atque
1594 3827 1737 3881 beati
1763 3826 2009 3883 Joannis.
2041 3827 2131 3883 Sic

540 3922 599 3969 et
618 3914 777 3970 beata
798 3916 951 3984 virgo
979 3915 1157 3981 Maria,
1176 3918 1280 3972 nisi
1309 3919 1362 3972 in
1391 3927 1546 3974 utero
1569 3920 1761 3974 matris
1791 3920 2130 3976 sanctiﬁcata

542 4015 716 4072 esset,
766 4006 989 4062 minime
1039 4008 1296 4064 nativitas
1339 4009 1457 4079 ejus
1503 4010 1729 4066 colenda
1774 4022 1938 4066 esset.
1977 4011 2133 4069 Nunc

544 4107 729 4154 autem
773 4099 902 4169 quia
943 4114 1009 4153 ex
1055 4101 1382 4158 auctoritate
1419 4103 1585 4158 totius
1624 4103 1879 4159 Ecclesiae
1907 4118 2132 4172 venera-

546 4203 658 4260 tur,
686 4202 889 4248 constat
918 4208 1033 4248 eam
1061 4194 1125 4246 ab
1159 4196 1301 4250 omni
1330 4196 1576 4267 originali
1605 4206 1813 4267 peccato
1847 4198 2133 4254 immunem

549 4286 732 4357 fuisse,
769 4305 868 4360 per
895 4307 1058 4363 quam
1094 4309 1200 4350 non
1229 4294 1403 4349 solqu
1446 4293 1753 4351 maledictio
1784 4295 1975 4351 matris
2009 4295 2134 4350 Eva:

544 4383 719 4438 soluta
753 4392 857 4450 est,
887 4400 1077 4443 verum
1103 4388 1267 4442 etiam
1300 4386 1609 4442 benedictio
1644 4387 1897 4443 omnibus
1935 4388 2134 4443 condo-

545 4483 729 4531 natur.
761 4476 916 4544 Quod
945 4480 990 4534 si
1021 4479 1282 4547 praeclara
1315 4479 1677 4535 sanctissima:
1708 4480 1946 4550 Virginis
1981 4478 2133 4535 Nati-

543 4568 687 4624 vitas
726 4557 1110 4628 universaliter
1140 4581 1249 4627 tam
1285 4581 1476 4629 sancta
1506 4580 1564 4628 et
1594 4580 1705 4629 tam
1750 4572 1984 4645 gloriosa
2006 4587 2134 4641 Jure

543 4659 744 4717 colitur
771 4670 826 4716 et
852 4674 1162 4731 veneratur,
1190 4673 1396 4735 quanto
1438 4667 1611 4737 magis
1651 4667 1765 4737 ipsa
1810 4669 2026 4738 quando
2066 4668 2135 4724 ab

546 4754 738 4824 angelo
774 4753 888 4823 jam
943 4758 1118 4827 gratia
1171 4758 1331 4828 plena
1388 4758 1786 4816 ofﬁciosissime
1837 4760 2141 4816 salutatur?

545 4840 681 4898 Nam
710 4859 833 4899 cum
864 4845 995 4901 dicit
1032 4847 1082 4902 ei
1112 4862 1128 4901 :
1157 4865 1271 4917 ave,
1308 4849 1530 4906 caeleste
1567 4851 1936 4906 venerationis
1980 4851 2137 4905 obse-

546 4935 736 5004 quium
762 4936 1005 5006 exhibet,
1035 4953 1155 4995 cum
1183 4949 1361 4997 autem
1386 4943 1515 4998 dicit
1539 4953 1713 5015 gratia
1741 4943 1913 5013 plena,
1942 4958 2008 4999 ex
2054 4943 2137 4997 iu-

549 5034 704 5098 tegro
744 5029 884 5085 iram
913 5031 1191 5089 exclusam
1218 5034 1456 5089 ostendit
1484 5044 1540 5092 et
1568 5036 1876 5092 restitutam
1904 5034 2135 5107 gratiam

550 5119 816 5178 declarat.
842 5123 978 5180 Cum
1021 5126 1154 5182 dicit
1199 5127 1471 5183 benedicta
1508 5137 1587 5196 tu,
1636 5128 1873 5184 fructum
1915 5128 2139 5185 benedi-

548 5212 750 5274 Ctionis
792 5214 1162 5288 demonstrat,
1206 5220 1336 5293 quia
1376 5220 1595 5292 quando
1628 5220 1866 5293 Spiritus
1913 5230 2139 5281 sanctus

2230 3270 2499 3323 benedicta
2538 3268 2689 3340 (Luc.
2741 3285 2781 3334 1,
2827 3268 2919 3339 42)
2964 3267 3375 3339 pronuntiatur,
3424 3273 3477 3321 et
3517 3260 3744 3316 benedictus

2232 3363 2437 3432 fructus
2490 3364 2683 3417 ventris
2735 3361 2925 3432 (Ibid.)
2965 3360 3083 3430 ejus
3119 3360 3365 3416 creditur
3410 3365 3463 3413 et
3508 3361 3747 3409 veneratur.

2230 3455 2371 3525 Ergo
2401 3456 2452 3509 iu
2488 3470 2614 3524 qua,
2643 3464 2696 3509 et
2736 3469 2832 3523 per
2857 3469 3020 3523 quam
3051 3462 3202 3506 tanta
3236 3448 3535 3507 benedictio
3556 3440 3745 3505 eﬂloruit,

2229 3557 2282 3601 et
2312 3547 2485 3618 gratia
2532 3547 2802 3609 manavit,
2852 3560 2958 3600 nou
3004 3553 3088 3600 est
3132 3542 3461 3598 credendum
3510 3535 3633 3607 quod
3669 3532 3748 3601 (³1³⁵

2230 3639 2576 3709 puerperium
2609 3638 2884 3694 doloribus
2913 3646 2967 3692 ct
2996 3635 3289 3707 gemitibus
3321 3646 3469 3689 more
3496 3627 3747 3684 feminarum

2232 3733 2585 3804 subjacuerit.
2623 3732 2692 3787 Et
2714 3732 2842 3802 quia
2868 3732 3024 3787 beata
3050 3729 3145 3783 Dei
3174 3726 3423 3783 Genitrix
3452 3720 3651 3778 ttislitiis
3675 3728 3748 3770 non

2233 3824 2500 3896 subjacuit
2538 3831 2592 3878 et
2628 3823 2904 3890 aerumnis,
2943 3822 3108 3876 libera
3145 3820 3210 3873 ab
3252 3819 3398 3873 omni
3442 3805 3748 3869 maledictionis

2234 3932 2377 3972 nwvo
2410 3915 2532 3985 fuit,
2564 3931 2725 3985 quam
2759 3913 2998 3985 Spiritus
3037 3919 3263 3967 sanctus
3302 3903 3613 3977 adiniplevit,
3632 3907 3675 3954 et
3695 3905 3750 3949 to-

2237 4021 2345 4067 tam
2388 4011 2617 4068 Domino
2665 4006 2958 4073 dedicavit,
2989 4019 3151 4076 quam
3206 4002 3381 4057 virtus
3423 3985 3750 4052 Altissimi'ob-

2234 4106 2526 4172 umbravit,
2552 4113 2608 4159 et
2635 4118 2703 4160 ex
2741 4099 3081 4158 sanctiﬁcata
3115 4110 3281 4152 carne
3314 4089 3544 4159 Virginis
3574 4081 3749 4139 Verbum

2235 4214 2453 4255 carnem
2487 4195 2798 4267 assumpsit,
2832 4202 2886 4249 et
2914 4190 3153 4248 connivit
3187 4188 3244 4243 iu
3271 4185 3475 4241 unitate
3501 4184 3748 4275 personat-ﬁ

2308 4294 2375 4349 Et
2400 4292 2584 4347 multis
2607 4289 2902 4358 interjectis
2922 4287 3161 4356 virgines
3183 4282 3464 4352 alloquens
3494 4294 3506 4329 :
3541 4268 3750 4368 ulti-simia:

2237 4385 2454 4457 pietatis
2483 4386 2659 4440 honor
2681 4392 2737 4438 et
2766 4383 2935 4437 decus
2960 4377 3201 4443 virtutis,
3231 4372 3547 4430 beatissime
3574 4363 3750 4457 Virttillis

2237 4455 2549 4552 pudicitiam
2589 4478 2882 4550 prtedicate
2912 4475 3307 4542 incorruptam,
3340 4477 3396 4522 et
3425 4455 3748 4520 incontamina-

2240 4582 2373 4640 tam,
2399 4583 2446 4628 et
2476 4574 2540 4628 ab
2568 4571 2711 4627 omni
2741 4568 3050 4640 contagione
3076 4565 3261 4636 prima:
3284 4558 3496 4632 originis
3516 4553 3746 4609 alienamu

2239 4671 2557 4822 etcDenique
2595 4749 2695 4805 sub
2725 4747 2886 4803 finem
2914 4763 2928 4800 :
2955 4745 3022 4800 In
3058 4761 3164 4816 qua
3203 4736 3467 4815 (Virgine)
3491 4729 3653 4822 vexilla

2238 4858 2411 4902 tutum
2460 4845 2752 4910 micarunt,
2800 4839 3005 4895 nullum
3057 4845 3329 4909 peccatum
3376 4830 3548 4903 primi:
3589 4815 3749 4888 οΐί9ί¹ι¹⁸

2241 4939 2425 5010 viguit.
3436 5010 3439 5011 ν
3464 5010 3475 5011 7
3630 4999 3641 5011 ε

2316 5030 2433 5085 lluc
2472 5040 2643 5098 usque
2682 5021 3029 5089 Paschasius,
3057 5020 3152 5092 qui
3198 5015 3393 5075 Carolo
3430 5010 3611 5101 Hagnq

2247 5134 2400 5180 rante
2439 5088 2689 5191 florebat,
2732 5130 2929 5182 nempe
2960 5088 3172 5172 duobus
3203 5105 3416 5170 seculis
3443 5110 3556 5160 ante
3578 5088 3749 5152 Guibet'

2248 5228 2381 5276 tum.
