3982 6346
258 360 398 414 1021

1460 368 1670 427 DOMNI
1699 368 1761 425 L.
1803 368 2149 429 D’ACHERY
2172 361 2405 433 nom;

3370 379 3510 447 1022

258 502 3501 565 ..___.________________________________________

651 662 801 754 AD
871 665 1301 762 LIBROS
1375 671 1522 762 DE
1601 673 2330 772 PIGNORIBUS
2400 681 3109 781 SANCTORUM

329 1040 395 1143 ς’)
423 1041 611 1143 Fers-1‘.
642 1039 876 1100 'NUNCUP.
900 1076 970 1143 ΐ-
1006 1044 1189 1143 sancti
1230 1047 1610 1118 Sympltoriaui
1656 1050 1833 1106 abbati
1859 1036 1914 1097 Α
1936 1057 2030 1112 lib.
2066 1073 2104 1113 ll
2135 1058 2271 1115 Vita:
2309 1059 2366 1116 S.
2408 1061 2670 1118 Anselmi.
2719 1063 2924 1125 Videsls
2951 1088 3071 1143 qua:
3115 1075 3183 1129 ad
3221 1075 3403 1132 Vitam
3447 1078 3509 1136 B.

262 1133 452 1188 Odoni.
494 1136 591 1193 llic
619 1146 803 1205 postea
834 1139 1003 1208 episc.
1035 1138 1346 1195 Bclvacens.
1372 1150 1717 1197 consecratus
1751 1151 1837 1199 est

257 1228 358 1282 sub
400 1244 489 1281 an.
534 1230 670 1285 M35
701 1231 883 1303 (Anto.
924 1231 1163 1303 Loysel.,
1213 1234 1577 1290 Commentar.
1622 1236 1833 1291 Belvac.

257 1334 381 1389 pag.
415 1319 524 1392 98).
554 1320 783 1377 Abbatia
814 1339 943 1378 vero
979 1323 1037 1379 S.
1073 1324 1450 1395 Sympboriaui
1495 1336 1674 1383 exstat
1719 1328 1839 1381 Bel-

256 1410 376 1463 vaci
405 1426 435 1464 a
464 1411 710 1483 Drogone
737 1414 977 1482 ejusdem
1008 1417 1160 1471 urbis
1187 1418 1427 1474 antistite
1453 1418 1673 1473 fundata
1702 1419 1839 1475 1055

258 1517 423 1570 quam
456 1504 704 1559 monachi
735 1504 1070 1561 Bcnedictini
1102 1508 1392 1577 possident.
1421 1509 1580 1563 Plura
1608 1509 1673 1565 de
1703 1510 1840 1563 San-

261 1591 656 1664 Symphoriano
720 1598 970 1652 coenobio
1024 1598 1164 1653 scire
1226 1600 1410 1669 cupis?
1460 1600 1547 1655 adi
1613 1600 1839 1657 Louvel.

258 1682 400 1738 Hist.
431 1685 644 1743 Belvac.
678 1695 807 1741 tom.
840 1687 881 1754 Ι,
913 1696 1073 1759 atque
1111 1689 1238 1744 Ant.
1284 1689 1526 1759 Loysel.,
1557 1690 1647 1745 ubi
1677 1705 1842 1760 supra

256 1789 386 1845 pag.
414 1775 523 1830 252
548 1784 603 1830 et
628 1776 755 1832 501.

332 1866 389 1919 1η
417 1866 519 1923 hoc
546 1867 623 1922 De
646 1868 964 1937 pignoribus
1000 1877 1306 1923 sanctorum
1352 1878 1584 1925 tractatu
1610 1870 1841 1927 Guiber-

264 1964 369 2021 tus,
405 1972 510 2012 non
540 1956 781 2026 profane,
813 1974 917 2013 non
944 1958 1076 2012 lucri
1102 1959 1294 2030 gratia,
1325 1963 1416 2015 sed
1451 1961 1716 2032 religiose,
1748 1961 1844 2017 sed

260 2048 561 2103 secundum
604 2048 905 2109 scientiam.
939 2051 1031 2103 sed
1063 2050 1253 2119 spiritu
1286 2051 1689 2121 colendasesse
1720 2069 1844 2109 san-

257 2148 472 2193 ctorum
493 2141 715 2197 exuvias
744 2141 884 2195 haud
917 2141 1164 2210 imperite
1191 2144 1488 2199 contendit.
1514 2145 1623 2201 Nec
1648 2147 1845 2204 mirere

258 2232 304 2287 si
335 2230 561 2301 prolixis
585 2233 719 2288 adeo
741 2233 1082 2289 sermonibus
1110 2236 1161 2288 in
1194 2235 1546 2305 reliquiarum
1572 2236 1841 2305 falsarios,

258 2321 663 2388 adiuventores,
707 2338 772 2377 ac
811 2325 990 2392 specie
1019 2326 1237 2395 pietatis
1275 2329 1491 2383 easdem
1522 2330 1719 2399 populo
1751 2345 1841 2383 ve-

259 2413 534 2469 nerandas
586 2415 927 2483 exhibentes,
977 2416 1282 2473 invehatur.
1326 2420 1535 2474 Etenim
1578 2421 1679 2475 hac
1730 2422 1845 2492 ipsa

260 2513 582 2575 tempestate
619 2514 697 2561 tot
721 2517 775 2561 et
803 2516 911 2562 tam
944 2508 1140 2564 diversi
1181 2509 1449 2580 irrepsere
1490 2511 1731 2581 pestifcri
1758 2528 1845 2567 er-

259 2613 435 2663 rores,
463 2608 519 2655 et
542 2607 649 2653 tam
679 2599 908 2655 nefanda
938 2602 1293 2671 pecuniarum
1323 2603 1489 2658 libido
1517 2605 1847 2660 ecclesiasti-

259 2706 355 2745 cos
394 2691 786 2763 religiososque
812 2692 981 2759 viros,
1014 2709 1118 2762 quo
1148 2694 1472 2749 celebriorcs
1498 2710 1625 2751 suas
1656 2696 1847 2752 redde-

260 2791 382 2836 rent
435 2781 708 2847 ecclesias,
756 2783 917 2852 cepit,
954 2785 1266 2849 obcaecavit,
1307 2793 1362 2838 ut
1409 2800 1512 2841 non
1555 2786 1749 2842 mirum
1799 2788 1846 2842 si

260 2881 452 2927 auctor
480 2888 573 2928 eas
600 2872 842 2943 pluribus
868 2872 922 2927 in
953 2874 1087 2929 locis
1113 2873 1340 2944 hujusce
1371 2884 1632 2932 tractatus
1658 2879 1845 2951 exagi-

262 2971 379 3018 tare
409 2963 682 3029 videatur;
720 2964 919 3020 nedum
951 2966 1229 3035 pietatem,
1258 2966 1570 3038 cultumque
1604 2969 1847 3039 reliquiis

259 3056 391 3111 velit
442 3056 719 3127 denegari,
769 3057 879 3113 imo
922 3073 1054 3114 vero
1097 3058 1166 3114 ad
1212 3058 1487 3130 religionis
1527 3061 1848 3118 Christianae

260 3151 661 3217 accessionem,
708 3150 1046 3223 gloriamque
1100 3152 1197 3207 Dei
1254 3153 1628 3224 adaugendam
1680 3154 1849 3224 pluri-

259 3257 409 3297 mum
459 3242 704 3297 conferre
745 3242 1083 3312 profiteatur.
1137 3261 1157 3294 ι
1193 3242 1461 3299 Caeterum
1509 3244 1554 3300 si
1589 3244 1737 3314 quid,
1771 3244 1849 3299 ait

258 3329 350 3386 ille
395 3331 450 3387 in
496 3331 840 3402 praefatione,
899 3333 1164 3389 senserim
1216 3349 1279 3390 ex
1332 3335 1683 3402 ﬁde,sensa
1734 3345 1846 3391 tota

259 3425 387 3482 ﬁdei
427 3427 717 3484 securitate
771 3426 1114 3497 protulerint,
1153 3427 1200 3482 si
1243 3428 1365 3498 quis
1413 3428 1605 3484 melius
1645 3428 1848 3484 sentiat

260 3520 448 3576 velim.
484 3539 506 3574 ι

336 3631 402 3702 (⁸)
440 3630 538 3685 Cui
579 3647 684 3686 non
725 3631 883 3687 semel
918 3632 1267 3703 Augustinus,
1307 3634 1397 3687 sed
1438 3632 1566 3688 locis
1609 3633 1847 3703 pluribus

1938 1147 2249 1218 Lanfranci,
2282 1153 2450 1224 ipsius
2488 1160 2742 1229 operibus
2787 1164 3082 1234 praelixam,
3112 1167 3510 1240 adnotavimus,

1936 1254 2058 1311 pag.
2088 1240 2177 1296 «i2.
2209 1243 2272 1298 Ε.
2302 1245 2356 1299 2.
2386 1262 2442 1301 n.

2021 1337 2085 1409 (⁸)
2122 1337 2249 1393 CAP.
2278 1339 2317 1393 Ι.
2346 1371 2415 1380 -
2440 1341 2580 1407 Quid
2610 1345 2782 1400 dicam
2829 1348 2893 1404 de
2940 1351 3005 1404 iis
3049 1354 3267 1418 sanctis,
3294 1371 3514 1425 quorum

1940 1431 2084 1502 ﬁnis,
2118 1441 2209 1485 aut
2238 1440 2314 1485 est
2370 1432 2425 1485 in
2480 1434 2618 1487 malo
2656 1438 2985 1506 propatulus,
3034 1453 3125 1495 aut
3173 1442 3296 1498 latet
3343 1454 3517 1498 utrum

1943 1525 2107 1579 bonus
2134 1542 2201 1579 an
2226 1524 2422 1589 malus,
2444 1531 2549 1579 etc.
2584 1524 2658 1579 Ea
2702 1527 2769 1582 de
2808 1543 2866 1583 re
2896 1531 3194 1598 capitulare
3220 1534 3520 1602 Aquisgra-

1943 1632 2109 1673 nense
2134 1616 2243 1670 42:
2282 1635 2301 1667 α
2334 1616 2405 1672 Ut
2450 1615 2585 1671 falsa
2630 1618 2849 1673 nomina
2872 1631 3193 1693 martyrum,
3218 1633 3274 1680 et
3300 1624 3521 1678 incertre

1944 1718 2255 1766 sanctorum
2300 1712 2574 1767 memoriae
2625 1728 2733 1768 non
2790 1721 3136 1772 venerentur.
3172 1734 3193 1767 ι
3229 1714 3326 1771 Cui
3350 1716 3428 1769 rei
3455 1714 3515 1769 il-

1944 1802 2237 1857 lustranda:
2291 1800 2676 1857 documentum
2716 1804 2932 1859 concilii
2960 1804 3204 1861 Africani
3264 1819 3388 1861 can.
3427 1803 3517 1869 50,

1945 1897 2076 1953 facit
2113 1898 2312 1954 mirum
2343 1895 2397 1949 in
2437 1896 2654 1950 modum
2690 1913 2705 1951 :
2753 1916 2772 1949 ‹
2803 1897 3012 1953 Placuit
3052 1906 3113 1953 ut
3146 1897 3358 1963 altaria,
3403 1912 3531 1967 quae

1946 1992 2146 2062 passim
2189 1992 2304 2060 per)
2325 2002 2507 2061 agros
2548 1998 2605 2046 et
2654 2003 2752 2059 per
2802 1989 2978 2056 villas,
3012 1989 3068 2043 in
3097 1989 3295 2059 quibus
3317 1987 3522 2043 nullum

1948 2100 2144 2154 corpus
2167 2084 2251 2140 vel
2298 2083 2540 2153 reliquis:
2588 2089 2894 2153 martyrum
2936 2083 3169 2138 conditae
3196 2082 3519 2152 probantur,

1948 2178 2017 2234 ab
2092 2177 2360 2249 episcopis
2418 2178 2511 2247 qui
2563 2178 2700 2234 locis
2747 2176 2953 2232 eisdem
3002 2182 3263 2244 prmsunt,
3310 2174 3356 2229 si
3408 2171 3528 2227 ﬁeri

1947 2280 2147 2341 potest,
2171 2279 2507 2327 evertantur.
2542 2270 2599 2326 Si
2638 2279 2819 2325 autem
2863 2269 2988 2334 hoc,
3016 2275 3241 2337 propter
3266 2264 3531 2319 tumultus

1871 2391 1921 2452 Β
1950 2363 2234 2433 pupulares
2266 2379 2375 2419 non
2412 2362 2628 2427 sinitur,
2662 2361 2844 2431 plebes
2898 2369 3079 2414 tamen
3136 2356 3530 2452 admoneamur

1950 2471 2017 2511 ne
2040 2453 2129 2510 illa
2161 2455 2291 2511 loca
2315 2455 2681 2525 frequentem,
2711 2460 2772 2508 ut
2814 2451 2906 2522 qui
2956 2458 3105 2506 recte
3135 2448 3356 2517 sapiunt
3386 2446 3535 2501 nulla

1948 2545 2023 2601 ibi
2054 2546 2437 2616 superstitione
2463 2543 2661 2599 devicti
2692 2548 2996 2597 teneantur.
3046 2539 3112 2593 Et
3134 2537 3358 2593 omnino
3384 2536 3532 2590 nulla

1949 2641 2212 2695 memoria
2246 2649 2546 2710 martyrum
2573 2634 2928 2708 probabiliter
2948 2640 3276 2702 acceptetur,
3311 2630 3416 2685 nisi
3442 2629 3531 2685 ubi

1950 2749 2146 2804 corpus
2168 2743 2262 2789 aut
2299 2733 2541 2804 reliquiae
2573 2739 2736 2787 certae
2782 2739 2929 2797 sunt,
2982 2737 3076 2783 aut
3127 2728 3283 2798 origo
3307 2723 3534 2794 alicujus

1950 2826 2307 2882 habitationis
2330 2824 2414 2880 vel
2440 2822 2827 2894 possessionis,
2882 2820 2969 2876 vel
3014 2819 3283 2889 passionis
3335 2815 3537 2872 ﬁdelis-

1951 2921 2090 2977 sima
2140 2920 2353 2991 origine
2418 2917 2670 2973 traditur.
2718 2913 2854 2968 Nam
2904 2929 3026 2983 qua:
3071 2927 3170 2982 per
3207 2909 3441 2974 somnia,
3481 2915 3538 2963 et

1947 3027 2046 3082 per
2068 3012 2255 3067 inanes
2282 3009 2437 3080 quasi
2461 3006 2827 3063 revelationes
2858 3002 3227 3074 quorumlibet
3250 3000 3535 3055 hominum

1948 3106 2260 3174 ubicunque
2335 3105 2743 3160 constitutmtur
2813 3098 3031 3166 altaria,
3082 3094 3306 3153 omnino
3346 3106 3535 3162 repro-

1948 3198 2163 3254 beutur.
2204 3218 2222 3251 ι

2022 3292 2088 3363 (⁷)
2121 3290 2248 3346 Car.
2272 3289 2312 3344 Ι.
2337 3320 2406 3335 ρ-
2429 3288 2509 3345 Sit
2551 3290 2728 3360 itaque
2776 3287 2949 3342 videre
2999 3283 3328 3356 pontiﬁcum,
3355 3281 3421 3336 sit
3445 3297 3539 3351 po-

1949 3382 2061 3453 puli
2086 3383 2184 3436 Dei
2209 3382 2379 3437 videre
2396 3381 2692 3436 custodum.
2720 3379 2874 3437 Unde
2904 3376 3125 3447 capitul.
3154 3374 3336 3431 Caroli
3357 3371 3541 3443 Magni

1952 3490 2070 3544 cap.
2100 3472 2202 3527 28:
2229 3491 2246 3523 ι
2274 3472 2351 3526 De
2377 3471 2645 3538 ecclesiis,
2665 3485 2759 3525 seu
2790 3469 2996 3525 sanctis
3023 3465 3259 3533 noviter,
3288 3464 3408 3521 sine
3445 3478 3542 3518 au-

1951 3570 2205 3628 ctoritate
2228 3568 2488 3634 inventis,
2519 3564 2625 3621 nisi
2682 3564 2940 3636 episcOpo
2992 3559 3283 3633 probante,
3314 3555 3542 3612 minime

1950 3671 2296 3719 venerentur.
2346 3680 2365 3714 ›
2410 3659 2522 3714 lmo
2583 3656 2775 3713 concil.
2832 3654 3197 3718 Lateran.1v,
3252 3664 3372 3720 cap.
3429 3646 3538 3701 62:

262 3720 578 3803 τείναααίιιτι
608 3721 779 3821 Ἐξ)Ἦο
806 3721 897 3788 1V,
1032 3737 1282 3821 sermone
1311 3723 1522 3821 Pothini
1552 3723 1607 3778 in
1641 3731 1846 3792 ηιοηιθν
1880 3762 1922 3821 C
1962 3776 1979 3808 ι
2012 3756 2266 3810 inventas
2297 3750 2557 3820 reliquias
2585 3748 2650 3804 de
2667 3761 2835 3812 novo,
2870 3759 3032 3800 nemo
3054 3739 3268 3813 publice
3292 3733 3544 3792 venerari

260 3826 311 3867 c.
333 3813 432 3879 20;
461 3821 577 3868 ett.
610 3812 675 3867 Vl
709 3813 868 3869 Cont.
895 3813 1283 3868 Adimantium.
1314 3814 1351 3871 l.
1385 3814 1424 3869 l.
1456 3830 1496 3882 ι,
1528 3829 1577 3870 c.
1610 3816 1697 3869 l7.

338 3924 402 3996 (³)
441 3924 689 3980 Abbutem
740 3927 1052 3997 quemdam,
1095 3943 1244 3998 quem
1302 3936 1540 3983 sanctum
1587 3928 1853 3999 Pyronem

264 4014 417 4070 lectio
439 4015 534 4070 illa
563 4018 893 4087 agnominat.
932 4018 1121 4073 Simile
1156 4020 1285 4088 quid
1317 4020 1507 4086 habes,
1535 4035 1657 4089 cap.
1686 4020 1854 4075 Audi-

265 4108 451 4172 vimus,
478 4106 555 4163 De
593 4109 837 4178 reliquiis
861 4120 916 4163 et
942 4111 1290 4167 veneratione
1319 4120 1655 4167 sanctorum.
1693 4131 1711 4164 ‹
1743 4114 1854 4166 Au-

266 4196 499 4255 divimus
543 4202 685 4270 quod
735 4200 952 4271 quidam
1006 4201 1148 4257 inter
1192 4218 1310 4269 vos,
1357 4203 1621 4259 diabolica
1665 4203 1853 4257 fraude

266 4288 504 4360 decepti,
529 4292 803 4348 hominem
824 4295 1113 4363 quemdam
1133 4295 1186 4349 in
1216 4295 1488 4365 potatione
1514 4305 1570 4351 et
1589 4296 1855 4351 ebrietate

264 4384 543 4452 occisum,
601 4385 754 4457 quasi
802 4394 1051 4441 sanctum
1104 4388 1277 4457 (more
1317 4385 1642 4457 infidelium)
1692 4401 1853 4441 vene-

268 4485 482 4533 rantur.
521 4497 539 4529 ι

341 4593 408 4665 (⁸)
448 4594 574 4649 Car.
606 4593 647 4648 Ι.
675 4624 746 4635 --
776 4594 889 4649 Nec
923 4593 1055 4649 illud
1092 4595 1281 4649 excidit
1316 4595 1455 4665 quod
1494 4592 1854 4662 Lanfrancus,

269 4695 374 4741 etc.
404 4686 541 4754 Quid
568 4687 762 4743 elicere
787 4688 916 4743 velit
948 4696 1138 4744 auctor
1168 4698 1356 4745 noster
1384 4704 1513 4745 sane
1542 4704 1647 4744 non
1674 4689 1853 4744 video.

268 4776 428 4850 563
460 4777 657 4834 Verum
704 4781 953 4850 equidem
994 4790 1078 4836 est
1117 4782 1175 4835 Β.
1206 4781 1573 4837 Laufrancum
1614 4781 1860 4851 aliquan-

271 4875 379 4940 diu,
408 4877 551 4947 quod
583 4893 759 4934 annua
788 4878 1188 4935 celebritate‘S.
1222 4879 1465 4952 Elfegum
1496 4880 1856 4952 praedecesso-

272 4975 383 5028 rem
409 4983 565 5023 suum
590 4970 819 5039 populus
862 4970 1183 5039 percoleret,
1217 4986 1324 5027 non
1356 4972 1643 5041 probasse;
1680 4977 1737 5025 at
1765 4969 1856 5025 ubi

273 5059 593 5130 mlloquium
625 5077 749 5117 cum
781 5062 1127 5118 sanctissimo
1170 5062 1435 5133 discipulo
1472 5062 1729 5118 Anselmo
1757 5062 1857 5116 ha-

1956 3853 2272 3919 praesumat,
2318 3841 2424 3898 nisi
2476 3839 2629 3911 prius
2684 3835 3011 3893 auctoritate
3044 3830 3243 3890 summi
3271 3825 3546 3901 pontiﬁcis

1955 3937 2161 3993 fuerint
2222 3933 2552 4004 approbatae.
2617 3928 2834 3984 Praelati
2884 3940 3017 3983 vero
3067 3922 3135 3978 de
3188 3928 3388 3978 caetero
3436 3930 3546 3972 non

1958 4032 2277 4106 permittant
2299 4028 2420 4083 illos
2442 4025 2534 4096 qui
2579 4023 2648 4079 ad
2693 4036 2882 4079 eorum
2907 4017 3167 4076 ecclesias
3197 4028 3361 4071 causa
3385 4024 3547 4106 vene:

1958 4100 2189 4189 rationis
2215 4121 2500 4187 accedunt,
2541 4117 2698 4174 vanis
2728 4113 2999 4186 figmentis
3026 4120 3119 4167 aut
3174 4107 3326 4163 falsis
3371 4100 3547 4171 decipi

1960 4219 2328 4282 documentis,
2356 4215 2499 4269 sicut
2550 4219 2604 4267 et
2656 4212 2710 4263 in
2750 4208 3023 4278 plerisque
3074 4203 3210 4258 locis
3259 4197 3549 4254 occasione

1959 4320 2199 4382 quaestus
2227 4308 2344 4363 lieri
2374 4301 2675 4367 consuevit,
2706 4320 2726 4352 ι
2760 4308 2864 4354 etc.
2889 4296 3132 4351 Trident.
3185 4288 3376 4347 concil.
3407 4301 3544 4342 sess.

1959 4381 2051 4470 25,
2074 4404 2150 4457 De
2171 4397 2539 4460 invocatione,
2562 4389 2915 4449 veneratione
2965 4394 3021 4441 et
3053 4381 3300 4453 reliquiis
3331 4387 3547 4436 sancto-

1961 4510 2105 4552 rum.

2034 4588 2102 4659 (⁸)
2126 4586 2255 4642 CAP-
2286 4582 2328 4639 Ῐο
2355 4613 2423 4622 -
2452 4579 2566 4636 Hos
2624 4576 2779 4647 plane
2830 4572 2920 4644 qui
2961 4568 3209 4639 scrophas
3231 4565 3370 4621 circa
3388 4564 3553 4659 jugu-

1966 4655 2098 4748 lum,
2125 4688 2215 4733 aut
2247 4678 2454 4747 uspiam
2486 4674 2542 4727 in
2573 4684 2810 4739 corpore.
2862 4661 3069 4720 Scrofae
3127 4676 3223 4717 seu
3275 4655 3550 4720 scrofulte,

1962 4777 2076 4832 sive
2096 4772 2262 4829 etiam
2288 4777 2536 4828 strumre,
2566 4782 2584 4815 ι
2617 4776 2753 4831 quas
2776 4751 3234 4829 (Ξΐωεὶλλοιρὰδας
3258 4748 3551 4822 appellant,

1967 4865 2178 4940 glandia
2213 4862 2355 4934 (qua:
2382 4858 2451 4913 ab
2490 4854 2680 4911 eadem
2715 4858 2875 4923 gente
2904 4847 3108 4903 adenes
3128 4839 3403 4940 dicuntur)
3425 4843 3553 4940 snunt

1964 4928 2271 5022 bbdurata;
2305 4950 2503 5023 quibus
2546 4946 2769 5010 collum,
2818 4941 3020 5006 axillte,
3071 4946 3126 4992 et
3184 4932 3406 5003 inguina
3438 4928 3552 5023 fre-

1964 5051 2325 5126 quentissime
2389 5048 2747 5120 occupantur.
2786 5056 2805 5090 ›
2868 5032 3088 5126 Paulus
3126 5027 3414 5126 Egincta,
3476 5020 3556 5126 De

266 5111 763 5223 buit,‘scrupulum
807 5155 1078 5211 submovit
1117 5111 1356 5221 omnem,
1392 5153 1665 5225 iussitque
1713 5154 1857 5209 cele-
1893 5139 1939 5196 D
1970 5159 2087 5205 arte
2108 5147 2251 5203 med.
2284 5144 2380 5201 lib.
2403 5159 2480 5211 tv,
2508 5154 2628 5209 cap.
2658 5129 3036 5225 ’ὀὸξρτίδιοῐιυ
3062 5111 3552 5225 Πεξιρπξοωξξίξξξξ

264 5242 436 5300 briori
482 5244 631 5301 cultu
678 5245 736 5302 S.
782 5247 1028 5318 Elfegum
1060 5250 1329 5305 venerari.
1367 5268 1385 5300 ι
1422 5249 1591 5322 Quam
1635 5248 1855 5319 quidem

265 5336 557 5393 historiam
588 5356 693 5394 non
728 5340 900 5395 solum
933 5341 1093 5410 plano
1124 5340 1418 5396 dictamine
1447 5340 1514 5394 ad
1545 5338 1854 5409 legendum,

264 5444 458 5485 verum
498 5432 660 5487 etiam
705 5434 911 5489 musico
962 5433 1325 5489 modulamine
1372 5433 1439 5487 ad
1486 5431 1791 5487 canendum
1825 5446 1859 5485 a

260 5524 517 5593 lucundae
550 5527 822 5581 memoria.
855 5525 1118 5593 Osberno,
1154 5526 1564 5581 Cantuariensis
1602 5523 1859 5578 Ecclesiae
1913 5580 1919 5585 ,

265 5617 559 5682 monacho,
593 5620 658 5671 ad
688 5627 1011 5689 praeceptum
1050 5618 1190 5673 illius
1225 5617 1474 5672 nobiliter
1513 5617 1711 5672 editam
1744 5615 1859 5685 ipse

268 5720 369 5762 sua
398 5707 683 5777 prudentia
714 5725 811 5778 pro
842 5726 1025 5766 amore
1066 5710 1207 5766 illius
1240 5711 1494 5780 martyris
1526 5707 1741 5779 (Elfegi)
1776 5707 1861 5760 in-

269 5795 508 5865 signivit,
539 5798 844 5868 insignitum
875 5803 1195 5866 aucloravit,
1231 5801 1620 5855 auctorizatnu:
1661 5798 1715 5851 in
1754 5797 1857 5850 Ec-

271 5889 439 5949 clesia
490 5892 589 5950 Dei
638 5891 745 5964 legi
796 5895 1109 5966 cantarique
1181 5895 1433 5953 instituit.
1481 5914 1501 5948 ›
1556 5892 1858 5949 Eadmcrus
1902 5960 1906 5964 ἱ

1972 5202 2220 5308 Vill,
2253 5254 2375 5308 cap.
2405 5202 2478 5291 2f
2512 5202 2693 5293 et—25;
2752 5223 3093 5308 Hippocrat._,
3122 5213 3217 5267 lib.
3251 5209 3325 5264 De

1970 5293 2379 5397 initi;
2432 5333 2489 5380 et
2539 5323 2616 5377 De
2660 5293 2839 5372 all‘ect.
2892 5316 3027 5365 sect.
3061 5304 3115 5372 5,
3150 5293 3557 5397 postmiedqlie

1972 5387 2203 5485 diversis
2226 5387 2562 5479 strumarum
2590 5408 2881 5484 generibus
2904 5397 3249 5460 Bartholom;
3276 5387 3558 5495 l’erdulcis

1971 5519 2065 5573 lib.
2100 5531 2212 5583 xxv,
2241 5530 2359 5582 cap.
2402 5508 2495 5563 27.
2543 5498 2780 5559 Curandi
2822 5504 3000 5581 autem
3046 5487 3288 5561 pestiferi
3317 5491 3556 5583 struma-

1972 5572 2094 5665 rum
2126 5572 2748 5671 merbi-prterogativam
2805 5578 3023 5660 regibus
3064 5582 3400 5638 Francorum
3424 5572 3560 5671 divi-

1972 5664 2122 5759 nitus
2146 5712 2267 5754 esse
2310 5664 2649 5757 concessam,
2702 5683 2923 5739 tradunt
2968 5674 3293 5747 scriptores;
3359 5664 3559 5721 cthaec

1973 5790 2243 5857 hodieque
2267 5785 2600 5854 perseverat.

2042 5841 2315 5940 Caetcruiti
2339 5872 2465 5946 quia
2487 5864 2799 5941 complures
2829 5860 2887 5920 in
2923 5859 3029 5919 hoc
3047 5853 3366 5926 argumento
3394 5841 3562 5901 desuq
