3982 6346
480 404 629 470 1025

1466 408 1558 465 AD
1586 404 1737 466 OPP.
1773 406 1932 465 VEN.
1963 404 2289 464 (ΗΠΒΕῆτί
2322 403 2411 465 DE
2448 404 2846 467 NOVIGENTO

3609 414 3748 477 ιοει

484 525 645 581 dasse
675 522 811 589 scio,
842 528 1006 592 atque
1030 521 1164 577 adeo
1182 520 1507 592 multiplices
1528 528 1819 577 occurrunt
1848 520 2063 590 opinio-
2092 523 2142 577 A
2166 519 2484 576 fractionem
2527 522 2742 576 dixem.
2804 523 3031 590 Quando
3077 522 3418 597 discooperto
3475 530 3652 587 calice
3682 506 3752 590 se

483 632 602 680 nes,
636 618 705 671 ab
740 616 825 671 his
851 616 993 670 haud
1024 616 1329 672 inconsulto
1376 615 1575 687 (ampla
1603 614 1727 669 licet
1756 613 1901 667 fandi
1930 628 2058 684 sup-

481 713 635 776 petat
673 705 951 775 materies)
994 705 1389 775 espediendum
1449 718 1535 759 me
1592 703 1799 775 putavi.
1856 702 2063 773 Legam

484 798 573 867 qui
602 796 873 851 voluerint
923 796 1229 852 neotericos
1275 807 1548 862 auctores,
1594 794 1819 850 Huhert.
1851 794 2058 850 Merum

480 884 577 940 lib.
602 901 685 953 ut,
712 887 787 941 De
834 886 1007 941 sacris
1049 886 1417 951 unctionibus,
1456 902 1577 956 cap.
1625 886 1678 953 5,
1707 887 1799 955 qui
1826 885 2057 941 feliciter

482 977 770 1032 admodum
818 976 886 1046 (si
949 976 1077 1047 quid
1119 975 1327 1046 judico)
1378 976 1478 1030 hac
1526 977 1591 1030 de
1640 992 1696 1031 re
1722 976 1960 1046 scripsit.
1987 976 2054 1029 Et

480 1066 696 1124 Guillel.
728 1068 810 1123 Du
841 1067 1058 1139 Peyrat,
1111 1069 1203 1123 lib.
1240 1083 1276 1121 ιι
1316 1068 1456 1122 Hist.
1490 1068 1722 1133 Eccles.,
1759 1083 1878 1137 cap.
1910 1068 1981 1122 56
2004 1075 2061 1122 et

480 1173 599 1229 seq.
624 1156 781 1214 Ritus
803 1172 932 1219 vero
964 1158 1055 1227 qui
1090 1173 1189 1213 suo
1217 1172 1333 1213 ωνο
1355 1157 1633 1213 observari
1655 1156 1902 1213 solebant
1923 1172 2053 1211 exa-

480 1251 620 1305 ravit
666 1250 978 1320 Stephanus
1027 1251 1094 1305 de
1149 1250 1322 1321 Conty
1380 1249 1722 1306 Corbeiensis
1779 1252 2050 1306 cmnobita

478 1342 825 1399 decretorum
879 1341 1089 1405 doctor,
1140 1339 1383 1395 Historia
1434 1355 1537 1395 ms.
1596 1354 1781 1411 regum
1811 1340 2052 1395 Franco-

479 1446 651 1486 rum:
700 1448 718 1479 σ
745 1429 994 1486 Praedicti
1021 1444 1175 1502 reges
1222 1430 1545 1503 singulares,
1569 1431 1796 1502 quilibet
1815 1431 2055 1502 ipsorum

478 1521 612 1579 fecit
658 1521 860 1592 pluries
879 1521 1141 1578 miracula
1179 1522 1230 1578 in
1256 1523 1365 1578 vita
1393 1538 1510 1590 sua,
1529 1522 1788 1578 videlicet
1815 1525 2056 1579 sanando

478 1613 702 1670 omnino
736 1614 803 1672 de
841 1628 1131 1681 venenosa,
1182 1614 1347 1684 turpi,
1379 1623 1436 1670 et
1463 1614 1809 1670 incommoda
1841 1613 2047 1678 scabie,

475 1718 598 1774 quze
648 1704 852 1763 Gallice
883 1714 1109 1763 vocatur
1151 1706 1454 1761 écrouelles.
1511 1706 1700 1761 Modus
1720 1706 1946 1761 sanandi
1968 1715 2055 1761 est

474 1793 944 1867 iste:Postquam
996 1813 1094 1853 rex
1130 1798 1339 1853 audivit
1372 1798 1613 1862 missam,
1660 1796 1881 1853 affertur
1927 1807 2052 1854 ante

471 1902 599 1944 eum
626 1903 723 1945 vas
739 1904 895 1958 aquae
924 1888 1163 1959 plenum,
1208 1889 1394 1945 statim
1439 1900 1566 1945 tunc
1593 1889 1721 1944 facit
1749 1890 2052 1946 orationem
2080 1880 2130 1940 B

473 1994 630 2037 suam
665 1990 791 2037 ante
826 1981 1022 2049 altare,
1054 1991 1109 2038 et
1132 1990 1324 2053 postea
1347 1997 1512 2041 manu
1555 1984 1744 2039 dextra
1774 1984 1945 2055 tangit
1971 1985 2055 2039 in-

472 2068 810 2138 ﬁrmitatem,
842 2080 900 2127 et
920 2072 1067 2129 lavat
1092 2073 1145 2127 in
1176 2073 1317 2129 dicta
1339 2088 1507 2144 aqua.
1536 2073 1742 2129 Inﬁrmi
1784 2090 1912 2130 vero
1954 2091 2056 2132 aea

472 2159 737 2229 cipientes
769 2161 838 2217 de
861 2162 1007 2223 dicta
1033 2178 1198 2232 aqua,
1227 2172 1278 2218 et
1327 2173 1579 2233 potantes
1601 2179 1697 2234 per
1719 2180 1909 2229 novem
1939 2166 2055 2222 dies

467 2249 634 2322 jejuni
674 2267 797 2309 cum
854 2252 1161 2318 devotione,
1210 2254 1329 2311 sine
1388 2255 1490 2310 alia
1542 2258 1808 2311 medicina
1832 2258 2054 2313 omnino

471 2351 757 2400 sanantur.
791 2343 857 2401 Et
908 2354 993 2400 est
1042 2346 1121 2401 rei
1178 2345 1403 2412 veritas,
1444 2347 1587 2416 quod
1636 2349 2054 2405 innumerabiles

470 2432 553 2489 sic
575 2434 642 2489 de
666 2434 812 2491 dicta
869 2434 1191 2493 inﬁrmitate
1237 2436 1457 2493 fuerunt
1501 2440 1678 2494 sanati
1730 2456 1828 2508 per
1875 2440 2055 2510 plures

469 2539 626 2598 reges
647 2525 915 2583 Francize.
949 2546 969 2587 ι
1025 2526 1255 2585 Vivebat
1281 2527 1596 2598 Stephanus
1633 2546 1777 2585 anno
1802 2531 1962 2586 1400.
1984 2532 2056 2586 At

470 2630 603 2672 vero
625 2615 892 2685 ejusmodi
937 2615 1077 2674 ritus
1129 2617 1484 2683 obsolevisse,
1540 2622 1693 2677 testis
1735 2632 1819 2677 est
1849 2625 1939 2693 qui
1965 2640 2055 2680 su-

469 2722 568 2778 pra
593 2707 673 2762 Du
716 2707 934 2779 Peyrat,
981 2724 1104 2777 cap.
1148 2709 1237 2764 6t.
1283 2709 1386 2777 Qui
1409 2712 1629 2780 quidem
1661 2729 1762 2784 cap
1811 2716 1900 2781 60,
1932 2725 2054 2786 post

471 2798 641 2865 med.,
673 2813 741 2853 ex
768 2798 950 2854 verbis
971 2798 1214 2855 Guiberti
1241 2814 1257 2854 :
1292 2799 1379 2855 Me
1407 2803 1455 2855 ei
1477 2803 1789 2871 coliazrenle,
1825 2816 1873 2862 et
1894 2808 2052 2862 etiam

471 2887 799 2959 prohibente,
824 2888 1050 2959 conjicit
1098 2888 1165 2943 ab
1230 2888 1591 2962 eleemosynis
1617 2892 1784 2950 fuisse
1810 2896 1922 2965 regi
1945 2892 2053 2952 Lu-

471 2980 667 3037 dovico
687 2980 891 3038 Grosso
921 2998 937 3038 :
961 2982 1049 3039 cui
1076 2979 1406 3051 conjecturae
1434 2987 1724 3054 quominus
1769 3003 2050 3044 assensum

469 3072 743 3142 praebeam
791 3074 1046 3145 prohibet
1096 3076 1327 3148 ipsemet
1384 3077 1676 3136 Guibertus
1718 3097 1731 3134 :
1783 3082 2050 3151 siquidem

469 3162 694 3245 liac_fuit
746 3165 1007 3235 dignitate
1054 3178 1263 3235 auctus,
1308 3186 1436 3225 num
1474 3170 1529 3226 in
1557 3172 1667 3226 vita
1696 3173 1786 3227 ubi
1817 3175 2049 3229 minuta-

470 3243 733 3317 timqsuos
754 3267 908 3317 actus
938 3262 1227 3330 percurrit,
1257 3262 1493 3320 ofﬁcium
1521 3263 1650 3320 illud
1675 3268 2004 3334 praeterisset
2029 3268 2051 3322 ?
2078 3259 2121 3318 C

467 3345 586 3419 Non
618 3347 776 3408 facile
798 3352 949 3419 credi
980 3360 1177 3424 potest.

537 3439 842 3509 Notandum
868 3446 1082 3502 tandem
1109 3456 1214 3515 est,
1263 3455 1487 3505 auctore
1532 3459 1720 3505 nostro
1770 3452 2043 3521 antiquio-

468 3549 587 3605 rem
634 3535 900 3593 bacteuus
951 3537 1116 3610 (quod
1148 3539 1343 3609 sciam)
1394 3541 1485 3611 qui
1544 3542 1611 3598 de
1661 3542 1828 3598 haece
1858 3560 2043 3615 regum

467 3632 782 3695 nostrorum
837 3632 1199 3701 praerogativa
1270 3631 1580 3702 disputarit,
1623 3635 1849 3704 reperiri
1877 3636 2041 3691 nemi-

465 3730 610 3783 nem.
766 3767 770 3771 .

538 3809 606 3878 (’)
634 3807 763 3867 CAP.
790 3809 856 3865 ll.
889 3841 961 3867 —
991 3810 1185 3877 Mulier
1217 3814 1459 3884 quwdam
1509 3815 1577 3868 ad
1629 3816 1897 3872 ecclesiam
1924 3836 2047 3888 pro-

465 3899 640 3969 prium
695 3900 1016 3970 infamatum
1057 3903 1404 3972 suscipienda:
1454 3923 1617 3960 causa
1666 3911 2045 3964 communionis

466 3990 786 4053 adduxerat.
816 3991 979 4047 Vides
1000 3993 1069 4048 ad
1103 3995 1246 4050 hanc
1288 4004 1662 4067 tempestatem
1695 4008 1747 4053 et
1776 3999 1912 4053 ultra
1945 4000 2045 4073 (uti

466 4095 594 4136 mox
628 4080 1078 4154 demonstraturi)
1119 4083 1419 4142 infantibus
1460 4089 1895 4144 communionem
1925 4106 2046 4146 cor-

464 4169 615 4241 poris
639 4168 841 4226 Christi
864 4171 917 4226 in
957 4172 1183 4229 ecclesia
1212 4176 1668 4234 administratam.
1692 4180 1817 4247 Adi,
1850 4181 1893 4236 si
1928 4182 2040 4252 pla-

466 4268 571 4325 cet,
602 4260 663 4315 B.
690 4259 973 4319 Lanfranci
1006 4265 1166 4335 epist.
1228 4256 1317 4331 33,
1366 4276 1421 4324 et
1460 4270 1897 4328 observationem
1948 4289 2044 4329 no-

464 4360 632 4407 stram
658 4355 726 4410 ad
750 4355 1023 4424 eamdem;
1052 4358 1346 4414 Arcadium
1375 4359 1553 4431 libant
1583 4361 1658 4417 De
1686 4363 2044 4419 Eucharistiae

465 4456 832 4502 sacramento.
884 4448 986 4515 Qui
1033 4465 1161 4505 vero
1201 4453 1333 4521 ipsis
1379 4453 1678 4511 infantibus
1735 4472 1798 4511 ac
1829 4458 2045 4527 potissi-

462 4553 608 4593 mum
637 4553 828 4596 recens
855 4557 994 4612 aqua
1025 4542 1339 4601 Christiana
1386 4547 1568 4603 tinctis
1622 4551 1924 4606 traderetur
1950 4569 2039 4607 sa—

460 4644 555 4705 cra
580 4634 912 4703 communio,
938 4634 1191 4707 indigitat
1235 4639 1461 4707 epistola
1488 4641 1554 4696 ad
1579 4641 1634 4696 S.
1662 4641 1921 4699 Florentii
1947 4647 2039 4700 ab-

461 4721 641 4777 batem
682 4724 956 4784 Gilbertus
1003 4729 1358 4788 Pictaviensis
1410 4736 1658 4804 antistes,
1694 4753 1854 4806 quam
1881 4738 2042 4812 564

463 4818 608 4887 quod
637 4817 927 4889 plurimum
960 4821 1293 4881 illustrandis
1332 4827 1587 4885 Ecclesiae
1612 4832 1851 4902 antiquis
1884 4818 2041 4889 insti-

463 4912 760 4968 tutionibus
794 4913 1040 4970 conferat
1072 4917 1463 4989 ederejuvabit
1498 4940 1511 4975 :

529 5004 771 5076 Epistula
805 5005 1025 5063 Gilberti
1048 5006 1331 5083 Porretani
1366 5012 1696 5070 Pictavorum
1720 5018 1966 5089 episcopi.

534 5116 554 5149 ι
603 5098 932 5158 Gillebertus
980 5103 1072 5159 Dei
1124 5114 1278 5177 grata
1331 5105 1687 5166 Pictaviensis
1733 5112 2034 5183 episcopus,

462 5188 662 5247 dilecto
697 5193 751 5248 in
813 5193 1033 5252 Christo
1078 5197 1329 5256 Matthan
1397 5203 1587 5257 eadem
1642 5206 1817 5274 gratia
1857 5207 2035 5261 abbati

464 5279 653 5338 Sancti
688 5283 974 5353 Florentii,
1004 5287 1236 5344 salutem
1265 5290 1318 5345 in
1349 5291 1585 5347 Christo.

533 5395 552 5429 ε
596 5378 979 5440 Placuitvobis
1022 5394 1264 5442 nostram
1288 5388 1576 5444 consulere
1605 5391 1927 5460 parvitatem
1952 5408 2037 5447 su-

456 5487 555 5543 per
583 5473 858 5542 cujusdam
881 5477 1170 5536 oblivionis
1190 5496 1339 5549 casu,
1366 5483 1459 5552 qui
1509 5500 1681 5555 nuper
1703 5483 1758 5539 in
1805 5486 2033 5542 ecclesia

448 5570 637 5619 vestra
666 5564 865 5629 dicitur
905 5570 1199 5643 contigisse
1235 5590 1248 5628 :
1298 5572 1441 5644 quod
1470 5574 1718 5633 videlicet
1767 5593 1929 5648 super
1958 5578 2036 5632 al-

450 5661 576 5712 tare
607 5670 747 5724 pane
788 5658 966 5729 posito
1014 5662 1067 5716 in
1108 5663 1510 5720 Eucharistiam
1546 5670 1951 5739 (consecrando,
1978 5681 2032 5727 et

457 5743 628 5801 calice
670 5761 844 5803 vacuo
900 5751 1180 5823 presbyter
1232 5754 1411 5809 omnia
1452 5760 1640 5825 verba,
1685 5774 1805 5829 qua:
1851 5778 2032 5817 sacra-

454 5847 644 5896 mento
670 5841 826 5911 panis
854 5851 910 5899 et
944 5844 1054 5901 viui
1094 5848 1386 5918 pertinent,
1442 5866 1610 5923 usque
1640 5854 1705 5908 ad
1743 5855 1896 5926 panis
1950 5856 2032 5913 iu-

2164 626 2494 682 cognoscens
2519 628 2751 680 errasse,
2776 616 2967 685 positis
3004 618 3057 673 in
3091 619 3313 676 calicem
3346 624 3475 679 vino
3501 634 3556 680 et
3582 642 3751 697 aqua,

2162 717 2271 757 non
2305 707 2464 760 modo
2487 721 2651 775 super
2684 706 2929 773 calicem,
2970 724 3159 765 verum
3180 714 3345 768 etiam
3385 731 3553 787 super
3594 722 3755 787 panis

2163 794 2396 849 hostiam
2466 804 2863 865 conseCratam,
2920 815 3077 855 sacra
3109 806 3541 863 consecrationis
3582 810 3748 865 verba

2162 882 2397 940 iteravit.
2446 884 2552 942 Pro
2604 902 2710 957 quo
2748 888 2893 944 facto
2916 891 3047 960 quid
3091 894 3268 961 vobis,
3316 899 3446 968 quid
3503 900 3583 955 illi
3626 917 3749 971 pre-

2162 975 2403 1048 sbytero,
2432 981 2563 1051 quid
2603 981 2670 1035 de
2693 981 2780 1037 illa
2813 984 2990 1040 hostia
3014 985 3319 1044 faciendum
3342 992 3434 1057 sit,
3468 996 3741 1065 quaeritis.

2161 1065 2270 1123 Nos
2291 1079 2470 1124 autem
2494 1086 2601 1126 non
2646 1087 2710 1127 ex
2769 1086 2931 1128 sensu
2962 1084 3149 1131 nostro
3174 1093 3371 1133 novum
3398 1081 3632 1152 aliquid,
3660 1088 3751 1141 sed

2161 1160 2287 1228 quid
2319 1178 2348 1215 a
2385 1165 2740 1233 prudentibus
2762 1165 2893 1223 viris
2922 1183 3085 1238 super
3105 1171 3268 1226 simili
3295 1188 3425 1230 casu
3455 1177 3751 1233 consilium

2160 1253 2289 1308 olim
2318 1256 2646 1323 audivimus,
2696 1258 2797 1314 hac
2850 1275 2880 1314 a
2924 1262 3078 1317 vobis
3120 1266 3347 1333 quaesita
3392 1271 3754 1339 responsione

2161 1359 2669 1405 commemoramus.
2703 1350 2835 1405 Cum
2865 1352 3011 1407 enim
3040 1354 3218 1410 simile
3238 1356 3443 1413 factum
3477 1361 3547 1416 ad
3588 1378 3749 1420 aures

2162 1439 2518 1507 quorumdam
2547 1443 2895 1512 prudentium
2949 1450 3313 1517 pervenisset,
3363 1455 3747 1525 presbyterum

2160 1527 2226 1583 de
2264 1530 2590 1603 negligentia
2641 1534 3044 1607 corripiendum
3095 1538 3505 1615 judicaverunt,
3540 1556 3599 1602 et
3620 1564 3721 1603 con

2158 1629 2381 1676 ventum
2408 1639 2509 1694 pro
2540 1624 2656 1695 ipso
2695 1636 2979 1683 oraturum
3008 1633 3384 1701 providerunt.
3418 1634 3535 1692 Hoc
3586 1638 3750 1708 igitur

2160 1713 2465 1782 exemplum
2524 1717 2700 1771 securi
2759 1721 3118 1789 consulimus,
3167 1732 3227 1778 ut
3258 1728 3550 1798 presbyter
3572 1742 3752 1785 vester

2159 1804 2226 1859 ad
2269 1814 2482 1878 tempus
2537 1808 2829 1867 oblationis
2876 1813 3053 1868 hostia
3094 1816 3387 1885 abstineat,
3447 1828 3504 1875 et
3532 1821 3749 1876 interim

2156 1900 2354 1972 quibus
2380 1905 2731 1973 providebitis
2775 1908 3261 1980 sivejejuniorum,
3315 1916 3435 1971 sive
3466 1917 3595 1983 aliis
3625 1934 3745 1973 cor-

2155 1994 2307 2063 poris
2334 1997 2804 2070 castigationibus,
2844 2010 2897 2058 et
2943 2020 3047 2059 non
3082 2010 3459 2064 tantummodo
3490 2011 3628 2077 suis,
3663 2028 3751 2067 rc-

2157 2086 2277 2140 rum
2310 2089 2473 2143 etiam
2502 2093 2722 2158 vestris,
2748 2095 3025 2167 totiusque
3067 2110 3371 2156 conventus
3400 2104 3747 2159 orationibus

2155 2179 2428 2247 expiatus,
2462 2193 2738 2238 mereatur
2792 2184 3010 2243 offerre.
3044 2187 3140 2244 Cui
3177 2199 3378 2260 tamen,
3419 2209 3535 2249 non
3568 2195 3637 2249 de
3665 2210 3749 2249 er-

2158 2270 2298 2324 roris
2327 2274 2680 2337 conscientia,
2710 2292 2851 2346 quae,
2877 2294 2999 2333 cum
3041 2288 3123 2335 est
3176 2292 3493 2349 contumax,
3526 2286 3749 2340 haeresis

2156 2357 2375 2425 dicitur,
2402 2362 2494 2417 sed
2522 2378 2589 2417 ex
2622 2364 2980 2435 illusionibus,
3020 2385 3138 2439 quae
3178 2386 3319 2445 saepe
3345 2384 3496 2430 recte
3520 2378 3747 2431 creden-

2159 2448 2291 2503 tium
2331 2448 2543 2508 lumbos
2600 2454 2855 2526 implent,
2914 2458 3073 2531 hujus
3129 2461 3420 2518 oblivionis
3478 2467 3746 2537 contingit

2158 2551 2348 2605 casus;
2407 2542 2622 2598 brevior
2679 2554 2941 2618 tempore,
2999 2550 3175 2617 initio,
3206 2548 3487 2623 passione,
3514 2559 3744 2629 castiga-

2158 2627 2304 2684 tione
2331 2630 2490 2700 hujus
2517 2637 2837 2703 ptenitentia
2885 2641 3083 2711 poterit
3111 2659 3249 2700 esse.
3308 2646 3584 2713 Quoniam
3621 2627 3743 2706 vero

2156 2719 2209 2773 in
2240 2720 2433 2790 altero,
2464 2725 2580 2781 sive
2613 2730 2793 2799 panis,
2830 2732 2945 2787 sive
2968 2733 3157 2792 calicis
3203 2750 3580 2809 sacramento,
3633 2754 3746 2814 post

2154 2809 2276 2907 illas
2298 2830 2417 2883 quae
2444 2830 2510 2871 ex
2546 2834 2699 2875 more
2732 2822 2868 2907 fiunt
2916 2841 3011 2895 per
3035 2829 3413 2907 presbyterum
3448 2809 3741 2907 consigna-

2157 2902 2351 2971 tiones,
2391 2914 2534 2963 totus
2591 2919 2677 2966 est
2713 2902 2983 2984 Christus,
3048 2933 3077 2972 a
3111 2902 3226 2987 jam
3253 2927 3567 2980 consecrati
3592 2902 3743 2997 panis

2155 2996 2625 3069 reconsignatione
2686 3005 2909 3085 omnino
2954 3009 3141 3064 debuit
3190 3011 3551 3087 abstinuisse,
3596 2996 3669 3073 iet
3713 3036 3741 3073 ι

2154 3083 2271 3138 vini
2303 3096 2358 3141 et
2380 3102 2532 3157 aqum
2577 3092 2633 3145 in
2660 3080 2829 3151 calice
2853 3098 3002 3173 prius
3026 3115 3217 3165 vacuo,
3255 3082 3553 3177 infusione,
3589 3110 3745 3165 satis-

2153 3178 2337 3237 facere
2362 3185 2566 3253 potuit;
2598 3195 2651 3243 et
2680 3176 2798 3245 sine
2828 3190 2917 3245 illa
2947 3208 3230 3250 sacrorum
3263 3198 3565 3273 verborum
3584 3204 3745 3257 iter..-

2158 3271 2299 3326 tione
2319 3272 2372 3327 in
2398 3287 2739 3334 sacramento
2777 3283 2954 3351 panis,
3014 3284 3231 3341 Christo
3279 3271 3741 3361 communicasse.

2148 3365 2404 3433 quoniam
2430 3376 2483 3422 et
2510 3370 2661 3439 pueri
2713 3372 2974 3443 baptizati
3010 3376 3062 3430 in
3092 3366 3280 3433 solius'
3307 3380 3522 3446 calicis,
3563 3360 3623 3439 et
3660 3388 3738 3439 in-

2147 3457 2289 3512 ﬁrmi
2320 3459 2372 3513 in
2396 3460 2566 3518 solius
2590 3454 2753 3533 panis
2775 3482 3123 3526 sacramento
3146 3454 3742 3547 szepeleunnuunicaut,

2147 3558 2202 3604 et
2243 3550 2614 3621 nihilominus,
2675 3568 2937 3627 quantum
2994 3562 3062 3616 ad
3109 3578 3221 3639 rem
3253 3564 3447 3635 ipsam,
3476 3549 3630 3639 clad
3663 3571 3743 3624 in-

2148 3640 2513 3713 corruptionis
2545 3644 2741 3703 futurae
2789 3638 3219 3722 sacramentum,
3256 3638 3742 3731 acCipiuntquan-

2150 3674 2513 3713 υυιιιιμιιυιιιδ
2545 3674 2741 3703 qulra:
2789 3674 3213 3722 sacraluentum,
3256 3674 3373 3712 aCCl
3420 3674 3543 3712 ιυηι
3566 3677 3741 3731 quan-

2150 3744 2262 3792 tum
2292 3738 2365 3793 illi
2395 3752 2424 3791 a
2454 3741 2674 3809 quibus,
2708 3742 2761 3798 in
2802 3740 3053 3816 utroque,
3103 3750 3260 3818 panis
3281 3674 3500 3807 sciﬁcet
3524 3763 3586 3808 et
3614 3754 3741 3810 cali-

2148 3834 2228 3889 cis
2282 3847 2649 3904 sacramento,
2704 3838 2755 3892 in
2806 3837 3049 3895 Ecclesia
3099 3843 3165 3897 de
3196 3844 3310 3914 ipsa
3334 3836 3527 3901 mensa
3556 3847 3739 3903 Domi-

2149 3927 2270 3982 nica
2342 3929 2592 3985 Christus
2638 3933 2957 3989 assumitur.
3010 3934 3137 3991 Haec
3203 3936 3271 3991 ad
3320 3937 3733 4007 inquisitionem

2147 4028 2407 4085 vestram,
2438 4021 2538 4077 etsi
2564 4023 2741 4077 minus
2781 4024 2960 4094 plene,
3020 4036 3198 4082 tamen
3245 4027 3480 4085 fideliter
3502 4047 3731 4103 respon-

2148 4110 2358 4177 demus,
2382 4113 2450 4168 de
2491 4122 2673 4169 vestra
2722 4116 2995 4173 eharitate
3037 4120 3251 4185 confisi,
3286 4137 3430 4190 quae,
3466 4125 3617 4193 quod
3644 4141 3735 4193 pa-

2146 4215 2267 4255 rum
2297 4210 2401 4267 est,
2432 4213 2647 4273 reputat
2678 4205 2929 4273 multum,
2964 4216 3019 4262 et
3052 4209 3195 4277 quod
3239 4211 3581 4281 mutilatum,
3613 4229 3733 4283 per-

2145 4291 2366 4349 fectum.
2397 4296 2673 4353 Addentes
2692 4297 2835 4368 quod
2864 4315 2963 4355 nos
3012 4301 3134 4370 ipsi,
3162 4317 3229 4356 ne
3257 4302 3570 4372 hujusmodi
3591 4308 3731 4361 obli-

2143 4382 2392 4439 vionibus
2423 4386 2538 4441 sive
2591 4387 2965 4444 ministrorum
3013 4398 3348 4459 nostrorum,
3375 4394 3491 4449 sive
3529 4397 3732 4451 nostris

2143 4476 2414 4544 possimus
2436 4479 2629 4549 decipi,
2700 4480 2883 4537 facere
2928 4484 3327 4541 consuevimus.
3382 4485 3521 4542 Cum
3588 4489 3733 4544 enim

2069 4604 2117 4664 υ
2145 4566 2379 4645 ministri
2414 4571 2584 4625 nostri
2614 4570 2798 4626 vinum
2850 4573 2903 4628 in
2956 4573 3179 4630 calicem
3227 4576 3466 4632 oblaturi
3518 4579 3735 4635 infude-

2144 4656 2273 4723 rint,
2302 4658 2366 4712 de
2398 4659 2666 4714 miscenda
2699 4663 2825 4718 vino
2851 4678 2989 4733 aqua
3039 4680 3145 4719 non
3181 4665 3262 4720 eis
3289 4667 3591 4735 credimus,
3626 4671 3730 4725 nisi

2137 4745 2249 4818 jam
2274 4751 2455 4806 oblato
2482 4754 2636 4808 nobis
2682 4770 2822 4825 pane
2866 4764 2921 4810 et
2964 4756 3243 4814 offerendo
3294 4759 3485 4825 calice,
3516 4762 3604 4815 vel
3632 4763 3729 4834 ipsi

2140 4856 2252 4913 pne
2277 4842 2450 4897 oculis
2476 4844 2674 4899 nostris
2698 4860 2892 4915 aquam
2925 4845 3238 4917 infundant,
3274 4848 3359 4903 vel
3382 4850 3543 4905 nobis
3566 4868 3729 4922 aqua-

2140 4934 2325 4989 manili
2357 4935 2576 5000 tradita,
2623 4951 2744 4991 eam
2791 4935 2948 4992 calici
3002 4938 3351 5007 misceamus.
3380 4939 3474 4996 Sic
3504 4944 3653 4997 enim
3679 4955 3728 4997 ct

2140 5027 2386 5082 minister
2410 5028 2667 5083 sacerdos
2723 5038 2903 5082 manet
2960 5029 3233 5097 indubius,
3266 5014 3470 5107 etsiue
3499 5034 3728 5089 oblivio-

2139 5117 2223 5172 nis
2255 5116 2532 5185 cujusdam
2568 5132 2699 5171 casu
2728 5116 3016 5173 indemnis.
3063 5142 3082 5170 ι

2209 5212 2380 5279 Quam
2434 5211 2719 5281 epistolam
2798 5227 3006 5267 morum
3070 5212 3338 5295 gravitate
3376 5225 3545 5293 atque
3600 5234 3723 5271 crn-

2138 5304 2317 5371 dionc,
2366 5304 2692 5374 scriptisque
2752 5302 3094 5359 clarissimus
3132 5304 3387 5362 Nieolaus
3434 5308 3723 5373 Camusat,

2136 5394 2393 5451 Eet-lesiae
2462 5394 2750 5451 Trecensis
2802 5397 3118 5465 canonicus,
3178 5398 3307 5452 mihi
3355 5402 3723 5456 amicissimus

2135 5487 2279 5543 ultro
2309 5490 2620 5545 concessit:
2645 5500 2699 5545 et
2725 5491 2866 5545 hanc
2909 5506 2940 5545 e
2984 5492 3155 5546 veteri
3187 5495 3328 5548 eruit
3358 5494 3717 5573 Grandiuzou-

2139 5582 2308 5637 tensis
2329 5582 2447 5637 ord.
2490 5582 2711 5637 Rituali.
2756 5584 3009 5639 Consona
3058 5585 3146 5641 his
3174 5587 3331 5642 docet
3362 5587 3512 5659 Hugo
3542 5590 3714 5644 Viclo‘

2136 5672 2287 5727 rinus
2312 5673 2388 5727 De
2418 5675 2777 5729 sacramentis
2809 5675 2904 5730 lib.
2936 5691 2978 5741 ι,
3007 5690 3056 5730 c.
3078 5675 3150 5730 ΞΟ
3182 5693 3197 5730 ;
3233 5696 3249 5729 ι
3298 5675 3490 5734 Pueris
3527 5693 3720 5736 recens

2135 5766 2277 5821 natis
2328 5765 2467 5819 idem
2523 5777 2922 5823 sacramentum
2980 5770 3034 5825 in
3088 5770 3269 5841 specie
3314 5773 3597 5843 sanguinis
3635 5784 3717 5829 est

2136 5858 2554 5917 ministrandum
2584 5859 2753 5933 digito
2775 5862 3072 5920 sacerdotis
3100 5864 3269 5939 ;quia
3300 5863 3435 5923 tales
3486 5875 3712 5943 natura-
