3982 6346
263 332 396 430 loss

1431 373 1641 432 DOMNI
1689 371 1755 431 L.
1794 369 2137 431 D’ACHERY
2178 352 2411 434 ueras.

3374 384 3479 442 109.

256 474 381 537 liter
411 480 595 555 fugere
637 492 884 556 possunt,
916 503 936 539 ι
966 493 1073 540 etc.
1126 485 1284 542 Circa
1331 485 1668 543 infirmorum
1692 501 1836 543 cont-
1862 490 1916 549 Α
1942 488 2203 542 secedunt
2229 488 2424 544 deinde
2450 490 2517 545 ad
2547 489 2717 547 altare
2765 490 2951 549 Sancti
2998 491 3273 551 Benedicti
3293 535 3310 562 ,
3358 506 3413 552 et
3439 498 3511 556 ibi

259 576 567 630 nmnionem
604 577 899 632 observare
946 577 1179 648 pretium
1226 592 1405 649 operae
1450 577 1702 648 estquod
1730 576 1833 631 Ar-

255 670 445 725 cudius
475 670 563 724 ubi
597 686 783 742 supra,
807 662 929 744 cap.
962 670 1073 738 .56,
1125 671 1313 735 refert.
1339 672 1557 729 Graecos
1581 672 1834 729 sacratis-

254 760 448 815 simam
483 760 911 832 Eucharistiam,
944 779 1109 836 quam
1147 773 1455 836 praparant
1479 780 1579 837 pro
1604 764 1834 820 infirmis

254 858 306 911 in
335 873 489 913 coena
520 856 732 913 Domini
771 873 871 928 per
924 857 1143 913 modum
1189 858 1401 925 viatici,
1445 858 1706 929 sanguine
1726 857 1833 913 Do-

254 949 383 1003 mini
421 950 629 1020 tingere
652 948 848 1004 solere.
873 942 940 1003 Et
992 932 1198 1005 morem
1228 949 1390 1005 istum
1428 951 1748 1019 quibusdam
1779 951 1833 1005 in

249 1038 386 1095 locis
416 1040 674 1096 Ecclesia:
703 1039 911 1109 Latinae
958 1049 1232 1110 receptura
1281 1051 1496 1095 constat
1520 1057 1586 1096 ex
1609 1040 1836 1096 concilio

252 1129 555 1187 Turonensi
617 1129 808 1202 (refert
831 1130 1177 1186 Burchardus
1206 1129 1298 1185 lib.
1333 1146 1388 1196 v,
1414 1146 1532 1201 cap.
1566 1130 1622 1201 9)
1667 1148 1681 1185 :
1712 1148 1732 1181 ι
1765 1129 1835 1186 Ut

251 1221 538 1294 presbyter
562 1222 760 1278 habeat
787 1221 1042 1294 pyxidem
1075 1229 1169 1276 aut
1189 1237 1284 1278 vas
1314 1231 1464 1277 tanto
1493 1232 1835 1279 sacramento

253 1312 499 1385 dignum,
522 1313 613 1368 ubi
638 1327 836 1385 corpus
864 1313 1203 1368 Dominieum
1245 1313 1531 1384 diligenter
1566 1316 1828 1371 reconda-

252 1394 365 1471 tur,
394 1406 463 1461 ad
482 1405 740 1461 viaticum
763 1405 1141 1461 recedentibus
1166 1420 1197 1459 a
1226 1405 1448 1461 saeculo.
1477 1404 1607 1474 Quae
1646 1414 1830 1462 tamen

251 1513 409 1554 sacra
463 1498 670 1555 oblatio
724 1498 954 1577 intineta
1037 1498 1199 1555 debet
1268 1513 1389 1554 esse
1441 1499 1496 1553 in
1567 1499 1835 1569 sanguine

251 1591 481 1658 Christi,
540 1599 599 1646 ut
652 1591 928 1648 veraciter
980 1591 1264 1662 presbyter
1316 1590 1487 1660 possit
1526 1589 1707 1645 dicere
1753 1591 1836 1644 in-

253 1668 413 1736 firmo
449 1696 688 1754 :corpus
747 1690 803 1757 et
850 1680 1072 1752 sanguis
1125 1680 1342 1735 Domini
1383 1679 1633 1749 proficiat
1654 1679 1770 1735 tibi.
1808 1697 1828 1733 ι

251 1772 556 1828 Concilium
619 1773 991 1841 Bracharense
1029 1787 1116 1838 tn,
1151 1771 1504 1826 nihilominus
1526 1787 1650 1827 can.
1682 1787 1699 1826 1
1751 1772 1835 1826 in-

1937 585 2160 631 cantant
2188 580 2483 635 matutinas
2511 580 2719 648 laudes,
2753 584 2984 654 primam
3012 600 3224 656 quoque
3250 587 3431 653 simul,
3458 598 3514 646 et

1935 677 2142 738 septem
2187 672 2428 739 psalmos
2476 687 2599 729 cum
2643 673 2892 744 laetania,
2946 675 3155 748 reliqua
3207 677 3509 750 psalmodia

1936 756 2152 813 interim
2187 758 2376 814 dilata.

2010 868 2031 901 ι
2061 849 2265 906 Deinde
2287 850 2364 905 illi
2389 860 2500 909 tres
2525 854 2616 924 qui
2648 864 2775 913 sunt
2796 855 3025 930 alicujus
3049 842 3517 923 ordinis'induunt

1936 958 1996 998 se
2027 942 2184 1010 albis,
2209 951 2263 999 et
2293 944 2683 1015 humeralihus,
2721 959 2783 1006 ut
2823 966 2986 1024 supra
3007 953 3212 1017 dictum
3234 963 3320 1013 est
3341 955 3410 1012 de
3437 955 3517 1011 fa-

1936 1032 2082 1088 mulo
2112 1050 2125 1087 :
2158 1042 2287 1089 sunt
2314 1036 2461 1091 enim
2488 1036 2646 1104 albae,
2669 1047 2725 1094 et
2750 1041 2982 1098 amictus
3007 1043 3227 1114 quidam
3254 1026 3383 1103 huic
3401 1045 3517 1102 solo

1936 1125 2152 1194 negotio
2179 1126 2451 1197 deputati;
2487 1144 2718 1200 quorum
2750 1148 2890 1189 unus
2909 1132 3141 1191 farinam
3171 1118 3514 1209 con-spargit,

1936 1224 1991 1270 et
2018 1216 2493 1275 vehementissime
2529 1222 2829 1293 compingit
2859 1238 3022 1299 super
3043 1212 3517 1284 tabulam'nitidis-

1940 1306 2133 1360 simam
2159 1307 2445 1364 habentem
2460 1308 2682 1367 limbum
2698 1312 2751 1368 in
2776 1304 3028 1383 circuitu,
3046 1298 3438 1385 aliquantulum
3461 1320 3516 1375 in

1936 1397 2165 1453 circuitu
2204 1400 2491 1471 superficie
2522 1402 2792 1471 altiorem,
2822 1419 2890 1461 ne
2914 1421 3053 1478 aqua
3075 1406 3295 1464 efﬂuere
3327 1411 3514 1483 possit.

1936 1490 2312 1563 Conspergunt
2336 1508 2456 1549 eam
2474 1510 2614 1566 aqua
2632 1495 2852 1569 frigida,
2870 1499 2995 1569 quia
3015 1499 3142 1556 inde
3165 1501 3300 1557 ﬁunt
3325 1502 3520 1559 hostite

1936 1583 2281 1640 candidiores
2306 1603 2320 1640 :
2352 1601 2382 1640 a
2413 1586 2622 1643 duobus
2649 1602 2779 1644 vero
2804 1588 3028 1661 reliquis
3058 1590 3252 1646 hostiae
3278 1590 3520 1647 forman-

1939 1684 2044 1731 tur.
2063 1676 2216 1748 Aqua
2244 1694 2373 1735 vero
2390 1694 2497 1734 non
2524 1681 2699 1751 injalio
2726 1697 2854 1738 vase
2874 1683 3134 1749 defertur,
3154 1698 3316 1754 quam
3338 1684 3391 1739 in
3411 1699 3520 1756 quo

1938 1767 2073 1823 solet
2110 1771 2178 1825 ad
2217 1771 2414 1827 missas
2444 1772 2645 1847 deferri
2678 1773 3122 1841 Ferramentum,
3157 1775 3212 1831 in
3252 1783 3519 1847 quosunt

250 1863 476 1919 terdisit
521 1864 918 1931 sacerdotibus,
968 1883 985 1914 ι
1026 1861 1425 1918 Eucharistiam
1491 1864 1629 1919 vino'
1663 1865 1837 1919 madi-
1862 1831 1911 1893 Β
1938 1865 2254 1934 coquendze,
2280 1875 2679 1924 caracteratum
2710 1877 2855 1924 tenet
2877 1883 3190 1934 conversus,
3216 1884 3519 1940 manusque

250 1953 374 2009 dam
400 1954 612 2025 populis
650 1969 748 2025 pro
785 1953 1181 2025 complementa
1228 1954 1623 2009 communionis
1653 1955 1833 2024 porri-

247 2060 400 2116 gere.
438 2066 456 2099 ι
490 2044 775 2117 Legendus
815 2044 917 2101 hac
965 2046 1031 2100 de
1086 2060 1145 2100 re
1172 2045 1489 2117 Radulpbus
1518 2047 1583 2102 de
1606 2047 1745 2103 Rivo
1767 2049 1833 2104 de

246 2134 442 2219 eanon.
475 2141 789 2194 observant.
846 2138 940 2219 lib.
975 2138 1203 2209 Propos.
1251 2155 1413 2209 χχιιι,
1474 2140 1575 2196 sub
1630 2143 1828 2210 finem;

245 2232 339 2303 qui
370 2216 575 2286 affatim
617 2216 924 2287 testimonia
954 2233 1356 2288 subministrat.

332 2324 605 2380 Statutum
628 2324 918 2394 adjicerem
953 2324 1160 2381 ordinis
1182 2325 1572 2393 Cluniacensis,
1602 2326 1655 2382 ni
1686 2327 1829 2384 infra

249 2417 317 2473 de
340 2425 518 2472 morte
562 2416 824 2485 proximis
854 2432 1020 2487 agens
1062 2418 1333 2489 integrum
1381 2416 1627 2489 proferre
1665 2419 1831 2476 debe-

247 2523 389 2563 rem.
427 2506 754 2579 Temperare
808 2514 1049 2562 attamen
1094 2508 1227 2563 mihi
1278 2522 1382 2563 non
1424 2502 1643 2578 possum
1698 2510 1829 2578 quin

245 2605 511 2667 quantum
542 2613 705 2661 curae,
740 2605 1004 2667 quantum
1051 2597 1300 2665 nitoris,';
1326 2608 1697 2670 quantumque
1740 2616 1829 2656 ve-

244 2688 545 2746 nerationis
590 2699 645 2745 et
686 2688 1046 2745 observantiae
1110 2699 1371 2762 praestare
1419 2691 1563 2748 soliti
1622 2692 1829 2749 fuerint

247 2770 584 2838 Benetlictini
628 2797 753 2853 erga
782 2778 1222 2853 augustissimum
1264 2782 1621 2840 Eueharistia:
1640 2799 1827 2841 sacra-

243 2884 507 2940 mentum,
540 2875 646 2930 huc
670 2882 927 2940 attexam,
960 2887 1155 2945 nempe
1181 2883 1345 2946 caput
1372 2875 1442 2930 55
1474 2876 1822 2948 antiquorum

242 2974 571 3021 statutorum
598 2964 1037 3023 Cluniacensium
1070 2966 1267 3024 abbate
1294 2968 1356 3023 S.
1386 2967 1613 3039 Hugone
1635 2970 1823 3026 condi-

246 3067 446 3113 torum.

629 3146 706 3201 De
746 3145 954 3202 Hostiis
988 3150 1249 3220 quomodo
1280 3150 1433 3219 ﬁant.

317 3239 393 3294 De
415 3239 503 3294 his‘
521 3254 643 3310 quae
671 3240 946 3311 pertinent
975 3242 1041 3295 ad
1064 3240 1462 3298 Eucltaristiam
1489 3248 1820 3303 sacrosancti

243 3330 513 3402 mysterii,
543 3331 667 3400 quia
696 3330 918 3400 dignum
944 3338 1047 3398 est,
1076 3329 1235 3403 565
1261 3341 1320 3386 ut
1350 3348 1471 3388 cum
1495 3349 1707 3409 summa
1730 3352 1820 3392 re-

240 3422 481 3478 verentia
503 3433 555 3477 et
573 3421 849 3492 diligentia
874 3432 1154 3494 gerantur,
1174 3438 1509 3494 consequens
1524 3436 1607 3481 est
1626 3437 1684 3481 ut
1705 3428 1823 3497 ipse

238 3530 452 3593 quoque
498 3516 717 3586 gerendi
772 3515 963 3571 modus
1015 3530 1119 3570 non
1174 3526 1435 3573 taceatur.
1488 3518 1622 3575 Cum
1672 3522 1819 3576 enim

239 3594 665 3682 quotiescunque
687 3607 1008 3679 oportuerit,
1034 3623 1125 3664 eas
1151 3607 1267 3663 fieri
1299 3610 1371 3664 sit
1404 3625 1653 3678 necesse,
1684 3628 1821 3682 prae-

237 3701 393 3771 eipue
424 3710 602 3755 tamen
635 3710 759 3753 ante
784 3698 996 3753 Domini
1045 3697 1316 3766 Natalem,
1353 3701 1437 3756 vel
1479 3711 1683 3758 sancta:
1714 3703 1816 3761 Re-

236 3792 591 3848 surrectionis
616 3792 757 3848 diem
784 3793 900 3847 fieri
963 3792 1160 3848 solent.
1203 3793 1337 3849 Cum
1370 3805 1551 3852 autem
1583 3798 1817 3853 brumali

236 3885 290 3940 in
323 3894 567 3955 tempore
586 3884 911 3955 prolixiores
956 3885 1065 3942 sint
1110 3895 1319 3956 noctes,
1350 3887 1471 3944 licet
1503 3899 1630 3945 ante
1656 3906 1818 3961 pran-

235 3978 384 4033 dium
407 3976 669 4034 fratribus
723 3979 933 4050 operari
999 3978 1265 4049 amplius;
1320 3996 1444 4036 nam
1500 3991 1622 4053 post
1652 3998 1816 4054 pran-

235 4069 384 4125 dium
416 4069 722 4140 hujnsmodi
760 4086 895 4141 Opus
923 4086 1112 4141 gerere
1148 4088 1256 4128 non
1287 4073 1436 4131 licet.

312 4180 329 4213 ι
359 4161 712 4216 Frumentum
734 4162 800 4217 de
831 4178 936 4232 quo
957 4162 1213 4219 faciendae
1242 4176 1368 4222 sunt
1394 4168 1607 4235 hostiae,
1637 4186 1812 4242 quan-

236 4253 484 4308 tumlibet
524 4252 723 4307 bonum
778 4254 849 4309 sit
890 4255 1208 4311 naturaliter
1259 4267 1315 4313 et
1363 4274 1581 4329 purum,
1633 4270 1812 4318 tamen
1858 4325 1862 4329 ,

232 4344 790 4423 granatimmeligitnr;
829 4360 929 4402 nec
956 4361 1053 4417 per
1080 4346 1213 4403 alias
1239 4364 1497 4418 personas
1528 4367 1689 4421 quam
1719 4368 1815 4422 per

233 4452 380 4507 Ipsus
408 4428 604 4493 fratres
625 4437 923 4510 colligitur;
954 4439 1146 4495 deinde
1190 4440 1244 4495 in
1275 4457 1497 4497 saccum
1534 4460 1639 4499 non
1678 4461 1813 4516 qua-

1936 1955 2112 2011 induit
2151 1957 2461 2014 chirotecis.
2498 1958 2556 2013 ln
2602 1959 2932 2015 ferramento
2961 1968 3187 2030 possunt
3214 1959 3515 2017 simul......

1935 2046 2130 2102 hostire
2181 2050 2337 2117 poni;
2388 2051 2529 2106 unde
2580 2051 2722 2106 inter
2778 2052 3018 2123 bajulum
3076 2052 3412 2119 ferramenti,
3462 2061 3520 2108 et

1935 2137 2263 2195 formatores
2293 2141 2612 2207 hostiarum,
2640 2142 2862 2213 ponitur
2885 2142 3086 2209 tabula,
3111 2152 3165 2198 et
3188 2158 3352 2214 super
3376 2143 3519 2198 hanc

1934 2227 2041 2282 duo
2093 2239 2219 2284 sunt
2267 2230 2373 2299 pali
2424 2230 2596 2298 infixi,
2645 2247 2808 2303 super
2852 2248 2987 2302 quos
3030 2233 3235 2305 lignum
3283 2233 3519 2289 habetur

1934 2330 2337 2390 transversum,
2368 2337 2529 2392 super
2562 2324 2706 2393 quod
2745 2324 2965 2396 ponitur
3004 2322 3396 2379 ferramentum
3445 2325 3516 2379 ad

1931 2410 2136 2467 hostias
2170 2413 2549 2483 imponendas;
2578 2429 2697 2484 quae
2726 2429 2833 2470 non
2861 2414 3062 2471 fuerint
3097 2423 3267 2472 coctae
3295 2416 3514 2473 cultello

1932 2501 2287 2570 abraduntur,
2325 2512 2379 2559 et
2406 2504 2609 2559 cadunt
2652 2506 2707 2559 in
2755 2505 2905 2561 disco
2950 2506 3207 2562 deorsum
3246 2506 3301 2562 in
3336 2507 3515 2562 tabula

1931 2594 2204 2666 imposito,
2238 2605 2293 2652 et
2342 2597 2508 2653 linteo
2535 2596 2756 2669 ijugiter
2800 2608 3089 2670 cooperto,
3143 2598 3247 2655 nisi
3277 2600 3517 2669 :quando

1930 2687 2119 2744 hostia:
2146 2690 2504 2744 abraduntur.

1961 2836 1979 2853 ο
2004 2798 2023 2832 ι
2060 2779 2274 2835 Canunt
2309 2780 2665 2851 psalmodiam
2694 2794 2815 2852 quae
2849 2781 3134 2847 remansit,
3163 2788 3217 2836 et
3247 2780 3295 2837 si
3322 2780 3516 2837 volne-

1926 2867 2040 2924 rint
2070 2868 2329 2949 horasde
2361 2869 2563 2925 Sancta
2594 2868 2791 2937 Maria;
2824 2872 2891 2925 ad
2920 2870 3056 2927 alias
3090 2870 3316 2927 omnino
3347 2872 3515 2928 horas

1926 2970 2113 3017 tenent
2162 2961 2491 3017 silentium:
2550 2972 2606 3017 et
2656 2977 3001 3033 summopere
3052 2973 3247 3019 cavent
3299 2972 3359 3018 ut
3405 2979 3513 3019 non

1924 3056 2086 3112 modo
2114 3055 2306 3121 saliva,
2354 3056 2447 3111 sed
2479 3070 2580 3112 nec
2621 3054 2782 3111 ﬂatus
2826 3069 3013 3111 eorum
3063 3056 3408 3126 aliquomodo
3445 3056 3512 3110 ad

1844 3180 1891 3219 ρ
1925 3148 2131 3204 hostias
2164 3148 2471 3219 pertingere
2509 3148 2701 3218 possit.
2736 3147 2901 3203 Solus
2936 3162 3267 3212 conversus,
3306 3148 3351 3203 si
3383 3150 3513 3218 quid

1925 3254 2060 3309 opus
2088 3237 2271 3303 fuerit,
2308 3236 2548 3294 breviter
2575 3238 2791 3293 famulis
2822 3238 3142 3305 innotescit;
3174 3238 3266 3309 qui
3302 3238 3512 3297 faciunt

1924 3330 2128 3397 focum,
2155 3330 2366 3386 nonnisi
2418 3332 2484 3387 de
2521 3331 2690 3387 aridis
2737 3331 2917 3402 lignis,
2965 3340 3022 3385 et
3067 3331 3134 3385 ad
3162 3331 3267 3387 hoc
3310 3332 3377 3387 de
3421 3332 3512 3387 in-

1922 3420 2134 3476 dustria
2182 3422 2521 3493 praeparatis.
2551 3422 2670 3493 :lpsi
2718 3431 2899 3477 autem
2932 3421 3238 3477 hostiarum
3276 3424 3510 3495 operarii

1922 3527 1989 3567 eo
2017 3512 2105 3568 die
2131 3529 2235 3568 non
2264 3529 2387 3568 eum
2415 3512 2692 3579 fratribus,
2725 3514 2819 3569 sed
2856 3512 3037 3585 potius
3065 3527 3187 3568 cum
3225 3514 3508 3573 servituri-

1922 3602 2027 3657 bus
2054 3602 2330 3670 reﬁciunt,
2362 3611 2417 3659 et
2449 3618 2545 3674 pro
2576 3602 2710 3657 tanti
2742 3602 2942 3658 laboris
2982 3602 3277 3671 levamine,
3308 3604 3512 3662 habent

1924 3693 1992 3748 de
2020 3694 2374 3763 apocrisiario
2402 3695 2469 3750 ad
2499 3694 2788 3766 prandium
2817 3694 3135 3765 pictantiant
3166 3704 3221 3752 et
3262 3696 3509 3768 pigmen-

1920 3794 2054 3851 tum,
2088 3805 2106 3839 ι
2137 3795 2244 3842 etc.

1992 3878 2117 3933 Haec
2152 3893 2251 3934 oro
2277 3877 2588 3945 revolvant,
2620 3893 2684 3935 ac
2716 3888 2829 3936 tota
2860 3888 3041 3937 mente
3069 3881 3270 3938 tacitus
3298 3883 3509 3955 perspi-

1919 3969 2067 4025 ciant
2104 3970 2197 4040 qui
2226 3971 2464 4026 divinam
2492 3986 2606 4026 rem
2639 3972 2845 4029 hancce
2874 3973 3056 4029 minus
3086 3974 3503 4048 circumspecte,

1919 4063 2029 4118 imo
2064 4079 2171 4119 non
2213 4080 2371 4121 secus
2399 4075 2454 4120 et
2482 4074 2679 4123 caetera
2704 4067 2884 4123 saeculi
2924 4069 3140 4139 negotia
3165 4079 3329 4142 atque
3356 4080 3505 4127 artes

1918 4154 2133 4210 infimas
2159 4164 2510 4226 pertractant.

1918 4289 1935 4313 ε
1991 4248 2083 4319 (ίο)
2141 4248 2269 4303 CAP.
2325 4246 2385 4303 ll.
2434 4279 2507 4289 —
2550 4244 2620 4302 Et
2674 4249 2924 4321 puerulus
2964 4267 3137 4307 rerum
3177 4253 3352 4307 adhuc
3394 4271 3506 4308 ont-

1918 4343 2063 4396 nium
2090 4343 2307 4409 inscius,
2336 4352 2470 4407 etc.,
2492 4341 2749 4396 exclamat
2783 4343 2852 4397 ad
2881 4355 3120 4414 matrem,
3144 4354 3253 4403 etc.
3290 4365 3309 4398 ι
3340 4345 3505 4404 Simi-

1916 4434 2042 4490 liter
2088 4435 2268 4490 evenit
2317 4436 2370 4489 in
2409 4435 2781 4507 Andegavensi
2823 4436 3061 4503 civitate,
3095 4459 3114 4492 ι
3161 4449 3295 4507 etc.,
3326 4440 3503 4511 inquit

233 4528 577 4600 lemcnnque,
625 4531 719 4586 sed
747 4531 837 4601 qui
868 4531 936 4586 ad
985 4532 1087 4587 hoc
1127 4532 1300 4588 solum
1332 4534 1399 4591 (ie
1441 4536 1583 4592 bono
1626 4552 1809 4607 panno
1841 4542 1888 4602 Ι)
1915 4526 2187 4582 Robertus
2248 4526 2315 4581 de
2373 4526 2552 4581 Monte
2601 4527 2654 4580 in
2711 4525 3001 4584 Chronico.
3060 4530 3195 4587 Vide
3253 4532 3356 4589 sub
3382 4548 3501 4603 gan-

231 4631 492 4679 consutus
511 4630 615 4687 est,
640 4632 972 4679 reservatur.
995 4622 1052 4679 ln
1078 4639 1185 4694 quo
1207 4625 1518 4694 colligatum
1537 4625 1835 4684 commen-'

231 4716 391 4771 datur
418 4714 508 4769 uni
539 4713 740 4769 famulo
774 4730 879 4769 non
918 4713 1145 4781 lascivo,
1170 4716 1260 4785 qui
1301 4725 1525 4787 portans
1569 4718 1713 4775 illico
1743 4722 1812 4775 ad

232 4805 600 4863 molendinum
630 4804 827 4860 molam
859 4804 1000 4859 lavat
1040 4814 1347 4876 utramque,
1378 4808 1661 4878 operitque
1691 4825 1812 4865 sur-

230 4911 352 4952 sum
399 4904 454 4949 et
485 4895 735 4950 deorsum
774 4894 1037 4961 cortinis;
1090 4895 1329 4966 seipsum
1376 4897 1551 4953 induit
1577 4899 1719 4966 alba,
1752 4909 1807 4955 et

229 5001 393 5057 super
435 4993 598 5055 caput
648 4984 812 5040 tnittit
857 4993 912 5040 et
957 4983 1140 5057 alligat
1177 4987 1621 5061 superbumerale
1665 4990 1805 5046 idem

229 5076 514 5143 amictum,
544 5085 603 5133 ut
631 5075 706 5130 nil
749 5075 816 5131 de
843 5074 981 5131 facie
1004 5086 1206 5153 praeter
1233 5078 1416 5135 oculos
1442 5082 1614 5150 possit
1642 5097 1808 5153 appa-

229 5184 371 5227 rere.
391 5168 469 5225 lta
489 5182 619 5240 ergo
639 5166 792 5224 molit
814 5184 826 5223 :
848 5167 919 5220 ita
942 5166 1169 5224 farinam
1194 5172 1416 5237 cribrat,
1437 5173 1611 5243 primo
1626 5174 1806 5231 cribro

227 5275 442 5334 quoque
469 5259 756 5331 diligenter
789 5258 994 5315 abluto.

302 5373 323 5407 ι
363 5352 533 5423 Major
562 5352 804 5408 ecclesiae
846 5361 1028 5408 custos
1067 5353 1114 5409 si
1162 5370 1269 5410 non
1308 5364 1396 5412 est
1429 5360 1681 5415 sacerdos
1720 5361 1801 5417 vel

221 5443 504 5510 diaconus,
527 5436 796 5509 vitiarium
832 5442 935 5497 sibi
977 5443 1172 5513 quaerit
1214 5445 1282 5519 ad
1329 5445 1441 5523 hoc,
1478 5462 1613 5518 opus
1638 5450 1802 5520 perii.

222 5534 510 5599 ciendum;
541 5531 677 5588 duos
707 5522 870 5609 etiam
901 5532 1035 5589 alios
1082 5534 1149 5590 de
1198 5536 1285 5593 his
1310 5522 1609 5609 ordinibus,
1644 5541 1801 5611 hujus

224 5626 303 5682 rei
346 5639 544 5697 gnaros
585 5612 884 5696 perquirit,
930 5614 1150 5698 accepta
1186 5627 1404 5686 licentia
1446 5648 1476 5686 a
1525 5633 1706 5703 priore
1744 5644 1800 5692 et

223 5734 393 5785 unum
424 5708 746 5803 conversum
785 5736 799 5773 :
853 5719 908 5775 hi
947 5730 1181 5801 quatuor
1220 5708 1386 5780 finitis
1433 5728 1711 5797 nocturnis
1741 5743 1799 5784 se

226 5796 483 5877 calciant,
516 5796 688 5868 facies
714 5824 1012 5883 manusque
1038 5796 1237 5880 lavant,
1264 5802 1322 5871 et
1349 5816 1523 5893 capita
1552 5828 1790 5893 perunt:

1919 4635 2047 4673 num
2082 4617 2238 4673 “82.

1988 4709 2076 4780 (“)
2127 4709 2255 4763 Car.
2291 4707 2434 4781 lll,§
2483 4708 2521 4762 l.
2562 4739 2632 4750 —
2669 4706 2736 4764 Ut
2776 4710 2933 4765 etiam
2965 4704 3167 4768 Matris
3206 4712 3497 4774 Dominicw

1913 4818 2100 4871 corpus
2129 4802 2502 4856 resurrectione
2526 4802 2879 4881 glori/iculum
2922 4804 3095 4861 dicere
3140 4824 3244 4863 non
3280 4811 3493 4867 audeat.

1916 4890 2003 4949 Uti
2045 4895 2277 4964 produnt
2314 4896 2534 4965 antiqua
2581 4897 2961 4969 martyrolugia
2998 4899 3251 4966 Usnardi,
3298 4903 3384 4956 die
3430 4904 3495 4957 l5

1908 4984 2139 5063 Augusti
2167 5000 2234 5061 ενι
2269 4985 2533 5067 Dormitio
2578 4996 2779 5043 sanctae
2825 4987 2919 5043 Dei
2962 4991 3241 5061 genitricis
3287 4991 3489 5046 Moriar.

1910 5074 2075 5145 Cujus
2124 5078 2552 5159 sacratissimum
2612 5068 2851 5151 corpus,
2897 5079 2998 5155 etsi
3056 5095 3163 5155 non
3208 5080 3494 5151 invenitur

1910 5184 2075 5255 super
2102 5158 2337 5249 terram,
2360 5158 2534 5228 tamen
2570 5172 2658 5253 pia
2697 5180 2869 5235 mater
2899 5168 3139 5229 Ecclesia
3168 5170 3285 5241 ejus
3324 5188 3486 5227 vene-

1909 5258 2134 5341 rabilem
2164 5264 2483 5329 memoriam
2522 5263 2600 5319 sic
2631 5263 2879 5318 festivam
2926 5262 3060 5333 agit,
3088 5272 3146 5318 ut
3176 5278 3275 5337 pro
3300 5265 3491 5321 condi-

1908 5354 2055 5410 tione
2085 5355 2266 5410 carnis
2303 5370 2422 5410 eam
2455 5356 2718 5427 migrasse
2766 5372 2871 5412 non
2905 5357 3132 5433 dubitet.
3160 5357 3279 5424 Quo
3305 5367 3485 5425 autem

1904 5436 2220 5509 venerabile
2271 5448 2402 5503 illud
2447 5448 2684 5520 Spiritus
2731 5452 2904 5506 sancti
2952 5449 3205 5521 templum
3251 5460 3385 5506 nttttt
3431 5460 3487 5509 et

1905 5541 2131 5596 consilio
2161 5540 2345 5595 divino
2373 5541 2703 5619 occultatum
2748 5543 2837 5606 sit,
2880 5542 2999 5610 plus
3027 5542 3190 5613 elegit
3217 5542 3484 5599 sobrietas

1902 5631 2159 5688 Ecclesia:
2192 5648 2312 5687 cum
2338 5633 2538 5702 pietate
2569 5634 2800 5699 nescire,
2823 5649 2983 5703 quant
3006 5633 3208 5704 aliquid
3227 5634 3481 5695 frivolum

1901 5718 1955 5797 et
1984 5725 2350 5796 apocrypltnm
2375 5721 2499 5807 inde
2525 5727 2762 5807 docendo
2782 5737 3015 5785 tenere.»
3040 5728 3165 5803 Haec
3180 5729 3477 5801 Usuardus.

1905 5836 1925 5872 ι
1959 5819 2128 5875 Porro
2156 5817 2250 5881 Dei
2289 5804 2528 5874 Ecclesia
2557 5840 2574 5872 ι
2616 5804 2803 5885 (infert
2830 5819 3092 5883 Buronius
3120 5838 3243 5877 nOta
3272 5822 3473 5893 Marty-
