4018 6324
576 288 715 346 1027

1572 286 1662 341 AD
1692 285 1840 342 ore.
1878 282 2037 341 ven.
2079 246 2950 348 cmunnﬁ‘buwnovtcemo

3667 311 3773 375 l0‘28

576 409 749 480 rolog.
795 407 860 463 ad
889 409 1031 465 hanc
1080 409 1242 480 diem)
1285 425 1303 459 ‹
1335 408 1387 462 in
1424 422 1543 462 eam
1596 415 1805 477 partem
1844 406 2161 477 propensior
2190 411 2233 470 Α
2268 407 2451 473 nium,
2517 408 2640 461 dum
2698 421 2920 465 sanctus
2986 408 3071 467 ille
3118 414 3343 471 antistes
3388 419 3640 490 capsulam
3678 444 3775 501 ape.

577 504 813 566 videtur,
842 511 901 555 nt
934 518 1036 556 una
1070 518 1188 555 cum
1220 518 1384 555 carne
1414 514 1689 569 assumpta
1722 501 1789 554 sit
1819 501 1870 554 iu
1899 501 2115 555 coelum.
2135 520 2152 550 ι

581 594 733 660 Quod
769 593 907 647 inter
939 593 1073 647 alios
1099 591 1255 661 (quos
1291 606 1355 646 eo
1399 592 1501 646 loci
1540 592 1679 660 apud
1712 592 1959 647 eumdem
1993 592 2161 646 Baro-

582 682 730 739 uium
787 682 1014 755 legeris)
1064 682 1209 742 Beda
1270 681 1631 753 Ephemeride
1682 697 1858 737 mens.
1902 681 2040 752 Aug.
2095 681 2161 737 18

584 776 810 832 Kalend.
852 844 853 847 η

728 864 925 923 Octava
950 874 1001 921 et
1027 865 1231 923 decima
1258 865 1441 920 mundi
1474 864 1586 931 lux,
1618 866 1815 934 ﬂosque
1846 861 2019 915 Maria

726 961 973 1033 Angelico
997 962 1246 1016 comitata
1273 961 1430 1015 choro
1457 960 1581 1031 petit
1612 961 1804 1013 (rt/tera
1842 958 2018 1028 Virgo.

584 1055 760 1125 Atque
789 1056 844 1110 id
876 1055 1095 1126 quidem
1132 1054 1339 1111 aﬁ‘abre
1381 1054 1621 1123 sciteque
1652 1054 1846 1123 probat
1875 1051 2164 1108 Guihertus

583 1158 790 1206 noster.

558 1244 561 1247 ’
657 1242 770 1315 (η’)
818 1239 949 1297 CAP.
987 1240 1074 1306 111,
1122 1240 1247 1312 §u.
1289 1238 1544 1310 —Caput
1596 1238 1849 1309 Baptista:
1906 1238 2167 1293 Dominici

588 1350 709 1387 cum
757 1332 1325 1402 ConstantinOpolitani
1369 1333 1555 1385 habere
1587 1332 1877 1396 se'dicant,
1914 1332 2168 1401 Angeria-

587 1440 763 1479 censes
793 1422 1040 1479 Monachi
1069 1423 1202 1476 idem
1226 1440 1280 1477 se
1304 1424 1492 1477 habere
1520 1422 1985 1477 testantur.'}lisce
2016 1424 2081 1477 de
2105 1423 2161 1477 S.

588 1514 811 1570 Joannis
839 1514 1015 1585 capite
1043 1514 1427 1567 controversiis
1466 1513 1610 1567 haud
1640 1514 1933 1579 immorer;
1965 1513 2165 1569 etenim

588 1606 667 1660 nil
707 1605 840 1659 certi
873 1605 990 1674 quit
1017 1605 1216 1670 statui,
1244 1605 1349 1659 nisi
1380 1606 1521 1674 quod
1552 1606 1734 1659 omnia
1768 1607 2005 1673 incerta;
2067 1620 2166 1663 nec

588 1710 697 1750 non
724 1702 780 1749 et
825 1710 856 1749 a
893 1694 1232 1750 doctioribus
1259 1703 1386 1749 ante
1416 1710 1502 1749 me
1534 1695 1717 1750 multis
1748 1695 1891 1751 ultro
1922 1697 2169 1764 citroque

584 1785 919 1857 disputatum
948 1794 1031 1841 est
1060 1804 1073 1839 :
1107 1800 1170 1841 ea
1200 1788 1266 1842 de
1292 1800 1349 1840 re
1377 1786 1566 1841 lubens
1588 1786 1857 1841 calamum
1885 1788 2161 1851 subtraho,
2201 1765 2244 1820 Β

586 1891 653 1931 ac
704 1876 862 1931 sileo.
926 1876 1159 1933 Consule
1214 1875 1506 1931 Baronium
1578 1877 1772 1931 Annal.
1816 1878 2041 1941 ,Eccles.
2074 1878 2165 1933 ,ad

589 1981 791 2022 annum
820 1968 917 2022 591
954 1976 1009 2022 et
1052 1968 1189 2022 1025
1216 1982 1294 2041 ac
1332 1977 1447 2023 not.
1494 1969 1549 2023 in
1580 1968 1928 2041 Martyrolog.
1970 1970 2163 2027 Roma.

586 2059 674 2114 die
697 2059 766 2115 29
790 2060 1041 2131 Augusti.

657 2150 922 2205 Caeterum
965 2150 1259 2207 novissime
1287 2152 1546 2218 omnium,
1581 2152 1647 2207 de
1691 2153 1857 2208 variis
1885 2167 2050 2223 agens
2086 2154 2169 2208 in-

586 2244 953 2311 ventionibus,
996 2258 1060 2299 ac
1109 2243 1558 2299 translationibus
1602 2243 1763 2315 566
1802 2245 1994 2313 capitis
2044 2260 2169 2300 san-

587 2337 734 2392 ctiss.
767 2339 1121 2409 praecursoris
1144 2338 1429 2403 Henricus,
1461 2338 1782 2409 Spondanus
1806 2339 2077 2394 observat.
2102 2338 2168 2393 ad

591 2443 680 2482 an.
716 2429 851 2483 1024
883 2430 1049 2499 cpite.
1079 2429 1275 2483 Annal.
1315 2430 1523 2486 Eccles.
1554 2430 1733 2484 subdit
1778 2431 1878 2484 ista
1907 2448 1918 2484 :
1959 2448 1978 2481 ‹
2010 2430 2170 2485 Deni-

588 2534 693 2589 que
745 2520 888 2589 quod
948 2520 1171 2576 diversa:
1212 2520 1469 2577 Ecclesiae
1519 2521 1818 2592 gloriantur
1855 2522 1917 2575 de
1956 2535 2168 2590 posses-

588 2612 741 2667 sione
801 2612 1043 2683 ejusdem
1093 2614 1323 2683 capitis,
1373 2614 1446 2668 ita
1499 2628 1613 2668 rem
1672 2612 1949 2667 definitam
2002 2612 2170 2667 voluit

593 2704 861 2759 Robertus
908 2704 956 2758 le
1008 2703 1208 2771 Viseur,
1263 2704 1543 2776 theologus
1592 2705 1765 2759 Paris.
1823 2713 1878 2758 et
1920 2703 2165 2757 eanonic.

590 2796 805 2851 Ambia.
839 2798 930 2867 qui
962 2797 1292 2867 peculiarem
1335 2813 1397 2852 ea
1444 2798 1510 2853 de
1539 2813 1597 2852 rc
1630 2805 1917 2851 tractatum
1956 2797 2166 2863 habuit,

592 2897 653 2944 ut
679 2889 954 2961 Angeliaei
999 2891 1163 2946 fuerit
1203 2906 1332 2961 pars
1360 2892 1530 2946 cranii
1564 2892 1726 2946 missa
1753 2906 1781 2944 a
1813 2890 2171 2946 Constantino

590 2980 931 3053 Copronymo
960 2982 1088 3053 imp.
1121 2983 1187 3037 ad
1210 2982 1458 3053 Pipinum
1488 2997 1670 3050 regem
1702 2982 1898 3037 Franc.
1930 2981 2169 3050 ejusdem

589 3072 1011 3143 Angeriacensis
1051 3075 1285 3130 coenobii
1324 3075 1703 3139 conditorem;
1756 3075 1941 3129 Romae
1990 3075 2061 3132 in.
2080 3088 2161 3129 ec-

588 3163 752 3219 clesia
781 3164 839 3221 S.
870 3164 1116 3222 Silvestri
1142 3183 1269 3238 pars
1301 3167 1470 3221 altera
1503 3168 1707 3238 cranii;
1750 3168 2005 3238 Augustw
2032 3183 2170 3238 prte-

594 3256 743 3311 lorize
769 3256 822 3311 in
848 3258 1047 3313 finibus
1075 3258 1506 3328 subalpinorum,
1529 3259 1746 3313 maxilla
1776 3260 1975 3326 altera;
2000 3260 2169 3316 altera

590 3344 874 3417 Lugduni;
923 3349 1176 3402 Ambiani
1222 3363 1374 3414 vero,
1422 3358 1650 3419 excepto
1691 3360 1906 3416 mento,
1949 3365 1977 3405 a
2027 3350 2171 3407 labio

592 3437 859 3508 superiori
889 3454 1056 3509 usque
1078 3440 1144 3495 ad
1166 3450 1375 3509 partem
1406 3439 1619 3495 frontis.
1653 3459 1670 3493 ι
1701 3440 1767 3494 Ει
1790 3441 1981 3511 paucis
2003 3441 2169 3496 inter-

587 3530 786 3601 jectis:
821 3549 841 3585 ‹
870 3530 1005 3587 Cum
1038 3533 1102 3589 de
1131 3533 1219 3588 his
1250 3533 1325 3587 nil
1355 3548 1739 3604 usquequaque
1764 3544 1971 3589 certum
2000 3535 2169 3589 asseri

589 3637 750 3692 posse
778 3622 1047 3689 videatur,
1082 3624 1149 3679 de
1177 3624 1263 3679 his
1295 3624 1512 3681 interim
1545 3624 1706 3681 liceat
1753 3626 1881 3696 (una
1913 3640 2034 3680 cum
2063 3625 2170 3680 Ba-

594 3717 749 3772 ronio
790 3719 843 3773 in
890 3719 1088 3774 litteris
1131 3721 1197 3774 ad
1231 3722 1479 3776 cumdeni
1525 3720 1818 3776 [leberlum
1867 3720 2166 3792 rescriptis)

594 3808 736 3876 quod
767 3808 893 3864 olim
927 3819 1188 3880 praetores
1219 3812 1399 3867 edicto
1429 3813 1708 3882 proposito
1739 3813 1803 3867 iis
1841 3814 1932 3883 qui
1966 3829 2023 3868 se
2054 3828 2168 3867 rem

596 3899 833 3969 aliquam
866 3902 1145 3971 possidere
1172 3902 1503 3958 aﬂirmarent
1532 3922 1543 3956 ε
1585 3922 1602 3953 ι
1632 3902 1910 3958 Possidete
1941 3904 2017 3958 uti
2047 3918 2172 3973 pos-

594 3992 838 4047 sidetis.»
868 3992 1163 4048 Laudanda
1189 4009 1319 4048 vero
1342 3995 1514 4064 pietas
1541 4010 1729 4048 eorum
1758 3996 1848 4064 qui
1875 3996 1957 4050 his
1988 4010 2169 4050 sacro-

600 4082 804 4137 sanctis
829 4083 1148 4153 pignoribus
1171 4085 1393 4154 cupiunt
1426 4086 1526 4140 sibi
1560 4085 1836 4156 peculiare
1867 4086 1999 4140 tanti
2038 4100 2171 4155 prac-

597 4176 835 4230 cursoris
864 4177 1224 4245 patrocinium
1257 4178 1576 4234 adsciscere.
1602 4199 1622 4232 ι
1648 4179 1764 4247 Quo
1799 4191 2038 4249 tempore
2067 4179 2171 4234 illae

596 4274 800 4321 sancte
837 4264 1060 4323 Joannis
1097 4268 1339 4338 reliquiae
1380 4270 1701 4325 Ambianum
1738 4272 2014 4326 translatae
2055 4270 2171 4327 fue-

596 4358 703 4411 rint
732 4358 914 4429 (nullae
958 4360 1099 4413 enim
1146 4359 1392 4415 Guiherti
1439 4377 1552 4416 zevo
1584 4362 1715 4417 inibi
1757 4365 2063 4435 exstabant)
2088 4365 2169 4422 vis

592 4450 787 4504 nosse?
836 4450 1043 4520 inspice
1072 4451 1372 4521 praefatum
1418 4452 1641 4508 Roberti
1692 4453 1738 4508 le
1797 4453 1982 4509 Viseur
2029 4455 2165 4512 Tra-
2194 4481 2248 4542 Β

594 4548 818 4595 clatum.

667 4631 756 4701 (¹²)
796 4632 924 4687 CAP.
963 4632 1050 4701 Ill,
1100 4634 1127 4706 §
1178 4649 1238 4689 ll.
1276 4666 1346 4675 —
1377 4632 1545 4690 Plane
1593 4635 1832 4689 decessor
1868 4653 2010 4691 meus
2045 4636 2173 4691 Am-

595 4722 854 4777 bianensis
899 4742 1015 4778 cum
1062 4743 1247 4795 corpus
1297 4725 1529 4781 Firmini
1558 4727 1850 4798 jmartyris,
1898 4739 2003 4783 etc.
2055 4731 2170 4785 Duo

594 4814 776 4869 smculi
808 4816 967 4885 hujus
994 4826 1269 4885 auctores,
1298 4821 1574 4875 contraria
1605 4821 1671 4875 de
1714 4830 1905 4875 sancto
1930 4821 2171 4879 Firmino

596 4917 931 4971 asserentes,
974 4918 1295 4964 occurrunt:
1328 4910 1620 4967 Guihertus
1664 4912 1827 4968 abbas
1864 4913 2174 4983 Novigenti-

598 5014 717 5063 nus,
759 5008 814 5055 et
853 4999 1106 5058 Nicolaus
1152 5002 1210 5058 S.
1257 5003 1491 5073 Crispini
1534 5004 1945 5061 Suessionensis
1988 5021 2174 5061 mona-

595 5091 750 5146 chus.
801 5090 891 5146 llle
937 5093 1020 5147 vir
1053 5095 1236 5165 gravis
1287 5104 1343 5149 et
1386 5105 1610 5151 malum
1658 5099 1861 5162 aetatis;
1922 5097 2011 5151 hic
2047 5099 2174 5153 ado-

597 5183 826 5249 lescens,
878 5186 971 5255 qui
1002 5186 1093 5240 vix
1145 5187 1448 5256 pubertatis
1479 5203 1649 5242 annos
1691 5197 2003 5244 excesserat
2049 5205 2173 5245 cum

597 5277 905 5333 scriberet:
942 5278 1078 5335 alter
1120 5287 1455 5347 coaetaneus;
1485 5295 1685 5351 suppar
1732 5280 1902 5346 alter;
1949 5281 2174 5351 insignis

600 5369 848 5426 doctrina
909 5387 973 5426 ac
1024 5372 1288 5443 dignitate
1338 5373 1580 5444 primus;
1632 5374 1899 5429 secundus
1948 5375 2174 5445 simplex

600 5461 892 5527 coenobita,
925 5470 979 5516 et
1008 5472 1166 5519 notus
1191 5464 1525 5521 solummodo
1556 5481 1621 5521 ex
1649 5465 1768 5520 Vita
1806 5466 1982 5521 sancti
2005 5464 2175 5522 Gede-

601 5550 725 5605 fridi
757 5554 1006 5611 Ambian;
1060 5572 1146 5626 ep.
1195 5574 1357 5627 quam
1406 5569 1461 5615 et
1505 5561 1767 5616 relatione
1814 5561 2174 5631 quorumdam

602 5645 901 5699 contexuit.
938 5645 1055 5700 Utrl
1094 5647 1248 5701 fidem
1278 5650 1580 5706 adhibebo?
1606 5652 1942 5709 Guibertone
1969 5651 2170 5719 abbati,

601 5735 808 5795 nullum
854 5737 921 5794 de
973 5754 1200 5811 corpore
1238 5741 1295 5796 S.
1344 5742 1572 5799 Firmini
1619 5753 1888 5817 repertum
1920 5743 2177 5809 Aestime-

2266 501 2489 564 ruisset,
2522 502 2837 556 attestanti?
2882 502 2962 557 An
2994 507 3260 560 monacho
3295 508 3663 581 Suessionensi,
3687 535 3778 577 cor-

2264 608 2365 661 pus
2404 592 2455 645 in
2517 595 2707 648 eadem
2752 596 2969 665 capsula
3027 597 3303 653 inventum
3340 601 3644 671 ipsissimum
3687 628 3781 673 ess;

2265 682 2325 737 S.
2386 683 2611 739 Firmini
2672 698 3047 743 asseveranter
3094 690 3328 759 probare
3387 698 3626 752 conanti?
3677 702 3780 762 item

2268 775 2650 844 discutiamus;
2683 780 2806 845 erit,
2842 795 3022 850 spero,
3047 782 3239 838 lectori
3269 784 3409 840 haud
3438 787 3691 857 ingratum,

2338 868 2427 921 Sic
2477 869 2655 939 itaque
2707 886 2765 927 se
2815 888 2902 926 res
2954 873 3118 927 habet
3170 875 3262 930 hic
3312 878 3448 947 apud
3494 879 3779 943 Guihertum.

2273 975 2290 1009 ι
2319 958 2485 1015 Plane
2533 962 2785 1018 decessor
2827 980 2981 1020 meus
3013 966 3391 1023 Ambianensis
3433 971 3650 1044 episcop.
3688 993 3781 1035 cum

2268 1064 2464 1120 corpus
2496 1050 2721 1107 Firmini
2756 1063 2917 1108 mart.
2949 1064 3004 1110 ut
3055 1066 3229 1127 putat,
3266 1068 3528 1128 quatenus
3561 1064 3622 1118 de
3663 1067 3782 1126 theca

2276 1141 2325 1193 in
2357 1143 2569 1196 thecam
2598 1143 2834 1211 efferret,
2874 1146 3077 1201 nullum
3122 1148 3253 1203 inibi
3282 1150 3557 1218 pitacium,
3584 1170 3644 1209 ne
3663 1159 3784 1215 unius

2269 1231 2486 1300 quidem
2530 1232 2723 1289 litterae
2772 1236 3139 1293 testimonium
3165 1279 3179 1303 ,
3223 1240 3346 1307 quis
3382 1240 3569 1295 ibidem
3606 1243 3783 1314 jaceret,

2270 1321 2495 1377 invenit.
2562 1323 2678 1390 Qua
2730 1326 2795 1381 de
2847 1342 2906 1382 re
2945 1328 3098 1383 urbis
3124 1329 3427 1399 “episcopus
3472 1330 3706 1400 plumbea;
3732 1335 3787 1391 la-

2272 1414 2431 1469 minae
2463 1431 2584 1470 mox
2630 1418 2929 1488 inscripsit,
2971 1422 3112 1490 quod
3151 1422 3262 1477 illic
3306 1423 3621 1479 conderetur
3643 1426 3788 1485 Firmi-

2269 1504 2391 1559 nius
2426 1516 2636 1578 martyr
2660 1507 3049 1564 Ambianorum
3080 1512 3320 1582 episcop.
3356 1530 3376 1564 ›
3410 1511 3532 1568 Haec
3559 1514 3654 1570 ille.

2342 1596 2594 1652 Nieolaus
2620 1613 2750 1654 vero
2786 1600 2881 1654 lib.
2912 1616 2974 1667 ll,
3005 1616 3125 1672 cap.
3156 1602 3249 1668 26,
3294 1604 3436 1658 Vita:
3475 1608 3631 1660 sancti
3663 1607 3791 1665 Gede-

2273 1688 2425 1755 fridi,
2481 1700 2832 1761 posteaquam
2885 1694 3072 1749 retulit
3129 1694 3190 1749 B.
3254 1695 3598 1752 Godefridum
3638 1702 3791 1759 multos

2271 1791 2399 1836 ante
2438 1782 2555 1838 dies
2599 1785 2880 1854 populum,
2930 1787 3007 1840 uti
3041 1802 3267 1843 munera
3308 1787 3377 1842 ad
3408 1790 3661 1860 capsulam
3696 1809 3793 1848 con-

2271 1870 2557 1927 ficiendam
2599 1873 2883 1941 offerrent,
2913 1881 3415 1948 ‘przepararentque
3462 1894 3575 1934 sese
3604 1882 3662 1936 ad
3699 1884 3794 1940 rel?-

2270 1966 2518 2033 quiarum
2574 1967 3026 2033 translationem,
3085 1970 3438 2025 adhortatum
3495 1972 3673 2041 fuisse,
3709 1977 3793 2033 lucc

2270 2055 2487 2112 subdit:
2528 2076 2546 2108 ι
2576 2058 2868 2129 Postquam
2898 2061 3107 2115 loculus
3133 2072 3394 2119 accurate
3424 2065 3679 2122 confectus
3703 2068 3794 2137 fuit,

2270 2150 2336 2203 ad
2389 2164 2506 2203 eam
2556 2151 2737 2215 diem,
2789 2169 2896 2222 quo
2943 2161 3102 2207 erant
3151 2153 3544 2211 transferendze
3588 2158 3793 2227 reliquie,

2272 2249 2453 2299 tantus
2492 2258 2556 2298 eo
2585 2245 2806 2300 advenit
2832 2246 3115 2301 hominum
3146 2255 3344 2310 cretus,
3393 2258 3453 2301 ut
3480 2256 3594 2303 tota
3632 2251 3796 2324 Europa

2270 2333 2596 2391 conﬂuxisse
2631 2337 2802 2391 videri
2854 2346 3059 2408 posset.
3093 2339 3226 2394 Tum
3259 2341 3545 2413 epiSCOpus
3581 2360 3685 2399 cum
3712 2347 3797 2403 aliis

2271 2426 2645 2481 sacerdotibus
2694 2429 2931 2484 accessit
2979 2433 3044 2483 ad
3091 2431 3306 2497 locum,
3353 2433 3445 2486 ubi
3490 2433 3702 2491 cmlestis
3734 2436 3797 2492 ille

2270 2518 2592 2573 servabatur
2640 2522 2969 2587 thesaurus,
3026 2536 3318 2592 sacrasque
3387 2523 3663 2595 reliquias,
3706 2542 3797 2582 cum

2270 2609 2439 2665 multo
2485 2620 2721 2666 tremore
2772 2613 3021 2668 omnibus
3080 2615 3332 2669 visendas
3396 2620 3661 2687 exposuit,
3703 2630 3795 2686 δια,

2271 2700 2464 2755 deinde
2519 2702 2777 2771 populum
2830 2702 3073 2757 dimittit.
3130 2704 3267 2758 lluic
3316 2716 3503 2761 autem
3554 2712 3800 2777 spertaculo

2270 2803 2378 2843 non
2422 2790 2741 2855 interfuere,
2786 2792 2878 2860 qui
2920 2793 3306 2848 Ambianeusis
3354 2797 3510 2850 urbis
3552 2798 3801 2853 suburbana

2271 2879 2388 2934 loca
2413 2880 2685 2936 habitant.
2710 2881 2993 2937 Accedunt
3016 2884 3183 2954 igitur
3208 2887 3275 2938 ad
3300 2884 3663 2953 Godefridum,
3684 2900 3802 2944 erant

2270 2980 2332 3025 ut
2369 2972 2503 3041 ipsis
2534 2988 2747 3043 quoque
2780 2972 2841 3027 B.
2888 2974 3117 3028 Firmi'ni
3161 2991 3348 3031 sacras
3387 2978 3633 3049 reliquias
3665 2990 3802 3036 osten-

2274 3065 2381 3119 dat.
2418 3065 2491 3119 At
2536 3066 2625 3120 ille
2662 3066 2820 3121 valde
2861 3066 3176 3122 admirans:
3213 3068 3338 3134 Ubi,
3400 3070 3591 3140 inquit,
3633 3074 3805 3127 nudius-

2277 3156 2467 3211 tertius
2497 3156 2696 3220 fuistis,
2724 3159 2940 3226 quando
2968 3174 3087 3213 mea
3115 3175 3279 3213 manu
3306 3176 3405 3216 cas
3438 3162 3671 3218 omnibus
3692 3180 3803 3219 com-

2272 3248 2610 3319 templandas
2637 3250 2895 3305 exhibui?
2919 3250 3168 3306 Atl‘erunt
3193 3252 3283 3307 alii
3312 3252 3443 3315 alia,
3471 3263 3575 3309 etc.
3600 3256 3805 3311 Flectitur

2272 3342 2491 3397 tandem
2515 3344 2600 3397 vir
2644 3344 2766 3413 pius
2800 3352 2856 3399 et
2884 3344 2937 3398 in
2973 3344 3293 3400 celebritate
3325 3344 3582 3401 Omnium
3629 3347 3805 3402 Sancto.

2269 3448 2418 3501 rum,
2447 3434 2731 3504 praemisso
2755 3434 2984 3504 jejunio,
3034 3436 3109 3490 ait
3156 3452 3213 3491 se
3260 3438 3522 3506 precibus
3551 3439 3805 3493 satisfactu-

2270 3538 2411 3579 rum.
2446 3543 2463 3575 ι
2492 3524 2644 3592 Quod
2674 3524 2945 3589 effecisse,
2973 3540 3165 3589 necne,
3194 3525 3269 3581 nil
3294 3528 3501 3583 retexit
3524 3537 3711 3583 auctor.

2343 3616 2826 3672 Verumenimvero
2880 3617 3006 3685 quid
3048 3619 3375 3688 ejuscemodi
3427 3621 3810 3676 Nicolaisermo—

2272 3710 2432 3765 nibus
2477 3710 2689 3779 colliget
2740 3710 2912 3766 lector
2964 3711 3233 3778 eruditus,
3285 3713 3391 3768 nisi
3447 3714 3592 3784 (mea
3615 3715 3806 3784 fquidem

2272 3800 2567 3871 sententia)
2602 3801 2736 3855 istos
2770 3815 2836 3855 cx
2877 3802 3143 3857 industria
3176 3806 3515 3874 compositos
3558 3806 3632 3860 uti
3669 3804 3808 3860 lucum

2272 3892 2502 3959 faceret,
2533 3893 2879 3947 obnubilaret
2917 3893 3247 3949 veritatem?
3272 3896 3343 3950 At
3377 3897 3496 3952 lucc
3532 3897 3697 3953 omnia
3722 3897 3811 3950 vin-

2272 3983 2368 4051 cit,
2397 3998 2562 4053 seque
2589 3986 2804 4039 tandem
2833 3984 3041 4054 profert
3069 3985 3123 4040 in
3146 3987 3415 4056 apricum.
3444 3988 3635 4058 Ecqua
3660 3987 3811 4042 amabo

2272 4073 2416 4128 illius
2456 4076 2790 4131 narrationis
2832 4080 3136 4134 connexio?
3182 4079 3442 4135 Testatur
3488 4081 3719 4135 credulus
3746 4080 3809 4132 ille

2272 4164 2528 4221 Nicolaus
2556 4175 2635 4221 tot
2662 4168 2889 4239 populos
2915 4168 3265 4237 Ambianum,
3297 4187 3406 4240 quo
3439 4188 3594 4227 sacra
3623 4170 3809 4224 Firmiui

2272 4256 2500 4328 pignora
2529 4271 2945 4329 venerarcntur,
2976 4264 3317 4327 convenisse,
3353 4281 3373 4315 ‹
3410 4264 3484 4319 Ut
3514 4275 3617 4319 tota
3642 4265 3811 4332 Europa

2273 4348 2595 4407 conﬂuxisse
2639 4354 2811 4409 videri
2854 4365 3054 4424 posset.
3081 4374 3101 4409 ι
3145 4356 3348 4411 Deinde
3385 4374 3398 4410 :
3457 4375 3477 4408 ι
3516 4356 3646 4412 Huic
3674 4366 3813 4410 autem

2273 4442 2585 4510 spectaculo
2613 4444 2738 4510 {non
2792 4444 3110 4510 interfuere,
3160 4445 3251 4514 qui
3295 4446 3672 4501 Ambianensis
3702 4445 3815 4499 urbis

2274 4533 2583 4589 suburbana
2624 4535 2739 4590 loca
2772 4536 3034 4591 habitant.
3068 4557 3086 4591 ι
3139 4538 3239 4605 Qui
3281 4555 3379 4594 oro
3423 4550 3477 4593 te
3523 4539 3718 4593 suaderi
3743 4551 3815 4606 po,

2272 4635 2380 4682 test
2410 4636 2469 4681 ut
2509 4636 2619 4683 tota
2653 4630 2871 4701 Europa
2898 4634 2964 4687 ad
2994 4633 3348 4703 reliquiarum
3384 4635 3601 4705 patroni
3632 4632 3815 4688 Ambia-

2271 4732 2464 4772 norum
2488 4720 2852 4775 ostcnsionem
2891 4724 3205 4792 conﬂuxisse
3232 4725 3395 4777 videri
3414 4735 3607 4794 posset,
3636 4739 3691 4777 ac
3722 4719 3817 4775 sub-

2275 4810 2468 4864 urbani
2529 4812 2880 4869 nihilominus
2940 4814 3186 4870 occlusas
3233 4816 3495 4871 continuo
3548 4816 3817 4869 habuissent

2275 4916 2453 4968 aures,
2506 4903 2734 4959 fuissent
2765 4906 2938 4962 oculis
2986 4908 3147 4977 capti,
3197 4907 3527 4963 inebriative
3555 4906 3815 4963 obdormis-

2274 5005 2398 5048 sent
2435 5002 2548 5048 toto
2583 4994 2691 5051 die.
2722 4994 3047 5052 Nutabunda
3095 4998 3281 5068 utique
3321 5001 3595 5054 narratio!
3630 5000 3699 5052 Ac
3725 5012 3819 5066 pro-

2274 5082 2399 5138 inde
2446 5083 2774 5153 Guibcrtus,
2824 5087 2909 5141 sin
2978 5089 3132 5143 testis
3184 5089 3459 5156 oculatus,
3514 5090 3597 5144 vel
3648 5100 3818 5143 ςοτωις

2273 5176 2473 5245 potiori
2506 5176 2630 5246 jure
2675 5179 2977 5235 audiendus
3014 5189 3128 5246 est;
3175 5181 3260 5235 vir
3305 5196 3436 5236 sane
3471 5180 3608 5249 justi
3640 5180 3819 5245 verique

2275 5269 2699 5339 amantissimus,
2732 5272 2824 5340 qui
2855 5273 3079 5338 nemini,
3124 5273 3214 5327 ubi
3246 5274 3436 5329 vitium
3458 5315 3474 5339 ,
3528 5275 3616 5329 ubi
3652 5270 3819 5325 falsita-

2276 5371 2407 5430 tem,
2457 5364 2548 5418 ubi
2599 5365 2879 5421 catholicae
2927 5366 3053 5423 ﬁdei
3103 5367 3494 5437 corruptelam,
3542 5367 3632 5421 ubi
3678 5364 3819 5418 labem

2274 5458 2661 5515 ecclesiasticae
2710 5459 2977 5515 libertatis
3032 5460 3270 5530 reperit,
3339 5460 3410 5516 nil
3474 5472 3716 5530 parcere,
3763 5452 3818 5507 nil

2276 5552 2619 5608 dissimulare
2656 5553 2861 5618 nescit;
2903 5551 3358 5622 quemadmodum
3394 5552 3522 5607 luce
3562 5547 3820 5625 meridiana

2274 5644 2474 5700 clarius
2500 5646 2703 5716 scripta
2733 5645 2902 5715 ipsius
2931 5643 3197 5700 evolventi
3229 5652 3498 5715 patescet.
3786 5706 3820 5714 ἡ

2346 5738 2463 5806 Quo
2505 5738 2725 5794 demum
2766 5738 2822 5795 iu
2865 5738 2983 5795 loco
3029 5738 3327 5808 pretiosum
3382 5735 3622 5799 Firmini
3660 5734 3821 5808 pignus
