3982 6346
316 311 458 370 1029
484 320 487 323 ‘

1483 295 1696 357 DOMNI
1722 294 1787 352 L.
1822 293 2165 353 D’ACHERY
2213 292 2440 352 NOTIE.

3433 296 3571 356 1030

317 422 660 495 requiescat,
714 417 905 491 paucis
955 413 1197 472 declarat
1258 413 1425 470 abbas
1473 422 1678 468 noster.
1732 430 1751 463 ι
1788 410 1898 467 Nec
1926 417 1972 472 A
2003 414 2280 467 tulerunt:
2331 410 2483 479 Quod
2530 410 2735 466 idcirco
2782 411 2981 467 factum
3029 421 3145 479 est,
3196 411 3319 480 quia
3379 410 3573 471 civitas

317 531 492 575 mora.
522 533 539 565 ι
569 512 759 568 scribit
785 511 918 580 ipse,
956 528 974 560 ι
1008 508 1061 562 in
1093 507 1423 563 monasterio
1446 504 1628 560 Sancti
1656 504 1893 576 Dionysii

318 610 396 680 (in
432 604 686 676 Francia)
714 604 856 658 idem
897 601 1173 656 actitatur.
1203 600 1398 655 Parata
1426 599 1494 653 ab
1520 598 1712 652 abbate
1736 612 1898 652 orna-

321 700 443 756 tiori
481 712 642 767 capsa
672 696 797 750 dum
841 694 967 749 inde
998 692 1297 757 extollitur,
1331 692 1458 746 dum
1489 705 1612 745 cum
1643 689 1896 745 membris

317 794 481 857 caput
522 785 808 850 evolvitur,
856 781 1229 838 membranula
1273 780 1327 835 in
1372 780 1629 851 martyris
1674 780 1897 837 naribus

318 884 589 951 reperitur
620 879 677 935 in
708 893 814 949 qua
851 875 994 947 quod
1021 884 1167 930 esset
1201 872 1479 928 Firminus
1516 871 1898 928 Ambiancnsis

318 980 529 1045 martyr
565 971 919 1042 expromitur.
950 988 969 1022 ›
1002 969 1073 1023 At
1116 982 1184 1023 ne
1216 974 1407 1023 auctor
1440 965 1632 1036 gratis,
1661 980 1757 1020 seu
1794 965 1900 1019 bile

316 1072 463 1118 mota
496 1063 686 1119 isthaec
728 1074 975 1116 asserere
1020 1057 1140 1129 quis
1187 1055 1394 1121 credat,
1449 1054 1727 1123 antiquam
1770 1052 1901 1107 libet

320 1171 512 1213 eruere
578 1152 1024 1218 translationem,
1089 1148 1392 1221 Dagoberto
1429 1145 1503 1213 .I,
1566 1144 1897 1199 Francorum

318 1262 447 1318 rege
474 1245 821 1318 praecipiente
865 1242 1084 1309 factam,
1130 1256 1161 1297 e
1198 1236 1598 1310 Piquiniacensi
1629 1243 1810 1291 castro
1843 1233 1899 1289 in

320 1335 806 1409 Sandionysianam
835 1332 1141 1388 ecclesiam.

391 1428 551 1499 567
580 1444 599 1478 ι
635 1424 899 1494 Tempore
936 1420 1156 1493 gloriosi
1187 1434 1250 1475 ac
1286 1418 1515 1489 piissimi
1550 1416 1695 1488 regis
1723 1414 1897 1470 Fran-

321 1534 508 1575 corum
552 1515 869 1587 Dagoberti,
922 1514 1240 1567 Hunnorum
1290 1525 1422 1580 gens
1464 1508 1625 1563 corde
1675 1505 1904 1561 ferocis-

320 1612 483 1676 sima,
510 1623 738 1680 procera
762 1620 1020 1675 corpore,
1054 1603 1210 1658 hellis
1245 1608 1457 1655 assueta
1479 1640 1492 1665 ,
1529 1599 1647 1669 plus
1680 1598 1746 1653 de
1778 1612 1903 1667 pro-

322 1702 457 1770 priis
484 1700 689 1755 viribus
714 1713 875 1769 quam
905 1697 972 1750 de
1006 1694 1188 1749 divino
1226 1706 1557 1763 praesumens
1599 1689 1865 1759 adjutorio
1885 1728 1900 1754 ,

1996 518 2187 571 parum
2221 502 2429 555 munita
2457 509 2645 556 contra
2669 502 2810 573 regis
2832 502 3091 573 impetum
3122 502 3423 558 videbatur.
3466 501 3575 559 Ca-

1997 601 2165 645 strum
2198 600 2376 646 autem
2410 592 2570 659 illud,
2605 602 2659 647 et
2687 602 2881 646 natura
2922 593 3045 660 loci,
3077 602 3130 648 et
3165 593 3403 647 manuali
3436 594 3575 648 arti-

1997 680 2141 748 ﬁcio,
2184 690 2239 737 et
2271 682 2590 738 bellatorum
2630 683 2856 738 audacia
2899 682 3287 752 fortissimum,
3332 694 3386 740 et
3423 685 3577 742 velut

1998 768 2412 841 inexpugnabile
2447 773 2759 842 putabatur.
2808 773 2913 828 Sed
2961 792 2979 827 t
3013 790 3122 829 non
3153 782 3235 830 est
3268 774 3574 843 prudentia,

1998 876 2106 916 non
2141 869 2223 916 est
2259 864 2544 932 sapientia,
2579 880 2686 920 non
2728 875 2810 922 est
2850 867 3137 923 consilium
3173 874 3365 924 contra
3394 867 3578 923 Domi-
3650 864 3657 865 7

1999 970 2126 1010 num
2156 975 2174 1008 ›
2214 955 2396 1026 (Prov.
2420 972 2534 1022 xxx,
2564 956 2679 1027 50).
3146 1012 3147 1015 η

2074 1063 2092 1095 ι
2123 1044 2238 1099 Rex
2269 1044 2431 1115 igitur
2451 1060 2574 1099 cum
2602 1044 2934 1102 Francorum
2966 1048 3229 1115 exercitu,
3263 1045 3576 1118 praedictam

2001 1136 2187 1192 adiens
2209 1136 2503 1202 civitatem,
2529 1136 2717 1207 paucis
2747 1136 3109 1202 obstantibus,
3141 1139 3256 1193 sine
3286 1138 3454 1192 multa
3480 1136 3583 1192 dif-

2000 1228 2603 1299 ﬁcultatejngreditur;
2643 1228 2829 1282 hostes
2860 1243 2982 1282 cum
3020 1229 3168 1298 regia
3208 1228 3578 1299 indignatione

2001 1316 2343 1388 aggreditur;
2374 1316 2636 1385 quosdam
2661 1316 2941 1382 interﬁcit,
2968 1316 3087 1371 aliis
3114 1321 3375 1373 carcerali
3405 1327 3585 1374 custoo

2002 1409 2102 1464 dite
2128 1408 2478 1479 mancipatis,
2504 1410 2739 1464 nonnulli
2765 1426 2893 1465 vero
2926 1411 3063 1480 fugae
3094 1412 3346 1482 praesidio
3384 1412 3578 1467 mortis

2001 1499 2299 1569 periculum
2335 1509 2643 1554 evaserunt.
2701 1500 2815 1555 Rex
2861 1501 3025 1570 igitur
3068 1501 3427 1572 Dagobertus,
3466 1500 3583 1573 glo-

2003 1590 2146 1645 riosa
2169 1590 2236 1645 de
2263 1591 2507 1647 hostibus
2532 1593 2733 1662 potitus
2755 1593 3005 1659 victoria,
3028 1608 3114 1657 ne,
3153 1595 3297 1663 quod
3328 1594 3493 1659 absit,
3519 1592 3584 1648 ad

2005 1681 2267 1752 gloriosos
2294 1691 2631 1751 protectores
2678 1697 2810 1737 suos
2838 1682 3196 1748 Macharium,
3222 1684 3432 1738 scilicet
3461 1682 3589 1738 Dio-

323 1769 773 1864 circumjaeentes
819 1788 1132 1861 provincias
1176 1786 1280 1842 sibi
1320 1784 1603 1856 tyrannice
1651 1782 1905 1853 subjuga-
1931 1769 1982 1830 B
2008 1774 2220 1864 nysium
2237 1773 2523 1842 sociosque
2548 1773 2844 1864 cjus,_reus
2867 1774 3268 1847 ingratitudinis
3298 1783 3588 1840 remearet,

319 1885 446 1949 bat;
477 1898 579 1939 nec
606 1883 747 1937 istud
789 1881 841 1936 ei
878 1878 1154 1935 sufﬁciens
1188 1876 1511 1941 videbatur,
1554 1874 1649 1929 sed
1680 1873 1906 1928 audiens

324 1976 721 2047 praecellentem
774 1971 925 2041 regni
966 1969 1299 2024 Francorum
1345 1968 1597 2037 regisque
1640 1965 1903 2036 gloriam,

325 2071 465 2125 idem
492 2083 717 2140 regnum
748 2082 881 2121 ausu
910 2063 1208 2119 temerario
1239 2075 1335 2116 suo
1358 2059 1654 2115 dominatui
1680 2057 1908 2113 submit-

230 2150 235 2157 ’
328 2164 441 2210 tere
465 2153 748 2226 proposuit
774 2168 787 2205 :
819 2152 1060 2222 initoque
1084 2149 1310 2205 consilio
1340 2164 1463 2203 eum
1483 2147 1909 2202 Flandrensibus

323 2262 419 2301 eos
453 2247 555 2301 sibi
586 2247 652 2300 ad
684 2244 945 2315 propositi
978 2241 1312 2298 consortium
1340 2240 1600 2295 facinoris
1633 2238 1907 2306 conciliat,

326 2337 464 2393 freta
492 2337 696 2408 pariter
724 2337 922 2392 civium
956 2335 1104 2390 urbis
1134 2334 1588 2389 Arabianensium
1628 2331 1828 2386 auxilio
1857 2338 1912 2386 et

327 2443 613 2482 consensu.
646 2426 712 2481 Et
750 2440 877 2481 ecce
911 2426 1230 2497 praeparatis
1274 2425 1341 2478 ad
1382 2423 1518 2478 bella
1555 2422 1909 2487 necessariis,

328 2532 488 2572 casus
511 2517 613 2571 sibi
640 2517 808 2570 futuri
834 2517 1037 2580 nescia,
1069 2531 1190 2571 cum
1222 2515 1335 2570 suis
1355 2513 1705 2585 complicibus
1725 2528 1914 2569 versus

326 2607 618 2663 Franciam
660 2617 840 2661 movet
896 2616 1094 2661 castra.
1132 2606 1284 2673 Quod
1330 2604 1546 2674 quidem
1594 2604 1913 2675 pervigilem

328 2698 473 2769 regis
502 2697 789 2769 Dagoberti
811 2696 1209 2766 providentiam
1243 2695 1412 2749 latere
1446 2709 1553 2749 non
1578 2694 1771 2764 potuit.
1810 2694 1914 2761 Qui

331 2805 639 2845 convocans
704 2789 1075 2843 ﬁdelissimam
1128 2789 1228 2844 sibi
1279 2787 1612 2842 Francorum
1665 2787 1914 2843 militiam

328 2888 502 2935 totum
526 2880 593 2935 de
628 2880 828 2946 divino,
858 2888 912 2935 et
934 2880 1185 2951 specialis
1210 2880 1294 2935 sui
1326 2878 1765 2948 Francorumque
1786 2893 1913 2950 pro-

333 2972 555 3027 tectoris
586 2971 868 3040 Macharii,
900 2971 1109 3027 scilicet
1130 2971 1372 3044 Dionysii
1392 2970 1773 3039 sociorumque
1800 2970 1917 3041 ejus

331 3063 653 3134 patrocinio,
682 3062 936 3118 celeriter
966 3063 1078 3118 suis
1105 3063 1344 3118 occurrit
1383 3061 1710 3116 adversariis
1748 3061 1814 3115 ad
1845 3060 1920 3116 lo-

2008 1861 2189 1915 divino
2243 1868 2418 1915 tactus
2462 1860 2790 1929 speramine,
2832 1860 2935 1915 hoc
2985 1860 3301 1915 deliberavit
3336 1861 3477 1930 apud
3508 1874 3589 1925 se,

2008 1953 2151 2022 quod
2173 1967 2368 2007 munus
2389 1952 2492 2019 eis,
2510 1952 2657 2007 omni
2683 1953 2939 2007 thesauro
2967 1952 3277 2023 pretiosius,
3293 1952 3347 2005 in
3379 1966 3594 2005 recom-

2006 2044 2384 2115 pensationem
2416 2044 2483 2097 ab
2507 2043 2587 2097 eis
2609 2043 2837 2113 impensi
2863 2045 2962 2100 sibi
2990 2043 3265 2099 manifesti
3304 2041 3591 2113 patrocinii

2009 2144 2333 2206 reportaret.
2365 2135 2519 2192 Unde
2570 2137 2848 2207 dispositis
2890 2154 2953 2192 ex
2989 2146 3141 2208 parte
3173 2137 3323 2207 regia
3367 2137 3419 2191 in
3453 2150 3592 2206 prae-

2009 2228 2121 2284 fata
2171 2230 2392 2285 civitate
2424 2230 2708 2297 custodiis,
2754 2246 2944 2287 versus
2968 2231 3382 2301 Piquigniacum
3430 2228 3595 2284 vertit

2012 2324 2333 2390 exercitum,
2363 2324 2453 2379 ubi
2479 2327 2782 2382 certissime
2812 2328 2879 2381 ab
2930 2325 3123 2380 incolis
3155 2323 3436 2387 didicerat,
3469 2338 3594 2393 pro-

2011 2423 2132 2485 pter
2181 2426 2384 2470 metum
2439 2418 2603 2488 regiae
2654 2417 2973 2489 majestatis,
3038 2414 3353 2470 venerabile
3399 2428 3595 2483 corpus

2014 2508 2346 2564 sanctissimi
2408 2511 2667 2581 martyris
2692 2520 2746 2566 et
2767 2510 3002 2581 episcopi
3050 2508 3299 2574 Firmini,
3328 2523 3450 2562 eum
3474 2507 3596 2562 aliis

2017 2602 2187 2658 fuisse
2219 2600 2463 2672 reliquiis
2507 2604 2856 2658 occultatum.
2909 2603 3017 2658 Sed
3060 2602 3188 2673 quid
3228 2600 3465 2655 facerent
3499 2614 3596 2654 eu-

2017 2698 2199 2751 stodes
2231 2698 2508 2770 municipii
2539 2697 2802 2767 ejusdem,
2842 2695 2943 2751 nisi
2975 2697 3119 2766 quod
3147 2695 3260 2765 ipsa
3291 2707 3470 2748 rerum
3502 2707 3596 2746 ne-

2018 2791 2244 2845 cessitas
2292 2793 2473 2847 facere
2520 2788 2912 2861 compellebat?
2948 2803 3100 2842 arma
3128 2787 3423 2855 deponunt,
3460 2799 3518 2840 se
3542 2793 3598 2840 et

2023 2897 2120 2937 sua
2184 2882 2345 2952 regiae
2390 2881 2653 2938 voluntati
2707 2880 3021 2949 subjiciunt,
3072 2879 3189 2948 ipse
3230 2894 3359 2934 vero
3382 2878 3598 2933 miseri-

2018 2975 2260 3030 corditer
2283 2988 2407 3045 erga
2451 2976 2597 3044 ipsos
2639 2988 2697 3027 se
2743 2974 2953 3038 habuit,
3004 2971 3144 3026 sicut
3189 2971 3395 3042 regiam
3417 2971 3472 3026 in
3504 2969 3598 3025 tali

2022 3068 2250 3122 articulo
2270 3067 2451 3122 decuit
2477 3066 2816 3136 dignitatem.

332 3122 478 3223 cum,
514 3155 603 3225 qui
632 3122 740 3211 Deo
777 3164 905 3211 tunc
936 3155 1195 3225 temporis
1229 3154 1529 3210 dicebatur.
1561 3154 1699 3221 Quid
1729 3154 1919 3225 plura?
1945 3129 1987 3187 Ο
2095 3178 2114 3211 ‹
2153 3159 2410 3229 Subjecto
2459 3122 2564 3213 sibi
2612 3156 2841 3229 praefato
2882 3122 3196 3229 municipio,
3220 3172 3317 3214 rex
3342 3158 3601 3231 providus

333 3246 484 3303 venit
521 3246 636 3301 dies
664 3247 1017 3311 certaminis,
1052 3255 1107 3301 et
1140 3246 1229 3301 diu
1264 3245 1600 3316 multumque
1635 3246 1761 3301 hinc
1794 3247 1919 3302 inde

334 3345 604 3394 certatum
631 3338 962 3393 est.Hunnis
986 3354 1108 3393 eum
1141 3338 1304 3394 sociis
1335 3338 1689 3409 complicibus
1719 3340 1918 3395 acriter

335 3429 737 3485 deeertantibus
777 3428 991 3486 fervore
1030 3440 1086 3486 et
1118 3430 1391 3486 desiderio
1441 3432 1913 3501 consummandre,

334 3530 495 3591 prout
522 3522 883 3591 aestimabant,
906 3523 1180 3592 nequitiae,
1214 3523 1438 3578 Francis
1488 3524 1918 3596 econtrariofpro

333 3613 527 3683 patria:
554 3613 820 3669 libertate.
843 3614 1054 3669 interea
1094 3613 1277 3669 divina
1310 3614 1627 3679 clementia,
1665 3630 1785 3685 quae
1827 3632 1918 3672 su-

336 3704 519 3774 perbis
548 3706 774 3775 resistit,
804 3706 1094 3761 humilibus
1129 3715 1308 3761 autem
1347 3705 1437 3760 dat
1472 3708 1731 3777 gratiam,
1775 3709 1918 3779 regis

336 3791 779 3864 Francorumque
805 3794 965 3849 ﬁdem
1002 3802 1054 3850 et
1080 3795 1243 3849 animi
1272 3795 1524 3865 pietatem
1555 3797 1917 3854 misericordi-

338 3899 424 3945 ter
450 3888 765 3960 respiciens,
812 3896 866 3944 et
907 3888 1172 3958 perﬁdam
1208 3888 1524 3943 Hunnorum
1571 3891 1913 3961 superbiam,

340 3983 569 4037 istorum
602 3982 826 4037 brachia
877 3982 1235 4049 confortavit,
1280 3983 1621 4039 adversarios
1650 3983 1917 4039 intantum

338 4076 668 4141 humilians,
709 4083 771 4130 ut
805 4075 897 4129 vix
945 4075 1135 4131 saltem
1186 4092 1323 4132 unus
1366 4078 1621 4133 evaderet
1662 4079 1751 4148 qui
1792 4079 1919 4136 belli

337 4174 588 4221 eventum
627 4166 693 4220 ad
730 4165 960 4235 patriam
991 4174 1323 4236 reportaret;
1365 4177 1419 4221 et
1459 4166 1604 4223 facta
1634 4178 1717 4223 est
1744 4169 1796 4223 in
1822 4183 1916 4224 eo-

341 4255 462 4311 dem
490 4256 609 4311 loco
642 4271 671 4311 a
692 4255 918 4312 Francis
950 4266 1096 4312 tanta
1121 4266 1356 4328 strages,
1400 4266 1658 4329 tantaque
1696 4260 1919 4315 Hunno-

340 4362 461 4402 rum
494 4346 771 4419 sanguinis
801 4346 1013 4415 effusio,
1045 4356 1105 4403 ut
1132 4349 1273 4404 idem
1305 4350 1453 4404 locus
1491 4350 1583 4420 qui
1622 4350 1771 4419 prius
1807 4349 1920 4405 Leo

340 4439 657 4504 vocabatur,
682 4454 747 4493 ex
772 4447 899 4494 tunc
925 4446 981 4493 et
1012 4439 1264 4510 deinceps
1295 4440 1470 4511 gentis
1495 4440 1637 4495 illius
1667 4441 1920 4496 idiomate

342 4533 613 4588 diceretur
644 4532 1137 4605 Lyons-en-santez,
1162 4536 1306 4605 quod
1330 4535 1517 4591 Latine
1538 4536 1700 4605 leoin
1729 4547 1921 4609 stagno

341 4628 624 4700 sanguinis
646 4637 825 4698 potest
844 4627 971 4683 dici.

420 4738 439 4771 ι
479 4719 688 4775 Hunnis
714 4726 774 4773 ut
811 4719 1015 4775 dictum
1053 4728 1137 4775 est
1165 4719 1380 4791 penitus
1421 4720 1789 4793 interemptis,
1818 4738 1921 4780 nec

343 4816 421 4870 sic
449 4822 625 4869 tamen
669 4814 951 4885 Dagoberti
994 4814 1136 4883 regis
1179 4816 1258 4868 ira
1303 4816 1602 4882 deferbuit,
1650 4818 1821 4873 donec
1856 4821 1923 4876 de

344 4907 553 4961 civibus
582 4905 732 4961 urbis
758 4906 1223 4971 Ambianensium,
1257 4908 1348 4978 qui
1383 4906 1701 4964 Hunnorum
1732 4918 1922 4965 contra

343 5012 402 5051 se
434 4996 705 5069 tyrannidi
736 5006 1154 5066 consenserant,
1183 5000 1507 5072 condignam
1540 5001 1810 5072 acciperet
1839 5000 1918 5055 ul-

344 5088 576 5145 tionem:
613 5088 754 5157 quod
783 5089 997 5143 eosdem
1026 5090 1174 5146 cives
1210 5106 1316 5145 non
1352 5092 1531 5160 latuit,
1558 5094 1650 5164 qui
1682 5110 1786 5150 non
1820 5095 1923 5152 im-

344 5179 538 5233 merito
567 5178 916 5233 vehementer
940 5182 1243 5237 tremefaeti
1267 5225 1280 5249 ,
1317 5186 1535 5254 propria
1576 5202 1669 5243 eos
1711 5204 1920 5246 remor-

346 5271 506 5326 dente
528 5272 882 5337 conscientia,
914 5287 1019 5341 qua
1049 5287 1106 5328 se
1128 5272 1312 5342 judice
1336 5290 1495 5331 nemo
1519 5293 1722 5336 nocens
1746 5282 1923 5338 absol-

346 5362 526 5428 vitur,
580 5362 982 5418 communicato
1029 5361 1170 5417 inter
1217 5380 1275 5420 se
1321 5367 1583 5436 consilio,
1639 5375 1925 5443 episcopus

346 5458 585 5530 ejusdem
609 5459 864 5527 civitatis,
896 5467 951 5514 et
983 5457 1180 5525 clerus,
1219 5467 1272 5514 et
1298 5461 1545 5531 populus,
1581 5478 1777 5534 corpus
1812 5466 1925 5537 glo-

345 5551 477 5606 riosi
508 5552 799 5626 martyris,
826 5560 881 5607 et
910 5550 1148 5620 episcopi
1191 5550 1431 5621 ejusdem
1486 5554 1633 5608 urbis
1670 5554 1920 5625 Firmini,

348 5643 590 5716 aliasque
621 5644 882 5717 reliquias
916 5659 1038 5700 cum
1070 5643 1342 5700 thesauris
1363 5644 1627 5711 ecclesiae,
1661 5647 1726 5701 ad
1749 5648 1924 5718 quod-

348 5737 473 5797 dam
496 5737 1022 5815 municipium,quod
1042 5736 1491 5812 Pinquigniacum
1515 5738 1732 5809 dicitur,
1752 5749 1927 5801 trans-

2018 3259 2074 3306 et
2113 3251 2399 3317 discretus,
2437 3258 2494 3305 ut
2520 3264 2682 3320 opere
2713 3250 3008 3319 compleret
3063 3251 3207 3321 quod
3231 3259 3391 3306 antea
3420 3260 3602 3306 mente

2024 3351 2377 3413 conceperat,
2427 3341 2548 3411 jure
2600 3341 2821 3397 victoris
2868 3339 3225 3409 utens,cujus
3259 3349 3385 3397 sunt
3418 3341 3600 3396 omnia

2020 3450 2139 3506 qua:
2192 3434 2407 3489 fuerant
2434 3434 2789 3499 devictorum,
2827 3433 3036 3489 accedit
3063 3434 3130 3489 ad
3157 3433 3336 3489 locum
3361 3434 3452 3490 ubi
3477 3448 3605 3503 pre-

2020 3529 2190 3583 tiosas
2217 3535 2529 3583 sanctorum
2555 3526 2811 3597 reliquias
2827 3526 3095 3596 repositas
3118 3525 3286 3582 fuisse
3309 3525 3598 3591 didicerat,

2021 3634 2321 3689 corpusque
2374 3617 2681 3672 venerabile
2727 3616 3058 3672 sanctissimi
3103 3615 3360 3687 martyris
3400 3623 3453 3669 et
3481 3615 3606 3685 epi-

2020 3715 2165 3784 scopi
2216 3712 2466 3779 Firmini,
2518 3727 2639 3767 cum
2669 3710 2815 3766 omni
2864 3708 3170 3765 reverentia
3199 3708 3337 3764 levat
3364 3708 3431 3765 de
3459 3709 3601 3765 late-

2019 3806 2153 3871 bris,
2188 3804 2469 3876 indignum
2485 3798 2740 3873 judicans
2796 3816 2917 3857 ossa
2944 3802 3081 3856 tanti
3109 3802 3370 3873 martyris
3394 3801 3601 3857 diutius

2021 3900 2074 3955 in
2106 3898 2341 3954 tenebris
2366 3896 2644 3952 occultari.
2689 3894 2892 3950 Deinde
2920 3896 3233 3951 convocatis
3260 3896 3601 3967 magnatibus

2018 3990 2352 4046 Francorum
2378 3988 2673 4055 exercitus,
2702 3988 2782 4044 eis
2804 3987 3131 4043 auctoritate
3155 3988 3300 4060 regia
3326 3988 3603 4059 praecepit,

2020 4091 2083 4137 ut
2122 4082 2246 4138 inde
2290 4081 2716 4137 sacratissimum
2752 4095 2949 4152 corpus
2996 4096 3121 4137 cum
3164 4082 3373 4137 honore
3424 4082 3606 4137 debito

2023 4188 2363 4244 summoque,
2406 4173 2475 4227 ad
2500 4172 2750 4227 dilectam
2785 4172 2887 4226 sibi
2918 4182 3027 4242 prie
3077 4171 3290 4227 caeteris
3320 4170 3604 4226 ecclesiam

2023 4263 2405 4330 transferrent,
2450 4263 2567 4334 ipso
2613 4278 2736 4318 cum
2780 4262 2895 4317 suis
2936 4261 3296 4317 familiaribus
3326 4262 3605 4317 humiliter

1974 4336 1983 4407 ί
2022 4355 2408 4425 subsequente.

1952 4482 1999 4538 D

2100 4465 2120 4498 ι
2158 4445 2496 4502 Venerabilis
2518 4454 2698 4501 autem
2741 4452 3041 4501 conventus
3067 4441 3310 4512 ejusdem
3350 4441 3606 4499 Ecclesia:

2026 4539 2250 4595 audiens
2280 4552 2461 4608 regem
2484 4551 2607 4591 cum
2638 4536 2802 4591 nobili
2835 4536 3108 4607 triumpho
3144 4541 3509 4590 revertentem
3537 4533 3605 4589 de

2023 4632 2237 4706 praelio,
2286 4643 2577 4699 secumque
2640 4629 2906 4700 pretiosas
2943 4628 3275 4684 deferentem
3325 4626 3603 4696 reliquias,

2024 4726 2267 4784 occurrit
2314 4724 2362 4778 ei
2415 4722 2762 4789 solemniter,
2808 4722 3093 4791 ipsumque
3144 4738 3268 4779 cum
3296 4722 3513 4794 hymnis
3552 4728 3605 4774 et

2024 4817 2295 4881 laudibus,
2320 4814 2681 4884 sientregiam
2716 4812 3054 4882 majestatem
3113 4812 3390 4880 decuerat,
3432 4812 3486 4867 in
3517 4825 3609 4866 ec-

2026 4907 2247 4961 clesiam
2299 4905 2620 4961 introduxit.
2676 4904 2791 4961 Rex
2842 4918 2972 4960 vero
3019 4904 3371 4959 sacratissimi
3403 4917 3606 4972 corpus

2025 5000 2303 5073 martyris,
2348 5000 2490 5069 quod
2520 5014 2703 5056 secum
2746 4998 3037 5065 detulerat,
3069 4997 3232 5054 veluti
3284 4998 3600 5051 thesaurum

2026 5089 2460 5162 impretiabilem,
2524 5104 2686 5161 super
2728 5090 2900 5145 altare
2951 5096 3258 5144 sanctorum
3306 5085 3597 5156 Martyrum

2026 5183 2259 5255 propriis
2301 5183 2551 5238 manibus
2599 5182 2824 5237 devotus
2876 5179 3104 5245 obtulit;
3133 5178 3276 5248 quod
3306 5187 3591 5237 conventut

2027 5291 2150 5331 cum
2178 5272 2431 5330 ineffabili
2456 5273 2649 5343 gaudio
2671 5271 2987 5341 suscipiens,
3015 5284 3180 5340 super
3203 5268 3373 5324 altare
3395 5267 3615 5327 Sancta;

2028 5366 2331 5434 Trinitatis,
2384 5364 2526 5434 quod
2565 5364 2618 5417 in
2650 5362 2816 5418 choro
2870 5360 3263 5417 monachorum
3295 5360 3460 5415 situm
3497 5368 3608 5431 est,

2027 5462 2332 5518 sublimiter
2358 5469 2412 5515 et
2439 5459 2735 5516 honoriﬁce
2764 5455 3101 5513 collocavit.»

2102 5554 2267 5625 568
2294 5552 2582 5623 ﬂuensque
2628 5548 2784 5607 vetus
2814 5550 2983 5607 codex
3022 5563 3125 5608 ms.
3164 5545 3517 5604 Bibliotheca:
3543 5543 3615 5627 S.j

2031 5644 2267 5702 Victoris
2289 5644 2462 5699 Paris.
2494 5645 2561 5700 Et
2582 5645 2721 5700 hanc
2745 5644 2985 5717 profecto
3008 5642 3414 5699 translationem
3442 5639 3617 5717 Nico-1"

2029 5739 2175 5815 laum
2220 5738 2438 5809 Gillium
2468 5754 2499 5797 a
2526 5739 2774 5821 Francis.
2796 5737 3127 5817 Belforestro
3176 5737 3467 5813 adauctum
3495 5731 3602 5797 mi-
