3982 6346
564 291 700 356 nisi

1544 298 1635 354 AD
1663 295 1815 354 OPP.
1839 293 1995 354 VEN.
2031 290 2354 353 (ΗΠΒΕῆΤί
2379 284 2470 350 DE
2495 287 2889 352 NOVIGENTO

3616 304 3715 367 l032

567 414 715 469 nime
743 411 974 470 latuerat
996 411 1061 468 de
1082 410 1385 484 Dagoberto
1410 410 1433 467 Ι
1459 412 1786 483 agens;qui,
1814 412 2140 466 Ambianen-
2163 413 2212 474 Α
2243 424 2391 464 mum
2421 407 2583 464 rediit
2622 408 2925 480 epiScopus,
2953 416 3243 465 convocato
3277 408 3417 467 clero
3440 417 3626 484 exponit
3641 425 3714 477 eis.

568 506 718 561 sibus
798 505 1062 568 subactis,
1124 514 1386 575 captoque
1448 503 1855 575 Pequiuiacensi
1912 511 2132 567 castro,

572 617 589 648 ‹
627 612 820 665 corpus
853 595 911 652 S.
956 596 1201 661 Firmtnt,
1260 598 1336 653 ait
1379 597 1486 662 ille,
1514 612 1635 652 cum
1682 597 1801 651 aliis
1828 597 2045 669 lipsanis
2074 611 2136 652 ac

567 688 834 743 thesauris
877 684 1292 760 transportavit;
1344 699 1399 745 et
1425 705 1487 744 ea
1517 689 1760 745 ecclesiae
1804 690 1861 745 S.
1897 689 2135 761 Dionysii

561 781 775 846 obtulit,
809 797 929 853 qua:
953 780 1250 839 etiamnum
1279 794 1573 841 cernuntur
1606 783 1822 838 ibidem.
1855 801 1873 834 ι

639 874 769 942 Quae
818 891 940 932 cum
990 878 1065 933 ita
1091 879 1219 944 sint,
1249 894 1315 935 an
1364 895 1470 935 non
1506 879 1638 934 fides
1666 877 1980 948 pluribusin
2003 876 2134 932 locis

561 965 889 1024 estNicolao
933 967 1089 1025 Sues.
1134 971 1446 1042 deneganda
1493 971 1823 1041 (quanquam
1857 970 2035 1023 omnia
2068 969 2125 1021 Β.

560 1053 834 1113 Godefridi
891 1067 1041 1129 gesta
1082 1058 1137 1114 in
1182 1059 1404 1115 dubium
1457 1074 1709 1115 revocare
1753 1058 1901 1113 nefas
1948 1056 2130 1131 fuerit)

559 1147 757 1218 quippe
796 1149 888 1218 qui
936 1164 1005 1205 ex
1051 1150 1168 1207 solo
1198 1151 1340 1222 vulgi
1394 1168 1630 1216 rumore,
1664 1152 1776 1206 sive
1805 1150 2132 1207 ex‘cerebro

559 1242 854 1297 attexuerit
879 1242 1065 1313 plura?
1088 1244 1284 1314 quibus
1322 1245 1671 1300 reclamatum
1700 1243 1868 1299 fuisse
1893 1259 1989 1298 suo
2017 1245 2131 1314 ipse

560 1332 786 1405 prologo
831 1333 897 1388 ad
939 1333 1196 1390 lectorem
1247 1338 1503 1408 conqueri
1546 1338 1756 1394 videtur
1790 1354 1805 1394 :
1836 1358 1853 1390 ι
1889 1338 2040 1405 Quod
2084 1338 2130 1394 si

558 1422 680 1491 quis
703 1424 1044 1496 impudenter
1079 1425 1371 1494 oblatrare,
1404 1442 1457 1485 et
1483 1447 1704 1502 carpere
1731 1446 1828 1486 nos
1850 1432 1998 1500 velit,
2030 1448 2128 1488 cur

560 1529 667 1570 non
713 1526 820 1572 tam
874 1519 989 1575 visa
1037 1536 1197 1592 quam
1246 1523 1429 1577 audita
1462 1523 1783 1590 referamus,
1810 1544 1829 1577 ι
1855 1537 1986 1592 etc.,
2012 1527 2127 1597 cpi-

558 1606 695 1661 stola
726 1617 1140 1682 nuncupatoria,
1163 1628 1286 1669 cum
1316 1631 1434 1686 qua:
1469 1618 1535 1672 de
1561 1616 1619 1672 S.
1650 1617 1939 1673 Godefrido
1965 1620 2127 1674 verba

558 1695 804 1755 facturus
860 1712 1000 1769 erat,
1045 1705 1276 1775 plurima
1311 1721 1375 1760 ex
1408 1717 1561 1777 parte
1590 1709 1796 1764 minimi
1822 1710 1973 1780 pensi
2012 1710 2128 1765 fore

557 1786 853 1854 snboleret,
880 1790 1191 1849 Rohardum
1225 1793 1421 1850 all'atur
1469 1801 1536 1850 ad
1568 1797 1711 1853 hunc
1736 1801 1953 1855 modum
1989 1818 2002 1854 :
2038 1820 2054 1851 ι
2082 1800 2127 1855 Α

560 1877 698 1931 tanti
736 1877 837 1933 viri
862 1880 965 1953 piis
988 1880 1236 1939 laudibus
1259 1886 1622 1954 exprimendis
1646 1888 1774 1943 hinc
1800 1906 1884 1944 me
1907 1905 2129 1945 revoca-

556 1964 652 2019 bat
692 1968 871 2023 aatatis
918 1970 1218 2029 immaturae
1256 1975 1508 2032 debilitas
1534 1983 1614 2048 (ut
1637 1979 1780 2034 enim
1811 1995 1839 2033 a
1871 1981 2129 2039 relatione

557 2057 869 2115 obstetricis
916 2061 1177 2120 insertum
1210 2068 1488 2123 memoriae
1509 2070 1831 2140 retinebam,
1875 2088 1980 2128 non
2008 2089 2126 2128 am-

557 2147 696 2218 plius
724 2165 884 2221 quam
922 2154 1160 2227 quinque
1202 2157 1497 2214 lustrarunt
1528 2162 1785 2218 ambitum
1820 2165 2127 2236 attigerant)

558 2240 684 2296 hinc
704 2257 833 2299 vero
856 2245 1072 2304 humilis
1093 2251 1371 2307 scientiola
1388 2254 1621 2308 maxime
1647 2254 1978 2311 retrahebat.
1995 2255 2128 2312 Nam

557 2340 615 2385 ut
639 2331 705 2387 de
728 2332 949 2406 reliquis
982 2346 1194 2396 taceam
1248 2343 1487 2397 nondum
1518 2344 1939 2416 complexionem
1970 2347 2129 2418 sylla-_

554 2419 763 2491 barum,
830 2427 1066 2484 nondum
1115 2430 1286 2503 ipsius
1333 2432 1605 2504 alphabeti
1655 2436 1920 2494 elementa
1969 2416 2130 2511 plane

552 2522 931 2587 cognoveram,
969 2538 990 2573 ι
1022 2530 1126 2577 etc.

698 2606 969 2681 Parcrgon
996 2613 1060 2667 de
1082 2614 1367 2686 privilegiis
1392 2618 1614 2675 abbatia:
1642 2620 1704 2676 S.
1736 2620 1984 2681 Valerici.

624 2698 803 2770 Atque
830 2712 888 2757 ut
913 2703 1026 2760 sole
1051 2704 1253 2763 clarius
1275 2708 1577 2767 innotescat
1601 2728 1761 2783 quam
1792 2716 2018 2785 turpiter
2040 2715 2124 2772 Ni-

554 2790 743 2848 colaus
766 2797 1052 2865 erraverit,
1077 2808 1372 2871 nostraque
1397 2803 1463 2857 de
1487 2813 1676 2861 sancto
1697 2805 1936 2863 Firmino
1960 2808 2128 2865 solida

555 2881 628 2936 sit
658 2885 889 2941 assertio
934 2885 1061 2944 huic
1093 2887 1213 2946 loco
1257 2893 1604 2961 conveniens,
1640 2911 1759 2966 quae
1788 2896 1833 2953 is
1878 2897 1991 2968 ipse
2020 2907 2127 2954 tam

554 2970 695 3026 belle
717 2972 810 3029 lib.
844 2991 905 3043 ιι,
933 2990 983 3032 c.
1007 2977 1062 3044 9,
1098 2978 1373 3049 describit,
1408 2985 1667 3041 radicitus
1691 2998 1972 3056 excutere;
2005 3005 2125 3045 cum

557 3061 795 3117 maxime
845 3062 1134 3138 plerosque
1172 3070 1351 3140 magni
1399 3073 1631 3130 nominis
1661 3075 1833 3132 hacin
1869 3078 2151 3135 relatione»

555 3148 826 3220 (volentes
860 3155 1064 3227 nescio)
1096 3161 1379 3218 caacutisse
1405 3162 1646 3235 legerim.
1705 3166 1906 3239 Nempe
1954 3171 2006 3225 in
2038 3186 2127 3241 sy-

554 3241 697 3296 nodo
723 3241 978 3301 Remensi
1021 3249 1361 3319 supposititia
1397 3256 1641 3323 quaedam
1674 3257 1972 3330 privilegia,
2011 3276 2129 3330 quae

553 3331 903 3389 confecerant
934 3340 1184 3394 monachi
1230 3341 1289 3395 S.
1332 3341 1560 3399 Valerici
1599 3345 1848 3403 dioecesis
1875 3348 2123 3406 Ambian.

552 3419 723 3479 fuisse
748 3424 1103 3497 deprehensa.
1131 3430 1198 3485 Et
1219 3445 1350 3487 sane
1372 3434 1597 3491 miratus
1619 3452 1736 3492 smn
1765 3440 2128 3507 vehementer,

554 3514 646 3568 ubi
676 3524 794 3571 aeta
829 3516 888 3573 S.
932 3519 1260 3578 Godefridia
1285 3522 1506 3582 Nicolao
1557 3528 1824 3586 delineata
1865 3534 2126 3604 percurri,

556 3610 635 3657 tot
697 3620 923 3663 summa:
983 3613 1304 3669 eruditionis
1352 3617 1519 3686 viros,
1577 3628 1684 3674 tam
1736 3632 1919 3693 aperto
1958 3625 2129 3679 errori

555 3693 959 3768 subscripsisse,
984 3703 1111 3771 quin
1141 3712 1197 3759 et
1216 3704 1537 3774 ejuscemOdi
1571 3709 1801 3767 fabulam
1832 3715 2131 3772 inseruisse

555 3786 831 3842 conciliis.
854 3788 958 3845 Sed
982 3789 1136 3858 juvat
1167 3803 1443 3852 auctorem
1474 3800 1684 3869 audire,
1712 3816 1935 3875 remque
1960 3805 2129 3875 ipsam

555 3874 624 3928 ad
654 3874 834 3931 limam
865 3887 918 3932 et
945 3880 1189 3937 incudem
1219 3898 1492 3942 revocare.

628 3965 1005 4027 Narrationem
1056 3990 1155 4030 suo
1202 3977 1335 4048 (imo
1379 3977 1523 4036 Surii
1581 3980 1944 4059 Carthusiani)
1992 3989 2130 4061 stylo

558 4062 912 4131 prosequitur
948 4064 1043 4121 lib.
1097 4082 1157 4135 ll,
1217 4084 1333 4140 cap.
1362 4073 1436 4129 9:
1475 4094 1493 4126 ‹
1528 4074 1659 4131 Cum
1707 4079 1990 4150 aliquando
2049 4087 2131 4141 vir

558 4150 752 4208 beatus
771 4153 1046 4211 dioecesim
1093 4173 1248 4215 suam
1278 4164 1541 4231 visitaret,
1578 4169 1643 4223 ad
1665 4168 1724 4224 Β.
1761 4168 1983 4230 Valerici
2018 4192 2130 4233 lllO-

555 4248 852 4303 nasterium
891 4251 1055 4306 venit.
1089 4251 1146 4307 ld
1182 4254 1271 4310 ubi
1316 4259 1486 4315 abbas
1515 4260 1834 4320 Lambertus
1860 4276 1912 4322 et
1944 4285 2130 4325 mona-

556 4339 643 4431 chi
697 4354 1075 4415 perceperunt,
1124 4352 1271 4410 illico
1317 4354 1384 4408 ad
1414 4364 1655 4428 ctyptam
1698 4373 2010 4431 properant,
2039 4365 2126 4419 ubi

555 4427 644 4483 ille
676 4433 947 4491 residebat
982 4456 995 4491 :
1031 4455 1224 4513 rogans
1249 4460 1354 4515 qua
1384 4427 1540 4501 causa
1568 4463 1632 4503 co
1658 4427 1988 4509 accesserit?
2024 4455 2145 4509 Re-x

555 4523 777 4589 spondet
808 4525 890 4581 vir
916 4527 1007 4585 Dei
1034 4548 1047 4585 :
1075 4530 1137 4588 Hi
1169 4537 1470 4609 presbyteri
1518 4539 1613 4607 (illi
1643 4541 1784 4595 enim
1812 4543 2126 4599 circumsta-

561 4612 715 4678 ltant)
740 4614 895 4688 longe
924 4621 989 4676 ab
1016 4622 1401 4683 Ambianorum
1438 4630 1656 4687 civitate
1686 4637 1937 4704 separati,
1972 4649 2132 4696 orant

559 4718 665 4768 nne,
698 4716 755 4760 ut
781 4711 978 4767 calices
1011 4724 1065 4770 et
1102 4716 1289 4784 lintea,
1324 4738 1375 4775 tn
1401 4723 1595 4792 quibus
1622 4725 1802 4782 divina
1834 4736 2131 4786 tractantur

557 4799 834 4868 mysteria,
871 4802 1000 4874 ipsis
1051 4824 1383 4867 consecrcm.
1419 4812 1554 4868 Tum
1589 4814 1663 4869 illi
1722 4833 1918 4888 magno
1948 4818 2129 4901 furore

553 4889 764 4956 perciti,
796 4900 852 4945 et
878 4895 966 4949 vix
1001 4906 1190 4955 manus
1227 4902 1540 4959 cohibentes
1574 4922 1586 4958 :
1620 4904 1926 4977 Nunquam,
1958 4890 2128 4979 aiunt,
2166 4920 2167 4923 “

554 4980 693 5036 nllus
752 4984 1145 5047 Ambianorum
1203 4995 1492 5067 episcopus
1553 4999 1641 5054 hic
1705 5004 2131 5060 consecrationis

552 5066 777 5140 alicujus
804 5076 1159 5135 ministerium
1190 5066 1478 5140 exsecutus
1497 5094 1600 5142 est.
1628 5086 1869 5145 Cernens
1893 5092 1975 5146 vir
2003 5091 2130 5148 bea-

550 5168 641 5253 tus
667 5163 957 5253 immodice
982 5170 1102 5227 illos
1126 5185 1448 5244 commotos,
1477 5188 1611 5245 etc.,
1641 5181 1775 5235 abiit
1801 5182 1943 5248 inde,
1981 5205 1997 5237 ι
2021 5197 2128 5243 etc.

552 5250 632 5305 En
662 5250 870 5313 dissidii
912 5274 1130 5317 causam
1163 5280 1177 5319 :
1210 5264 1437 5322 calicum
1469 5284 1533 5324 ac
1568 5270 1852 5327 linteorum
1880 5276 1930 5330 in
1960 5277 2131 5333 eccle-

552 5342 636 5397 sia
681 5346 867 5406 Sancti
906 5352 1140 5410 ‘Valerlel
1199 5361 1554 5424 consecratio,
1592 5378 1699 5418 non
1743 5367 2129 5423 monachorum

554 5439 793 5499 perversi
819 5454 1016 5510 mores,
1066 5447 1147 5500 uti
1178 5462 1463 5519 perperam
1507 5452 1643 5509 Vita:
1674 5456 1846 5510 sancti
1874 5457 2129 5514 Bernardi

554 5519 847 5618 Glarevall.
897 5531 1172 5606 lnterpres
1223 5538 1461 5597 Gallicus
1506 5541 1600 5598 lib.
1629 5560 1682 5613 v,
1711 5561 1827 5618 cap.
1862 5547 1955 5617 25,
1989 5550 2130 5604 alitr-

534 5616 742 5671 'mavit.

625 5706 864 5772 Ulterius
902 5719 1314 5790 progrediamur
1342 5737 1465 5796 cap.
1511 5723 1597 5782 10.
1640 5745 1660 5781 ι
1694 5726 1984 5801 Postquam
2034 5731 2127 5795 do-

2238 504 2532 559 monachos
2586 502 2769 558 Sancti
2832 501 3066 559 Valerici
3124 500 3331 569 jactare
3397 505 3718 567 immunitatem

2236 611 2411 661 suam,
2450 596 2591 666 quod
2641 603 2695 649 et
2725 609 2830 649 non
2860 595 2969 649 sint
3020 594 3244 665 subjecti
3278 596 3516 652 Ecclesia:
3550 598 3719 656 Ambia-

2238 687 2414 753 neusi,
2446 701 2613 757 seque
2641 686 2706 742 ab
2737 686 2817 741 eis
2845 700 2967 741 cum
3004 686 3293 759 ignominia
3324 688 3586 758 repulsum.
3606 689 3651 745 ld
3669 693 3722 747 illi

2236 778 2517 834 audientes
2562 778 2719 833 valde
2764 778 3019 835 commoti
3062 788 3207 845 sunt,
3247 779 3518 850 missisque
3560 779 3720 847 litteris,

2236 878 2524 925 accersunt
2552 870 2829 926 abbatem.
2855 868 3016 926 Venit
3037 869 3125 926 ille
3155 886 3170 924 :
3200 870 3294 926 sed
3322 870 3437 924 auri
3452 882 3585 925 sacra
3604 872 3722 941 {una

2232 958 2360 1028 quid
2390 974 2492 1012 non
2543 959 2787 1015 mortalia
2822 960 2961 1031 cogis
2994 959 3244 1031 pectora?
3292 956 3406 1014 Non
3426 958 3638 1029 paucis!)
3659 961 3725 1017 ab-

2233 1049 2360 1105 bate
2386 1050 2665 1120 largitione
2713 1052 2956 1121 corrupti
2986 1066 3111 1107 eum
3133 1051 3392 1106 adversus
3412 1051 3672 1123 episcopum
3688 1061 3724 1109 et

2233 1152 2464 1199 matrem
2489 1144 2787 1199 Ecelesiam
2812 1145 3079 1201 acerrime
3109 1144 3417 1200 tuebantur.
3430 1142 3483 1198 ld
3496 1144 3725 1201 vir'beatus

2233 1236 2694 1305 auimadvertens,
2734 1237 2803 1292 ad
2831 1237 3300 1309 archiepiscopum
3327 1235 3617 1293 Remensem
3638 1254 3727 1293 cau-

2232 1343 2347 1384 sam
2391 1329 2738 1400 rejiciendam
2788 1330 2991 1386 statuit.
3037 1348 3058 1383 ι
3089 1328 3251 1397 Quasi
3278 1343 3406 1384 vero
3433 1328 3727 1400 abbasajure

2231 1420 2543 1491 episcopali,
2592 1436 2656 1477 ac
2708 1420 2952 1493 synodali
3001 1420 3117 1493 lege
3169 1430 3450 1492 exemptus
3492 1420 3727 1491 (saltemitl

2231 1513 2620 1583 praetendebat)
2649 1514 2784 1568 adeo
2815 1512 2976 1568 facile
2998 1514 3267 1568 mandatis
3290 1512 3535 1583 episcopi,
3560 1511 3726 1567 canon!-

2232 1618 2524 1674 eorumque
2577 1604 3188 1675 obtemperassetrhoc
3241 1604 3387 1660 enim
3441 1602 3567 1659 facto
3609 1618 3726 1659 causa

2230 1696 2550 1763 excidisset;
2583 1712 2647 1751 ac
2677 1707 2962 1768 propterea
2992 1696 3365 1755 commentitia
3394 1695 3579 1752 Nicolai
3609 1695 3726 1751 verba

2156 1762 2202 1822 Β
2231 1786 2351 1856 quis
2380 1802 2485 1841 non
2516 1762 2737 1841 videat?

2298 1875 2490 1946 Capite
2539 1877 2910 1947 subsequenti,
2941 1895 2959 1931 ι
3004 1876 3188 1934 Remis
3234 1875 3615 1934 celeberrimum
3636 1891 3726 1947 pro-

2228 1984 2412 2025 cerum
2439 1968 2646 2036 Galliae,
2692 1980 3017 2027 conventum
3060 1979 3187 2027 tunc
3214 1970 3454 2026 habitum
3498 1970 3727 2025 contendit.

2227 2058 2414 2112 Adfuit
2467 2059 2629 2113 etiam
2694 2059 3016 2116 venerabilis
3083 2060 3470 2117 Ambianorum
3513 2060 3728 2132 episcopus

2230 2147 2572 2206 Godel’ridus.
2614 2151 2877 2208 Procedit
2898 2152 2951 2206 in
2980 2154 3213 2208 medium
3256 2152 3424 2208 abbas
3448 2167 3559 2208 cum
3596 2168 3729 2206 mona-

2232 2243 2350 2299 chis
2379 2245 2514 2312 suis,
2547 2257 2767 2302 accusat
2791 2248 3101 2319 episcopum
3130 2247 3409 2304 Godefrid.
3433 2247 3561 2318 quod
3589 2263 3729 2317 magna

2230 2336 2403 2407 ipsum
2462 2337 2657 2407 injuria
2691 2338 2957 2407 aﬂ‘ecerit,
3009 2340 3216 2412 profert
3246 2340 3451 2396 litteras
3484 2337 3728 2394 commenti.

2231 2429 2367 2498 tias,
2420 2429 2588 2499 nulli,
2635 2440 2994 2502 praeterquam
3042 2431 3291 2487 Romano
3342 2430 3593 2502 pontifici,
3628 2430 3729 2499 ipsos

2228 2534 2350 2576 esse
2394 2521 2685 2593 subjectos.
2742 2522 3018 2591 Leguntur
3054 2520 3251 2578 litterae
3295 2519 3509 2591 iubente
3530 2518 3728 2589 archiepi-

2229 2628 2415 2684 scopo,
2449 2628 2680 2686 moxque
2724 2614 3019 2671 insultatur
3058 2615 3317 2686 episeopo
3345 2614 3411 2670 ab
3438 2612 3533 2670 illis
3554 2612 3627 2683 qui
3649 2627 3730 2665 mu-

2228 2706 2451 2761 neribus
2472 2706 2749 2777 depravati
2773 2716 2950 2773 erant,
2973 2716 3103 2774 etc.,
3123 2706 3212 2762 ille
3233 2704 3577 2779 (Godefridus)
3593 2716 3729 2775 parum

2229 2792 2400 2851 ﬁdens
2447 2796 2661 2865 litteris,
2716 2812 2852 2868 quas
2905 2798 3219 2866 recitarant,
3249 2798 3389 2869 petit
3432 2812 3517 2853 eas
3540 2795 3623 2851 sibi
3648 2795 3730 2849 uari

2229 2885 2604 2957 inspiciendas.
2646 2888 2912 2945 Accurate
2966 2890 3132 2961 igitur
3170 2890 3298 2946 illas
3353 2886 3674 2960 contemplans
3695 2893 3733 2941 et

2227 2989 2379 3036 veste
2413 2995 2509 3035 sua
2556 2980 2746 3037 leviter
2779 2983 3116 3054 abstergens,
3148 2982 3397 3039 fraudem
3434 2977 3730 3053 deprehendit,

2229 3071 2647 3143 exclamansque
2674 3087 2689 3127 :
2721 3071 2838 3129 Huc
2891 3089 3091 3145 quaeso,
3147 3075 3351 3146 inquit,
3390 3073 3558 3131 oculos
3596 3080 3731 3127 omnes

2229 3161 2492 3217 advertite
2529 3179 2543 3216 :
2585 3177 2651 3219 en
2690 3164 3031 3222 membranas
3069 3174 3125 3223 et
3173 3154 3529 3222 atramentum
3566 3163 3733 3232 scripul-

2228 3267 2453 3323 ramque
2505 3254 2665 3325 plane
2712 3256 2972 3322 recentia,
3029 3268 3130 3312 nec
3173 3256 3422 3314 Romano
3469 3269 3598 3310 more
3626 3249 3731 3308 obsi-

2229 3354 2387 3416 gnata
2428 3360 2589 3402 :rem
2636 3361 2776 3415 esse,
2822 3356 2882 3404 ut
2928 3348 3005 3405 ait
3053 3348 3403 3417 Godefridus,
3445 3348 3731 3420 comperit)“.

2229 3446 2334 3491 etc.
2390 3436 2635 3493 Monachi
2684 3439 2979 3508 pudefacti,
3035 3440 3103 3495 ad
3155 3440 3456 3497 Romanum
3493 3437 3733 3512 pontiﬁcem

2228 3538 2545 3600 provocant,
2590 3529 2925 3603 Romamque
2973 3531 3114 3588 illico
3149 3533 3573 3604 proficiscuntur.
3603 3529 3733 3598 oQuls

2229 3619 2379 3676 color
2402 3620 2454 3676 in
2482 3622 2585 3677 hoc
2604 3625 2885 3679 sermone?
2907 3624 3067 3680 Certe
3090 3624 3313 3696 quidem
3336 3624 3547 3697 puerilia
3568 3639 3594 3678 a
3614 3633 3734 3694 puero

2230 3710 2441 3782 depicta
2491 3714 2773 3770 continet:
2807 3724 2864 3770 ut
2903 3725 3055 3787 puta,
3084 3735 3103 3768 ε
3157 3715 3350 3775 Remis
3398 3716 3733 3783 celeberrimum

2228 3818 2511 3875 procerum
2531 3805 2718 3863 Galliae
2745 3819 3069 3865 conventum
3098 3811 3369 3878 habitum,
3400 3830 3418 3864 ι
3435 3809 3573 3880 cujus
3596 3804 3735 3876 ncqui-

2229 3895 2351 3951 dem
2403 3899 2687 3971 vestigium
2739 3902 2999 3975 hactenus
3046 3904 3317 3976 reliquere
3346 3896 3733 3976 scriptores,nul-

2229 3987 2448 4059 hnnque
2478 3991 2530 4045 in
2564 3994 2968 4066 cartophylacio
2996 3995 3254 4052 Remensi
3283 3996 3541 4069 inspicere
3565 4000 3631 4049 est
3650 4004 3726 4044 me

2230 4092 2564 4138 numcntum.

2302 4174 2503 4231 Deinde
2548 4177 2592 4231 si
2623 4177 3005 4237 celeberrimus
3034 4181 3221 4238 Gallia:
3262 4196 3538 4254 procerum
3582 4174 3735 4234 exstitit

2230 4263 2321 4321 ille
2351 4278 2667 4334 conventus,
2699 4287 2796 4326 cur
2851 4288 2947 4328 oro
2993 4282 3065 4340 te,
3100 4273 3393 4332 Guibertus
3435 4267 3734 4329 nostcrelle-

2231 4360 2402 4413 mensi
2434 4362 2713 4431 metmpoli
2738 4364 2995 4432 pendens,
3025 4385 3041 4417 ι
3070 4364 3163 4420 Vir
3195 4367 3491 4439 religiosus,
3515 4372 3734 4431 clament

2159 4475 2204 4527 ι)
2231 4452 2618 4519 auctoritatis,»
2643 4464 2700 4508 ut
2717 4455 2819 4510 fert
2834 4455 3271 4531 Martyrologium
3292 4459 3624 4515 Laudunense
3636 4450 3735 4508 auti-

2233 4543 2421 4612 (ιιιῖυες
2442 4547 2642 4615 quique
2660 4546 2822 4620 569
2839 4550 3128 4620 aliquando
3146 4553 3255 4623 regi
3278 4553 3535 4608 Ludovico
3549 4549 3734 4605 adhere-

2232 4634 2342 4700 bat,
2370 4637 2515 4692 velut
2540 4639 2607 4694 de
2632 4642 2809 4712 seipso
2838 4643 3003 4699 tradit
3029 4645 3105 4700 De
3145 4646 3459 4717 pignoribus
3486 4652 3734 4700 sanctorum

2232 4721 2325 4778 lib.
2366 4740 2406 4791 ι,
2437 4742 2555 4798 cap.
2583 4730 2633 4783 l.
2666 4730 2732 4784 Et
2782 4730 3056 4788 Manasses
3103 4733 3387 4805 episcopus
3416 4731 3732 4789 Suessioneus:

2237 4832 2256 4865 ι
2302 4814 2579 4873 Wibertus
2635 4821 2822 4886 abbas,
2855 4822 2945 4891 qui
2977 4823 3261 4893 sapientia,
3298 4832 3355 4878 et
3382 4820 3650 4879 innocentia
3668 4829 3734 4870 sua

2233 4918 2330 4958 nos
2356 4906 2458 4960 sibi
2492 4908 2646 4964 valde
2694 4911 3181 4983 conglutinavitz,»
3216 4914 3347 4981 Cur,
3402 4916 3618 4985 inquam,
3659 4922 3734 4961 non

2232 4995 2569 5053 sederitcum
2594 4998 2715 5054 aliis
2738 5000 2887 5072 regni
2917 5003 3273 5073 proceribus?
3298 5005 3377 5059 Ad
3401 5004 3520 5074 quid
3541 5002 3635 5072 ipse
3657 5003 3736 5050 ιοιο

2232 5087 2285 5143 in
2325 5098 2580 5145 contextu
2635 5108 2882 5164 operum,
2934 5093 2987 5149 in
3017 5095 3138 5151 Vita
3168 5094 3651 5175 przeserti_m,_quall|
3682 5083 3736 5175 il"

2232 5180 2383 5252 fingit
2431 5183 2693 5254 synodum
2744 5183 3017 5254 Nicolaus,
3050 5203 3156 5243 non
3199 5180 3459 5263 memorat
3478 5176 3674 5265 ille,hqui
3698 5174 3733 5227 in

2231 5273 2631 5342 minutioribus,
2656 5292 2777 5347 quae
2805 5294 2904 5334 suo
2933 5293 3163 5336 evenere
3205 5290 3458 5355 tempore,
3492 5268 3735 5361 ulligﬁll‘io‘

2231 5380 2347 5421 rem
2373 5368 2593 5424 exhibet
2624 5371 2773 5425 sese?
2820 5371 2957 5439 Quin
2984 5373 3172 5439 etiam,
3205 5374 3362 5429 homo
3400 5360 3732 5453 ίῃςςὲεεξηίυωὲ*

2230 5455 2478 5511 abbatem
2511 5458 3051 5529 Sanvallericenscm,
3072 5468 3255 5537 utpote
3287 5456 3626 5537 falsariumjﬁi
3643 5463 3734 5523 Vc.“

2230 5558 2312 5602 est
2356 5549 2557 5606 Nicolai
2596 5555 2855 5626 narratio)
2885 5557 3104 5627 scriptis
3137 5556 3384 5612 insectari
3409 5542 3576 5625 procul
3608 5538 3734 5635 Mi"

2232 5656 2336 5697 non
2384 5643 2793 5702 dissimulasset.
2826 5649 2904 5717 Ad
2951 5634 3218 5707 Kalendas
3264 5634 3733 5729 (ξι-εεςθερριιῖςηιν*

2230 5733 2320 5796 ille
2348 5736 2731 5794 celeberrimus
