3982 6346
233 422 373 484 1055

1380 422 1592 480 DOMNI
1617 421 1675 475 L.
1703 418 2038 497 D‘ACHERY
2076 422 2299 478 NOTAE.

3329 425 3465 481 1054

307 540 569 594 Praeterea
614 540 753 594 haud
785 537 1079 593 verisimile
1114 546 1195 593 est
1233 538 1500 603 abbatem,
1531 537 1618 607 qui
1644 544 1796 606 pote-
1825 541 1868 597 Α
1901 551 2141 599 manum,
2181 546 2267 591 etc
2300 580 2313 604 ,
2347 538 2689 608 regnantem
2719 546 3033 608 perpetuum
3086 537 3310 593 Domino
3355 539 3464 594 Deo

235 630 363 686 stati
401 631 621 685 suberat
660 630 812 697 nulli,
842 637 1198 699 prmterquam
1250 629 1478 683 Romani
1536 627 1799 697 pontillcis

234 725 319 792 (ut
346 723 576 777 antehac
620 724 683 778 de
705 721 1051 777 Ambianensi
1108 722 1358 789 episcopo
1390 720 1547 790 dixi),
1569 720 1797 789 pseudo-

232 820 565 867 conventum
619 811 936 866 Remensem
971 851 985 873 ,
1043 811 1109 862 ad
1163 813 1413 864 tuendum
1457 811 1544 878 jus
1589 823 1741 863 suum
1782 848 1799 871 ,

231 912 290 957 et
342 902 733 972 querimoniam
786 903 849 955 de
879 901 937 955 S.
982 900 1271 955 Godefrido
1318 901 1648 966 habendam,
1704 914 1788 970 pe-

237 992 408 1045 tiisse.

270 1090 275 1094 ‘
303 1081 416 1150 Age
443 1092 592 1144 vero,
622 1079 711 1148 qui
741 1080 853 1134 ﬁeri
881 1088 1079 1149 potest,
1109 1088 1168 1133 ut
1194 1079 1255 1133 Β.
1307 1079 1605 1149 episcopus,
1640 1097 1660 1130 ‹
1697 1080 1798 1134 Ve-

229 1178 315 1224 ste
337 1185 432 1223 sua
471 1168 659 1223 leviter
688 1170 1020 1240 abstergens,
1056 1169 1395 1223 membranas
1423 1177 1476 1223 et
1508 1178 1802 1222 attramen-

234 1269 347 1314 tum
392 1257 827 1329 scripturam’que
878 1260 1033 1328 plane
1082 1263 1361 1326 recentia,
1414 1276 1514 1315 nec
1554 1258 1802 1315 Romano

233 1365 387 1405 more
428 1351 709 1421 obsignata
743 1371 762 1403 ι
795 1353 1223 1406 demonstrarit?
1271 1352 1478 1407 Recens
1524 1353 1719 1422 quippe
1747 1352 1801 1405 in

230 1443 565 1497 membranis
616 1453 840 1497 exarata
899 1460 1006 1499 non
1059 1445 1161 1499 levi
1216 1446 1555 1501 abstersione
1602 1455 1803 1515 queunt

241 1533 433 1597 deleri,
488 1534 595 1587 imo
642 1534 900 1588 inhaerent
926 1536 1190 1600 tenacius,
1218 1535 1484 1590 difﬁcilius
1512 1536 1805 1591 obliteran-

233 1633 346 1678 tur.
372 1623 427 1677 Si
452 1632 632 1677 autem
660 1623 826 1678 infers
868 1626 1121 1681 debuisse
1154 1640 1337 1696 rugas,
1388 1626 1654 1680 tinearum
1698 1624 1805 1679 bla-

230 1720 521 1782 tarumquc
550 1714 715 1778 rixas,
749 1728 858 1783 pra:
888 1730 946 1769 se
990 1714 1132 1769 ferre
1173 1716 1534 1782 membranas,
1589 1715 1807 1785 imperi-

234 1812 347 1856 tum
374 1812 423 1857 te
455 1803 664 1872 profers
690 1821 704 1868 ;
737 1814 952 1859 centum
1000 1806 1264 1874 siquidem
1294 1821 1560 1861 annorum
1588 1816 1802 1861 aetatem

1902 633 2107 688 nostro,
2153 639 2296 679 anno
2322 627 2666 695 pontiﬁcatus
2715 627 2906 681 domni-
2924 626 3115 680 Marini
3146 628 3464 683 universalis

1899 728 2049 784 papm
2071 716 2265 785 primo,
2300 718 2594 773 indictione
2623 721 2817 788 prima.
2845 737 2863 769 ι

1973 804 2421 877 Snbsequcntium
2444 826 2656 879 quoque
2678 809 2986 879 pontiﬁcum
3014 810 3464 880 subscriptionum

1902 897 2159 953 formulas
2208 900 2530 954 referamus.
2572 904 2745 972 Sergii
2799 918 2951 973 papa:
2983 902 3089 957 IV:
3137 923 3155 955 ‹
3192 904 3463 973 Scriptum

1899 1000 1998 1055 per
2031 1002 2222 1042 manus
2279 989 2502 1045 Joannis
2541 992 2809 1045 scriniarii
2862 992 2921 1047 S.
2970 994 3035 1047 R.
3070 995 3130 1049 Ε.
3180 995 3231 1049 in
3282 1010 3467 1048 mense

1900 1076 2080 1142 Junio,
2113 1080 2221 1134 ind.
2250 1098 2300 1135 x.
2333 1081 2523 1135 Datum
2550 1098 2620 1136 xv
2644 1082 2763 1136 Kal.
2791 1082 2915 1138 Julii
2946 1101 3041 1153 per
3069 1103 3309 1153 manum,
3332 1096 3461 1151 etc.,

1904 1184 2064 1235 anno,
2093 1158 2323 1227 Domino.
2361 1173 2615 1242 pmpitio,
2665 1173 3013 1243 pontiﬁcatus
3058 1178 3258 1232 domini
3290 1179 3469 1250 Sergii

1903 1258 1970 1314 IV
2000 1276 2171 1330 papae,
2204 1262 2256 1315 in
2284 1255 2649 1317 sacratissima
2675 1264 2801 1317 sede
2832 1262 3053 1318 B.Petri
3078 1268 3327 1334 apostoli,
3354 1269 3466 1321 ind.

1901 1363 1957 1402 x.
1982 1368 2000 1401 ι
2037 1350 2099 1403 Ει
2126 1363 2243 1420 post
2275 1354 2402 1415 alia,
2432 1354 2559 1407 item
2588 1354 2776 1407 altera.
2801 1374 2819 1405 ς
2841 1354 3112 1423 Scriptum
3139 1371 3235 1426 per
3256 1371 3469 1420 manus,

1904 1448 2009 1493 etc.
2041 1440 2229 1494 Datum
2256 1458 2354 1512 per
2384 1459 2595 1509 manus,
2621 1452 2751 1511 etc.,
2780 1445 3123 1513 pontiﬁcatus
3144 1446 3344 1499 domini
3377 1462 3476 1500 no-

1905 1530 2003 1584 stri
2029 1531 2301 1585 Benedicti
2357 1532 2553 1586 summi
2598 1532 2815 1602 pontiﬁ,
2843 1542 2897 1587 et
2939 1534 3260 1587 universalis
3295 1535 3471 1588 octavi

1904 1635 2074 1691 papae,
2119 1622 2172 1675 in
2198 1623 2476 1677 sacratiss.
2523 1624 2651 1677 sede
2680 1624 2740 1676 Β.
2783 1622 2926 1677 Petri
2958 1633 3129 1692 apost.
3158 1640 3232 1688 ιν,
3264 1624 3470 1694 imperii

1906 1711 2103 1766 domini
2137 1711 2354 1766 l’lcnrici
2389 1712 2516 1781 imp.
2569 1712 2707 1782 Aug.
2766 1727 2907 1766 anno
2938 1713 3116 1777 tertio,
3150 1730 3169 1764 ι
3206 1722 3308 1767 etc.
3364 1713 3473 1766 Has

1905 1803 2114 1859 videbis
2141 1804 2565 1872 subscriptiones
2606 1812 2737 1859 tom.
2790 1804 2830 1857 ll
2881 1804 3078 1857 Annal.
3130 1804 3371 1871 Baronii,
3405 1806 3470 1859 ad

228 1907 403 1961 prope
446 1908 553 1946 non
597 1894 970 1959 excedebant;
1004 1893 1293 1948 Benedicto
1321 1894 1527 1949 scilicet
1554 1908 1688 1964 papa
1714 1894 1803 1948 Vll
1838 1874 1878 1927 Β
1905 1912 2030 1952 ann.
2059 1896 2213 1959 1012,
2243 1905 2297 1951 et
2342 1894 2560 1950 Bullarii
2588 1905 2722 1951 tom.
2762 1896 2802 1962 l,
2852 1912 2973 1967 pag.
3024 1896 3092 1951 50
3132 1898 3182 1951 in
3214 1898 3474 1967 Gregorio

233 1984 315 2053 (ut
343 1984 555 2053 quidem
588 1985 841 2055 conjicio,
883 2000 1004 2039 cum
1059 2000 1214 2055 papae
1260 1998 1458 2041 nomen
1509 1987 1805 2041 monachus

228 2073 638 2131 Suessionensis
667 2078 895 2130 tacuerit
916 2092 980 2131 ex
1011 2075 1322 2147 industria,)
1348 2077 1572 2131 sedente
1597 2076 1803 2154 Roma),

230 2180 343 2234 quo
373 2175 613 2235 tempore
674 2166 1038 2220 instauratum
1088 2175 1297 2220 constat
1339 2165 1524 2219 Sancti
1573 2156 1802 2220 Valeri-ei

226 2257 623 2311 monasterium
651 2257 720 2312 ab
743 2257 965 2326 Hugone
991 2258 1283 2326 duee,post
1306 2272 1431 2328 rege
1451 2258 1802 2324 Francorum,

228 2355 398 2415 atque
437 2346 554 2415 ipso
601 2357 823 2415 petente
876 2348 1081 2402 indulta
1130 2349 1429 2419 privilegia.
1484 2348 1555 2404 At
1594 2366 1713 2420 quae
1752 2351 1807 2405 id

232 2434 412 2489 aetatis
440 2434 639 2491 habent
681 2438 1008 2492 membrana:
1058 2441 1421 2508 (potissimum
1450 2442 1593 2510 quod
1628 2440 1807 2509 ejnsce

234 2525 496 2580 momenti
548 2525 798 2595 religiose
850 2539 904 2581 et
962 2528 1193 2583 sollicite
1252 2532 1522 2585 asservari
1574 2532 1805 2603 soleant)

233 2614 383 2669 vices
421 2629 485 2669 ac
541 2616 861 2670 detrimenta
910 2625 1211 2687 temporum
1261 2620 1489 2675 sentisse
1537 2631 1808 2691 nequeunt

232 2703 478 2770 agnosci,
529 2706 979 2773 quemadmodum
1030 2706 1082 2760 in
1132 2707 1247 2762 dies
1310 2710 1681 2779 experimento
1728 2712 1807 2766 di-

234 2807 453 2849 scrmus.

309 2888 433 2954 Sed,
482 2890 711 2960 inquies,
764 2895 1150 2949 monachorum
1202 2895 1590 2959 immunitates,
1620 2916 1639 2948 ι
1696 2897 1807 2953 Nec

240 2976 483 3032 Romano
514 2993 663 3033 more
695 2981 1026 3051 obsignatas,
1080 2985 1382 3053 meritoque
1440 2988 1760 3054 rejiciendas
1781 3006 1801 3040 ι

234 3068 734 3126 animadverterunt
778 3073 1038 3143 episcopi.
1084 3075 1174 3144 (Et
1220 3077 1308 3131 hic
1368 3080 1531 3132 cardo
1561 3119 1574 3141 ,
1616 3078 1703 3132 vel
1750 3080 1804 3134 in

1905 1986 2015 2041 VII.
2051 1988 2300 2040 «Datum
2343 1986 2620 2052 Laurenti,
2671 2003 2730 2041 ιιι
2773 1987 2908 2041 Νοη.
2958 1989 3257 2058 Septemb.,
3289 1988 3472 2043 indict.

1907 2078 2198 2147 incipiente
2234 2092 2327 2132 xv.
2352 2097 2370 2129 ι
2399 2078 2529 2133 ltem
2553 2094 2677 2149 pag.
2703 2078 2794 2143 52,
2847 2094 2912 2133 ex
2954 2080 3234 2148 privilegio
3278 2078 3474 2133 Vallis~

1898 2150 2186 2223 'uinbrosat'
2226 2168 2634 2238 congregationi
2692 2156 2942 2224 indulto':
2999 2188 3017 2220 ‹
3050 2168 3241 2223 Datum
3291 2169 3475 2224 Romae

1907 2276 2006 2330 per
2041 2275 2233 2316 manus
2278 2260 2502 2316 Joannis
2531 2262 2588 2317 S.
2615 2262 2682 2317 R.
2718 2262 2782 2316 Ε.
2812 2263 2957 2318 diae.
3003 2264 3287 2332 cardinal.,
3332 2279 3476 2318 anno

1908 2352 2198 2408 Dominica:
2252 2353 2522 2408 lncarnat.
2577 2353 2754 2419 1090,
2813 2354 3002 2409 indict.
3058 2370 3197 2421 inn,
3244 2369 3340 2410 V‘llt
3397 2355 3473 2409 ld.

1906 2441 2076 2511 April.
2109 2462 2127 2495 ι
2158 2442 2221 2498 Ει
2263 2458 2388 2513 pag.
2420 2443 2489 2497 55
2520 2462 2533 2497 :
2573 2461 2590 2493 ι
2620 2442 2732 2514 Ego
2752 2443 3034 2498 Paschalis
3056 2444 3255 2499 cathol.
3285 2445 3474 2501 Eccle-

1908 2532 2002 2586 sia:
2022 2533 2324 2602 episcopus.
2350 2553 2368 2585 ι
3280 2587 3289 2595 _

1989 2640 2009 2672 ‹
2045 2624 2157 2693 Ego
2184 2623 2505 2679 Lambertus
2533 2622 2801 2679 Ostiensis
2840 2623 3124 2693 episcopus
3178 2623 3393 2679 interfui
3424 2632 3478 2679 et

1908 2712 2220 2782 subscripsi,
2245 2732 2262 2765 ι
2288 2724 2393 2769 etc.

1980 2820 2002 2853 ι
2037 2801 2229 2856 Datum
2260 2803 2511 2858 Laterani
2546 2819 2642 2874 per
2667 2819 2858 2861 manus
2884 2802 3038 2859 Joan.
3067 2803 3124 2860 S.
3160 2804 3225 2857 R.
3251 2804 3313 2858 E.
3338 2804 3475 2859 diae.

1908 2896 2059 2950 card.
2086 2912 2149 2951 ac
2179 2896 2597 2960 bibliothecarii,
2628 2912 2679 2951 v1
2712 2897 2834 2951 Kal.
2886 2896 3034 2961 Jan.,
3074 2916 3092 2949 ι
3128 2906 3233 2951 etc.
3258 2895 3479 2950 Comvus

1910 2992 2090 3037 autem
2128 2992 2247 3038 erat
2271 2983 2542 3038 Paschalis
2573 2983 2632 3038 S.
2656 2983 2948 3039 Godefrido
2979 3001 2994 3050 ;
3051 2995 3105 3037 et
3126 2984 3241 3037 haec
3263 2984 3480 3051 quidem

1910 3073 2328 3144 subscriptionis
2382 3073 2614 3128 formula
2660 3072 2825 3142 longe
2865 3075 3137 3141 discrepat
3168 3088 3199 3127 a
3237 3072 3481 3144 superio-

236 3167 419 3212 mente
464 3158 690 3225 Nicolai,
741 3162 907 3216 totius
953 3162 1323 3234 dilﬁcultatis.)
1374 3165 1511 3231 Quid
1554 3168 1667 3221 ita?
1720 3167 1809 3221 Ri-
1836 3202 1881 3262 Ο
1908 3162 2080 3217 ribus.

238 3249 425 3313 desne,
466 3265 533 3304 an
564 3254 706 3306 serio
742 3253 981 3322 loqueris
1010 3257 1031 3308 ’ἔ
1058 3257 1212 3311 Prius
1242 3259 1427 3326 utique
1469 3271 1806 3316 constantem

242 3340 532 3397 traditione
587 3345 896 3399 continuata
933 3362 1139 3401 morem
1172 3348 1425 3405 Ecclesia
1453 3351 1727 3419 Romanae,
1760 3354 1809 3407 in

234 3430 587 3500 obsignandis
609 3435 1056 3505 subsignandisve
1102 3439 1301 3495 litteris
1332 3442 1668 3509 probandum
1696 3444 1814 3498 fue-

239 3528 322 3573 rat
346 3523 619 3578 exstitisse
648 3542 662 3590 ;
710 3536 794 3581 ast
824 3528 1004 3596 potius
1036 3531 1200 3584 maris
1241 3546 1410 3601 aquas
1439 3535 1623 3589 ebibes
1650 3550 1811 3603 quam

237 3610 381 3666 istud
427 3614 781 3671 demonstres.
832 3617 1030 3672 Contra
1080 3622 1280 3688 passim
1330 3632 1569 3679 mutasse
1613 3625 1811 3695 stylum

236 3715 478 3756 summos
504 3704 781 3771 pontiﬁces
833 3706 1034 3760 affatim
1079 3718 1367 3779 suppetunt
1416 3714 1686 3784 exempla,
1745 3730 1809 3769 ex

239 3789 542 3845 innumeris
600 3797 985 3863 propemodum
1036 3812 1227 3864 pauca,
1277 3800 1468 3864 lector,
1502 3817 1570 3856 ne
1611 3812 1811 3857 stoma-

238 3881 401 3933 chum
434 3896 766 3948 moveamus,
808 3885 1114 3956 seligamus.
1160 3889 1366 3943 Concil.
1399 3891 1517 3945 Gal.
1573 3900 1701 3947 tom.
1747 3894 1809 3959 ll,

241 3985 370 4064 pag.
393 3971 480 4037 '75,
516 3974 802 4043 privilegio
823 3976 1102 4043 Remensi,
1134 3980 1278 4047 quod
1303 3981 1517 4064 Tilpiuo
1540 3982 1814 4053 inscripsit

237 4060 513 4116 Adrianus
546 4079 705 4134 papa,
760 4067 839 4119 sic
870 4069 1028 4120 linem
1059 4069 1311 4135 imposuit
1344 4088 1356 4122 :
1395 4090 1411 4120 ι
1443 4060 1589 4125 Bene
1616 4072 1750 4126 vale.
1789 4093 1806 4124 ι

240 4150 582 4222 Subscriptio
613 4157 879 4226 privilegii
914 4157 971 4210 S.
1012 4157 1273 4229 Dionysii,
1302 4161 1497 4215 ibidem
1526 4178 1646 4231 pag.
1680 4163 1809 4216 1142

242 4261 262 4293 ι
300 4242 570 4314 Scriptum
602 4262 698 4316 per
740 4264 957 4303 manum
985 4250 1355 4320 ChristOphori
1380 4253 1574 4305 notarii
1602 4262 1656 4306 et
1681 4253 1815 4314 scri-

237 4333 396 4387 niarii
421 4337 563 4391 sedis
590 4349 803 4402 nostrae,
838 4339 887 4391 in
919 4354 1106 4393 mense
1136 4339 1316 4404 Junio,
1347 4341 1531 4395 indict.
1565 4357 1639 4395 lx.
1668 4341 1815 4396 Bene

237 4422 436 4477 valete.
466 4423 585 4477 Dat.
630 4425 748 4478 Kal.
807 4426 965 4480 Juliis
1008 4444 1102 4495 per
1135 4444 1351 4481 manum
1395 4428 1665 4483 Anastasii
1702 4431 1811 4500 pri-

1985 3253 2062 3305 Ex
2095 3252 2179 3306 bis
2228 3252 2411 3321 itaque
2440 3253 2692 3307 omnibus
2749 3253 2917 3321 liquet
2953 3254 3227 3308 Romanos
3262 3253 3481 3324 pontiﬁ-

1911 3356 2006 3397 ces
2031 3344 2271 3398 variasse
2296 3358 2423 3398 suas
2460 3343 2777 3411 obsignandi
2812 3344 3072 3397 formulas
3102 3361 3117 3409 ;
3156 3352 3318 3413 atque
3348 3343 3483 3397 adeo

1914 3432 2192 3487 Nicolaum
2216 3434 2410 3487 stolide
2434 3434 2742 3503 scripsisse,
2779 3433 2986 3489 idcirco
3025 3434 3217 3505 synodi
3248 3434 3483 3488 Remen-

1914 3524 1989 3578 sis
2012 3523 2200 3577 Patres
2221 3523 2555 3594 privilegium
2577 3524 3121 3580 Sanvallericensium
3143 3523 3482 3588 amandasse,

1914 3616 2056 3683 quod
2114 3631 2206 3667 nec
2234 3612 2474 3667 Romano
2504 3630 2646 3668 more
2676 3614 2839 3670 fuerit
2875 3615 3234 3684 obsignatum.
3262 3614 3487 3684 Insuper

1914 3706 2005 3761 illo
2059 3706 2232 3760 sancti
2286 3692 2575 3760 Godel‘ridi'
2618 3714 2782 3775 atque
2838 3707 3203 3761 anterioribus
3250 3704 3483 3767 saeculis,

1914 3795 2077 3866 570
2102 3795 2390 3866 pontiﬁces
2437 3796 2655 3861 summi,
2706 3809 2806 3849 nec
2856 3811 2959 3850 non
3006 3810 3160 3865 reges
3191 3810 3255 3849 ac
3284 3792 3485 3865 princi-

1912 3901 2030 3954 pes,
2080 3885 2374 3954 diplomata
2428 3884 2781 3954 epistolarum
2838 3885 3012 3939 instar
3068 3884 3231 3954 (unde
3274 3885 3483 3949 (inerte,

1914 3977 2223 4044 rescriptum
2281 3974 2696 4045 nuncupantur)
2756 3975 3074 4044 saepiuseule
3118 3976 3489 4030 transmittere

1915 4066 2177 4121 solebant.
2208 4065 2393 4135 Neque
2431 4066 2505 4119 ita
2562 4074 2672 4119 tum
2726 4063 2979 4134 frequens
3006 4081 3137 4120 usus
3177 4064 3297 4128 fuit,
3344 4065 3487 4119 velut

1913 4155 2259 4223 sequiorilius
2281 4153 2342 4206 Β.
2379 4153 2657 4208 Godefridi
2707 4154 2942 4208 maxime
2983 4154 3334 4221 temporibus,
3370 4151 3483 4206 bul-

1914 4244 2012 4305 las,
2034 4244 2150 4297 sive
2177 4244 2358 4297 iconcs
2381 4243 2659 4311 plumbeas
2688 4242 2997 4312 apostolicis
3025 4240 3217 4293 litteris
3237 4237 3482 4307 alligare;

1915 4336 2055 4403 quod
2079 4350 2142 4388 ex
2171 4349 2333 4404 supra
2358 4334 2549 4403 positis
2579 4332 2841 4401 exempiis
2864 4332 3207 4400 perspicuum
3234 4329 3484 4382 habetur.

1918 4423 2128 4475 Diutule
2155 4423 2454 4477 notioribus
2494 4421 2788 4485 immorati,
2840 4420 2910 4473 ad
2958 4426 3153 4472 cmtera
3197 4415 3487 4471 refellenda

238 4512 469 4577 micerii,
499 4526 757 4584 regnante
794 4518 1017 4571 Domino
1050 4527 1237 4572 nostro
1272 4527 1326 4572 et
1375 4519 1653 4575 Salvatore
1686 4520 1814 4576 Jesu
1847 4527 1890 4584 Β
1916 4528 2323 4583 prosequamur-

237 4601 459 4657 Christo
498 4619 618 4658 cum
652 4606 760 4661 Deo
790 4607 948 4661 Patre
974 4609 1343 4677 omnipotente
1366 4618 1419 4662 et
1446 4610 1649 4678 Spiritu
1681 4627 1805 4666 san-

237 4702 331 4746 cto
365 4708 459 4762 per
485 4695 693 4750 inﬁnita
739 4698 959 4762 sarcula,
992 4715 1155 4766 anno,
1206 4700 1315 4753 Deo
1347 4702 1597 4771 prcpitio,
1640 4703 1816 4771 ponti-
1844 4690 1847 4691 ν

238 4781 430 4839 ﬁcatus
504 4788 705 4841 domini
761 4792 929 4844 nostri
982 4792 1034 4845 in
1100 4792 1390 4861 apostolica
1451 4796 1815 4850 sacratissima

237 4872 390 4930 Beati
429 4876 576 4932 Petri
624 4880 749 4934 sede
784 4897 875 4947 xv,
904 4882 1093 4936 indict.
1126 4900 1199 4945 ιιι,
1238 4903 1255 4935 ι
1296 4894 1424 4938 ιοιη.
1459 4884 1543 4939 lll.
1576 4886 1815 4942 indidem

238 4979 364 5035 pag.
395 4967 531 5022 2l7:
570 4989 590 5022 ‹
624 4969 902 5040 Scriptum
938 4988 1035 5042 per
1079 4990 1268 5029 manus
1293 4975 1566 5031 Zachariae
1609 4979 1807 5033 notarii

240 5055 555 5124 regionarii,
605 5069 659 5114 et
702 5062 952 5116 scrinarii
1001 5062 1059 5117 S.
1092 5063 1156 5116 [ἰ.
1209 5064 1271 5117 Ε.
1308 5065 1359 5117 in
1392 5081 1576 5121 mense
1624 5069 1812 5138 Aprili,

242 5147 433 5202 indict.
462 5164 539 5204 χι.
571 5152 712 5206 Bene
756 5154 897 5208 vale.
936 5155 1053 5208 Dat.
1088 5170 1141 5208 tv
1172 5155 1289 5208 Kal.
1317 5156 1463 5220 Maii,
1506 5173 1599 5226 per
1626 5174 1815 5214 manus

243 5235 457 5303 Tvberii
490 5242 783 5310 primicerii
827 5255 1028 5298 sancta:
1078 5243 1222 5298 sedis
1270 5246 1595 5314 apostolicm,
1649 5248 1816 5317 impe-

244 5337 401 5382 rante
455 5330 699 5399 piissimo
744 5334 961 5387 domino
1002 5334 1128 5403 imp.
1172 5334 1411 5402 Augusto
1464 5334 1754 5401 Ludovico,
1783 5353 1813 5391 a

241 5414 357 5471 Deo
407 5431 687 5487 coronato,
733 5437 948 5490 magno,
1006 5424 1253 5493 pacifico,
1304 5424 1510 5491 imperii
1561 5440 1647 5478 an.
1699 5442 1812 5491 xw,

245 5504 438 5562 indict.
468 5526 547 5563 χι.
596 5510 723 5581 Pag.
750 5513 875 5566 481.
904 5512 1036 5566 Data
1086 5526 1145 5566 ιιι
1179 5512 1298 5565 Kal.
1344 5513 1693 5581 Septembris,
1728 5516 1811 5568 in-

245 5599 376 5653 dict.
406 5617 483 5667 xu,
539 5602 745 5658 Trecis.
782 5604 912 5675 Pag.
942 5604 1067 5660 485.
1099 5604 1370 5674 Scriptum
1418 5620 1515 5673 per
1568 5621 1758 5660 manus
1791 5625 1808 5657 ι

243 5699 384 5755 etc.,
440 5702 498 5746 ut
551 5694 605 5747 in
641 5696 1033 5762 superioribus,
1089 5697 1182 5750 sed
1232 5696 1573 5764 imperatoris
1614 5699 1814 5751 mentio

246 5795 353 5835 non
404 5782 653 5838 habetur.
706 5785 834 5853 Pag.
890 5786 1123 5854 denique
1172 5788 1307 5841 521:
1343 5805 1359 5836 ‹
1401 5787 1673 5856 Scriptum
1716 5803 1814 5857 per

600 5877 874 5956 Parum...
919 5899 1128 5957 CLVI.

1988 4605 2173 4674 Pergit
2202 4602 2453 4657 Nicolaus
2475 4617 2594 4671 cap.
2620 4602 2687 4657 M
2713 4618 2726 4656 :
2755 4621 2775 4653 ‹
2818 4600 3061 4656 Monachi
3102 4614 3230 4654 vero
3261 4597 3486 4653 Romam

1916 4696 2163 4761 veniunt,
2198 4709 2424 4748 munera
2470 4694 2797 4766 largiuntur,
2826 4693 3051 4747 redeunt
3078 4692 3143 4747 ad
3173 4706 3269 4747 sua
3298 4690 3404 4745 Παξιί
3431 4700 3486 4746 et

1918 4790 2151 4853 alacres,
2202 4789 2451 4844 omnibus
2495 4805 2593 4858 pro
2639 4798 2762 4842 voto
2810 4788 3113 4856 impetratis
3163 4802 3194 4840 a
3244 4786 3489 4840 Romano

1919 4880 2226 4952 pontiﬁce,»
2270 4889 2374 4934 etc.
2408 4880 2689 4935 Ridicula!
2750 4879 2951 4943 Semel,
2996 4879 3192 4933 iterum
3230 4886 3285 4932 et
3322 4875 3488 4930 tertio

1921 4974 2103 5027 Sancti
2154 4972 2380 5027 Valerici
2411 4972 2660 5025 abbatem
2714 4970 2990 5025 insimulat
3039 4970 3126 5023 hic
3154 4976 3366 5033 auctor,
3399 4980 3488 5019 ca-

1920 5063 2144 5116 nonicos
2168 5060 2580 5121 Ambianenses,
2624 5059 2907 5115 Bernensis
2952 5067 3229 5111 conventus
3258 5054 3489 5109 celeber-

1918 5155 2037 5207 rimi
2068 5153 2347 5221 prmsules,
2378 5161 2540 5222 atque
2570 5152 2863 5221 ipsummct
2886 5149 3181 5203 maximum
3230 5146 3487 5200 Ecclesiae

1916 5244 2290 5307 hierarcham,
2316 5243 2582 5312 pecuniis,
2616 5241 2927 5296 muneribus
2971 5238 3279 5306 corrupisse
3309 5250 3374 5291 ac
3394 5237 3490 5291 de-

1916 5336 2125 5399 linisse,
2175 5351 2282 5404 quo
2314 5336 2600 5389 veritatem
2644 5334 2912 5401 susdeque
2958 5330 3242 5393 haberent,
3273 5338 3328 5383 et
3366 5343 3485 5383 mo-

1916 5426 2070 5480 lestia
2121 5435 2363 5479 sanctum
2400 5426 2574 5477 virum
2614 5407 2902 5485 adicerent,
2955 5420 3231 5488 privarent
3271 5419 3393 5489 jure
3419 5432 3485 5471 ac

1917 5516 2143 5586 proinde
2173 5516 2407 5585 corrupti
2432 5528 2620 5568 omnes
2642 5524 2694 5567 ct
2712 5510 3102 5565 abominabiles
3120 5509 3315 5563 fuerint
3335 5509 3484 5567 facti.

1916 5616 1978 5660 ut
2002 5622 2123 5662 cum
2167 5607 2453 5660 Psalmista
2505 5605 2715 5674 loquar.
2742 5602 2907 5670 Quasi
2955 5601 3343 5656 ccenobiarclia
3392 5599 3487 5652 ille

1920 5697 2199 5751 immensis
2251 5696 2420 5751 Crcesi
2452 5697 2642 5765 opibus
2670 5693 2985 5759 alﬁuxisset,
3014 5702 3072 5745 ut
3104 5691 3295 5761 quavis
3324 5704 3489 5743 occa-

1918 5788 2069 5841 sione
2091 5788 2167 5840 sic
2196 5787 2450 5855 pecunias
2479 5785 2792 5841 cﬁ'underet.

3138 5891 3214 5948 33
