3982 6346
622 407 758 461 1055

1561 399 1648 454 AD
1672 397 1820 452 OPP.
1853 397 2007 454 VEN.
2033 396 2353 453 GUlBEllTI
2379 396 2465 450 DE
2505 393 2895 452 NOVIGENTO

3658 406 3753 461 11156

691 517 888 570 Deinde
915 512 1226 567 inanimum
1274 509 1576 578 facilequis
1615 509 1902 571 induxerit,
1931 508 2175 563 abbatem
2203 511 2252 569 A
2281 515 2407 561 sunt
2435 505 2798 560 immunitates
2825 505 3232 571 monachorum,
3271 508 3515 579 ingestam
3536 519 3755 583 perspicio.

616 617 671 661 et
693 608 1002 669 monachos,
1040 605 1232 673 insigni
1293 604 1483 657 techna
1515 616 1701 656 eorum
1731 591 1894 670 (quod
1936 599 2050 654 vult
2082 598 2176 652 Ni-

617 695 820 765 enlaus)
857 695 1036 762 Remis
1097 692 1394 762 propalata,
1451 692 1584 745 adeo
1623 689 1852 745 frontem
1892 699 1944 743 et
1971 704 2032 758 os
2057 703 2179 758 per-

617 786 885 849 fricuisse,
937 793 994 838 ut
1055 783 1322 852 extemplo
1356 782 1580 836 Romam
1650 779 1831 843 ierint,
1862 794 1890 832 a
1938 777 2179 831 Romano

615 877 870 946 pontiﬁce
919 876 1176 944 quidquid
1215 873 1650 945 expostulassent
1697 869 2026 925 obtinuerint
2086 882 2180 922 ne-

619 967 763 1036 gotio
793 965 1091 1034 perfacili?
1130 978 1231 1018 nec
1277 963 1418 1017 ullus
1465 977 1528 1016 ex
1579 959 1905 1013 celeberrimo
1929 965 2178 1010 conventu

618 1054 888 1120 perversis
924 1053 1230 1107 hominibus
1257 1059 1592 1113 occurreret,
1625 1063 1796 1117 neque
1821 1046 1951 1100 tanti
1977 1046 2182 1099 facino-

619 1145 695 1199 ris
748 1144 1160 1214 pratmonuisset
1226 1157 1492 1196 summum
1563 1148 1834 1210 pastorem
1879 1155 1892 1202 ;
1944 1137 2070 1206 quin
2129 1141 2180 1189 et

618 1244 855 1290 actutum
886 1236 1017 1303 ipse,
1045 1237 1222 1304 ignota
1252 1247 1472 1303 prorsus
1489 1247 1669 1295 causa,
1699 1243 1975 1286 assensum
1993 1241 2180 1281 mona-

621 1327 738 1380 chis
762 1325 1077 1394 przebuerit,
1105 1333 1160 1378 et
1187 1325 1252 1377 ab
1280 1324 1584 1378 obedientia
1634 1337 1727 1377 eos
1769 1319 2034 1375 exemerit
2065 1317 2178 1388 cpi—

621 1417 840 1484 sc0pali.
865 1417 1044 1485 Apage
1073 1416 1184 1469 haec
1199 1415 1578 1469 deliramenta!

694 1504 880 1572 Capite
903 1517 1028 1556 vero
1063 1504 1151 1567 15,
1186 1504 1272 1568 16,
1301 1503 1370 1557 20
1393 1513 1445 1558 et
1472 1503 1560 1568 9.1,
1587 1502 1809 1557 Romam
1843 1517 1902 1556 ea
1933 1502 1997 1556 de
2019 1515 2178 1555 causa

619 1595 839 1663 petiisse
894 1603 1140 1649 sanctum
1195 1593 1590 1658 Godefridum,
1655 1603 1879 1664 atquea
1930 1593 2180 1662 pontiﬁce

619 1688 856 1742 maximo
887 1689 1153 1758 repulsam
1187 1705 1401 1757 passum
1426 1690 1754 1759 biographus
1791 1698 2008 1743 enarrat
2039 1705 2052 1753 ;
2088 1688 2181 1742 sed

615 1783 800 1846 Dario,
821 1798 926 1852 quo
950 1791 1172 1837 venerat
1193 1784 1300 1836 voti
1334 1783 1572 1838 solvendi
1601 1799 1780 1842 causa,
1810 1781 1898 1835 tibi
1950 1782 2177 1834 Romam

2277 599 2429 667 juvat
2458 596 2677 650 omnino
2702 594 2966 664 privilegii
3000 595 3442 667 subscriptionem
3487 615 3578 669 qua
3602 605 3653 655 de
3674 609 3756 675 agi-

2286 695 2392 746 tur,
2441 697 2896 751 -quaeqne.ansam
2930 681 3152 738 Nicolao
3191 687 3416 754 praebuit
3469 687 3757 745 fabricarcta-

2281 773 2494 839 bellam,
2521 769 2775 839 adjicere.
2832 771 2909 826 De
2959 771 3176 827 bullatis
3225 773 3493 828 Paschalis
3519 776 3565 829 «ll
3600 779 3756 848 litteris,

2283 865 2478 933 (ιιιίρνθ
2541 863 2630 918 vel
2657 876 2924 918 consensu
2972 857 3400 918 adversariorum
3445 867 3550 920 sine
3591 868 3712 923 dubio
3739 888 3758 923 δ

2284 951 2525 1005 Romana
2554 951 2680 1005 sede
2715 959 2842 1004 sunt
2871 950 3084 1005 emissae
3106 950 3180 1003 nil
3219 953 3567 1005 attexendum.
3594 955 3760 1010 Alexan-

2282 1041 2363 1096 dri
2405 1057 2532 1096 vero
2578 1042 2644 1096 111
2693 1042 2978 1110 integram,
3013 1049 3196 1110 utpote
3242 1057 3360 1111 qua:
3409 1043 3670 1099 universam
3707 1053 3789 1116 (ut.

2281 1142 2435 1185 antea
2463 1130 2789 1201 monuimus)
2817 1131 3022 1185 dirimit
3043 1131 3214 1194 litem,
3239 1131 3587 1187 describemus
3609 1121 3786 1190 scnlra-l

2282 1219 2431 1273 tiam.
2482 1219 2692 1274 Habent
2719 1219 2880 1288 igitur
2912 1220 3117 1275 hancce
3165 1219 3435 1274 Benedicti
3461 1237 3593 1291 papa:
3631 1225 3762 1280 littera

2281 1310 2759 1380 subscriptionem.

2357 1420 2375 1452 ί
2400 1400 2670 1470 Scriptum
2695 1415 2792 1469 per
2817 1414 3034 1454 manum
3056 1397 3297 1470 liugonis
3321 1399 3506 1452 notarii
3534 1402 3762 1471 regionarii,

2282 1503 2336 1549 et
2383 1491 2656 1548 scriniarii
2693 1490 2749 1545 S.
2786 1489 2851 1545 Β.
2886 1489 2946 1545 Ε.
2973 1489 3028 1543 in
3088 1504 3271 1544 mense
3315 1489 3500 1558 Aprili,
3548 1491 3761 1546 indicta.

2281 1587 2424 1640 Bene
2449 1585 2643 1640 vaiete.
2691 1583 2885 1654 Datum
2937 1581 3056 1637 Kal.
3088 1582 3292 1652 Aprilis
3339 1598 3434 1652 per
3474 1599 3655 1638 manum
3687 1585 3765 1640 Ste-

2283 1679 2441 1747 phani
2473 1661 2707 1747 episcopi
2733 1675 2788 1732 S.
2814 1675 2880 1729 R.
2915 1677 3000 1741 E.,
3023 1677 3198 1746 primo
3219 1675 3552 1747 pontiﬁcatus
3567 1677 3765 1730 Benedicti

2282 1767 2606 1822 sanctissimi
2629 1768 2840 1837 septimi
2883 1781 3034 1836 papa:
3085 1767 3139 1820 in
3171 1768 3302 1822 sede
3328 1768 3386 1822 Β.
3425 1767 3559 1824 Petri
3583 1769 3764 1840 septimo,

621 1840 921 1948 redivisset,
947 1873 1012 1926 de
1041 1872 1157 1939 ejus
1185 1873 1493 1940 prudentia,
1524 1873 1843 1934 eruditione,
1873 1871 2176 1937 sanctitate,

2286 1859 2414 1928 imp.
2463 1859 2661 1914 domno
2709 1857 2928 1926 Ottone,
2971 1873 3002 1911 a
3051 1859 3283 1913 Domino
3334 1871 3590 1925 coronato,
3633 1879 3767 1932 magno

615 1957 726 2024 jam
763 1960 967 2014 certior
1022 1959 1194 2016 factus
1244 1961 1518 2016 Paschalis
1551 1976 1705 2030 papa,
1738 1961 1805 2015 ab
1832 1961 1920 2014 illo
1951 1961 2181 2024 veniam,

621 2047 762 2114 quod
819 2047 959 2103 male
996 2065 1118 2104 cum
1168 2050 1484 2120 excepisset,
1529 2050 1788 2119 exposcit.
1831 2067 1850 2098 ι
1907 2049 2041 2102 Tum
2089 2049 2184 2102 Pa-

621 2137 818 2192 schalis
867 2140 1108 2208 pontifex
1141 2141 1283 2209 (inﬁt
1321 2141 1572 2197 Nicolans
1613 2157 1730 2210 cap.
1759 2141 1850 2212 2|)
1892 2138 2106 2196 litteras
2133 2140 2183 2194 ei

621 2229 803 2292 tradit,
829 2230 1024 2298 quibus
1053 2231 1192 2285 inter
1218 2232 1322 2286 alia
1353 2233 1753 2295 continebatur,
1777 2233 2022 2286 abbatem
2050 2231 2184 2286 San-

619 2318 689 2369 cti
715 2315 942 2373 Valeriei
969 2334 1088 2372 cum
1121 2322 1397 2375 monachis
1429 2322 1560 2383 suis,
1595 2321 1942 2378 Ambianensi
1973 2320 2182 2389 episco-

616 2420 708 2474 po,
733 2407 953 2475 perinde
982 2415 1144 2477 atque
1164 2410 1378 2477 patri-et
1398 2410 1624 2479 pastori,
1641 2413 1694 2463 in
1721 2410 1969 2463 omnibus
1994 2423 2184 2478 parere

618 2495 834 2547 debere.
866 2495 956 2549 ille
1003 2495 1229 2567 igitur,»
1277 2507 1383 2552 elc.
1438 2499 1584 2553 itane
1627 2500 1793 2553 vero?
1823 2498 1975 2553 Unde
2021 2497 2184 2566 igitur

619 2585 672 2636 in
727 2584 1033 2639 ventilanda
1093 2586 1255 2640 toties
1307 2596 1360 2640 et
1417 2587 1719 2642 refrieanda
1776 2590 1841 2642 de
1891 2587 2184 2657 privilegiis

620 2674 1010 2728 monachorum
1063 2674 1608 2730 Sanvallericensium
1660 2677 2044 2738 controversia,
2085 2677 2180 2730 ha-

619 2772 814 2816 ctenus
848 2762 1242 2818 Ambianenses
1279 2765 1517 2833 episcopi
1545 2764 1596 2817 in
1625 2765 1857 2818 medium
1885 2765 2184 2833 producere

617 2849 849 2906 Romani
879 2853 1149 2922 pontiﬁcis
1180 2869 1312 2922 quas
1337 2855 1619 2924 praetendit
1648 2855 1734 2908 ille
1759 2855 1966 2909 litteras
1993 2854 2182 2924 nequi-

617 2941 998 2996 verunt?llac
1045 2942 1250 2998 scilicet
1293 2945 1376 2998 via
1395 2943 1669 2998 universae
1710 2959 1928 3012 prorsus
1975 2946 2179 3015 sepitar,

617 3030 729 3085 imo
775 3041 830 3086 et
880 3034 1161 3089 exstinctis
1210 3035 1635 3104 permansissent
1679 3035 1982 3090 discordia).
2042 3036 2182 3106 Ergo

617 3120 898 3179 Paschalis
921 3123 1130 3179 litteras
1179 3126 1237 3179 B.
1271 3125 1564 3181 Godeirido
1594 3141 1854 3196 nusquam
1891 3127 2062 3192 datas,
2097 3142 2183 3182 ne-

619 3227 728 3280 mo,
754 3230 869 3271 mea
895 3217 1179 3277 sententia,
1207 3218 1296 3286 qui
1323 3234 1426 3271 non
1455 3219 1716 3272 advertat.

689 3304 972 3361 Postremo
1031 3308 1244 3361 tandem
1300 3309 1589 3363 historicus
1646 3309 1732 3363 ille
1780 3309 2184 3378 opinatissimus

623 3391 815 3448 fabulae
841 3409 950 3449 suae
991 3395 1345 3464 colophonem
1404 3398 1607 3469 addidit
1659 3397 1711 3451 in
1758 3398 1899 3453 hunc
1943 3400 2178 3464 modum,

619 3499 740 3554 cap.
763 3483 831 3538 24
866 3503 880 3539 :
919 3505 938 3537 ι
973 3485 1180 3542 Abbate
1219 3486 1400 3542 Sancti
1429 3487 1658 3542 Valcrici
1705 3503 1890 3543 rursus
1917 3489 2088 3544 accito
2120 3489 2180 3544 Β.

617 3574 902 3645 episcopus
933 3574 1136 3646 profert
1174 3575 1394 3631 litteras
1443 3577 1718 3632 Paschalis
1764 3577 2049 3647 pontiﬁcis,
2097 3579 2187 3631 dat

619 3682 712 3721 eas
764 3665 969 3721 Simoni
1027 3668 1311 3738 praeposito
1345 3667 1534 3739 palam
1586 3667 1909 3736 recitandas,
1943 3676 2048 3723 etc.
2104 3667 2186 3722 Ad

621 3759 784 3826 pedes
811 3757 873 3810 Β.
902 3757 1173 3814 Godefridi
1205 3774 1264 3814 se
1290 3760 1547 3830 abjiciunt
1574 3760 1761 3831 (abbas
1807 3768 1862 3815 et
1909 3759 2182 3830 monachi)

625 3847 837 3901 veniam
867 3862 1148 3916 perperam
1191 3856 1464 3918 gestorum
1501 3857 1710 3918 .petunt,
1761 3865 1859 3906 nec
1905 3849 2187 3905 difﬁculter

625 3937 932 4004 impetrant,
963 3951 1196 4008 congrua
1227 3937 1306 3992 eis
1354 3938 1522 3992 multa
1552 3939 1808 4010 irrogata.
1839 3939 1918 3992 Ex
1948 3953 2013 3993 eo
2045 3946 2182 3994 tem-

622 4039 754 4096 pore
781 4025 992 4080 abbatia
1017 4024 1074 4081 S.
1095 4025 1321 4082 Valerici
1337 4035 1492 4097 paret
1509 4027 2136 4099 episcopoAmbianensi.
2160 4047 2179 4080 ι

621 4115 774 4183 Quod
800 4115 846 4172 si
877 4117 948 4172 ita
978 4132 1036 4172 se
1065 4133 1152 4174 res
1168 4117 1353 4184 habet,
1381 4133 1553 4189 quare
1580 4119 2026 4189 non-multopost
2051 4128 2186 4174 tem-

621 4225 751 4279 pore
805 4211 1125 4283 gravissima
1156 4211 1221 4267 lis
1245 4219 1348 4278 est,
1395 4213 1785 4270 Ambianenses
1836 4215 1975 4270 inter
2025 4221 2186 4282 atque

622 4302 1142 4370 Sanvallericenses,
1195 4303 1476 4358 excitata?
1507 4303 1679 4372 Quam
1723 4305 1793 4360 ob
1819 4320 1933 4360 rem
1964 4304 2185 4360 arbitris

622 4393 674 4445 in
705 4393 946 4461 partibus
998 4395 1080 4467 (ut
1123 4394 1300 4464 aiunt)
1345 4410 1376 4449 a
1417 4410 1628 4451 summo
1649 4395 1839 4466 judice
1879 4395 2184 4452 Alexandro

2287 1949 2607 2019 imperatore
2629 1965 2751 2015 xm,
2785 1949 2971 2004 indict.
2999 1963 3163 2004 nona.
3191 1949 3387 2004 Amen.
3415 1969 3433 2002 ι

2355 2043 2698 2099 lnsultabunt
2759 2044 2944 2100 forsan
3001 2048 3224 2113 aemuli,
3283 2047 3766 2116 occlamitabuntqne.

2285 2125 2495 2203 imperii
2528 2133 2743 2190 Ottonis
2787 2135 2830 2188 11
2889 2144 3142 2192 octavum
3176 2137 3438 2191 duntaxat
3492 2151 3656 2190 annum
3697 2138 3767 2206 (cui

2290 2225 2549 2293 septimus
2574 2225 2803 2295 quadrat
2823 2225 3096 2282 Benedicti
3123 2241 3280 2296 papa:
3314 2225 3424 2295 γη)
3477 2225 3579 2280 fore
3615 2239 3768 2294 compa-

2289 2315 2529 2369 tandum.
2915 2327 2926 2334 ‘

2357 2405 2563 2471 Quibus
2584 2421 2685 2476 ego
2713 2423 2818 2462 non
2841 2409 2976 2462 meis
2991 2412 3232 2477 pretium
3259 2423 3437 2479 opera:
3460 2408 3603 2463 fuerit
3620 2421 3770 2476 respon-

2283 2495 2432 2561 dere,
2486 2504 2542 2550 at
2567 2496 2839 2553 illustriss.
2869 2500 3180 2556 'cardinalis
3221 2500 3442 2555 Baronii
3489 2500 3659 2565 verbis,
3695 2501 3768 2567 qui.

2283 2601 2405 2642 cum
2437 2603 2532 2642 sua
2557 2588 2778 2643 minime
2807 2589 3026 2654 referat,
3059 2589 3217 2660 571
3255 2589 3547 2644 audiendus
3576 2597 3656 2652 est,
3683 2597 3769 2640 tom.

2285 2683 2302 2732 1
2332 2679 2581 2735 videlicet
2601 2679 2796 2732 Annal.
2832 2679 2898 2733 ad
2941 2694 3034 2733 an.
3071 2680 3176 2734 974
3206 2681 3309 2735 sub
3372 2681 3543 2742 ﬁnem,
3593 2678 3771 2745 hancpe

2285 2771 2390 2825 rite
2448 2785 2674 2826 remora:
2708 2769 2952 2825 umbram
2982 2771 3200 2840 expedit
3234 2791 3246 2826 :
3281 2790 3299 2822 ι
3335 2771 3582 2826 Defuncto
3617 2769 3769 2828 Ottonr.

2285 2863 2478 2930 inquit,
2509 2863 2624 2932 ejus
2651 2863 2940 2919 ﬁlius-Otto
2958 2862 3142 2931 junior
3169 2863 3320 2918 solus
3343 2863 3534 2931 incepit
3562 2861 3770 2929 imperare.

2286 2953 2376 3020 qui
2410 2953 2524 3023 jam
2574 2968 2693 3008 cum
2742 2961 2894 3023 patre
2955 2954 3311 3009 inchoaverat
3352 2970 3542 3008 annum
3580 2962 3769 3007 sextum:

2285 3059 2407 3118 nam
2462 3045 2576 3113 ipse
2630 3045 2684 3099 in
2739 3045 3121 3114 diplomatibus
3167 3046 3316 3100 hunc
3361 3060 3550 3099 annum
3593 3049 3772 3096 numerat

2285 3135 2364 3188 sui
2405 3135 2616 3204 imperii
2659 3137 2740 3206 (ut
2786 3135 3060 3206 apparebit
3116 3135 3372 3206 inferius)
3422 3145 3629 3199 sextum,
3662 3143 3770 3186 ιρις.

2289 3227 2476 3296 Itaque
2525 3230 2590 3281 ad
2643 3243 2844 3282 annum
2881 3227 3018 3283 981:
3078 3247 3095 3278 ι
3126 3227 3320 3282 Exstat
3357 3229 3456 3282 hoc
3481 3227 3642 3281 eodem
3679 3236 3773 3276 anno

2287 3319 2470 3374 datum
2500 3321 2734 3388 diploma
2777 3319 2991 3374 Ottonis
3020 3317 3062 3372 11
3114 3319 3482 3389 imperatoris,
3523 3326 3611 3372 etc.
3638 3314 3680 3367 In
3707 3311 3774 3364 ﬁne

2287 3419 2507 3464 autem:
2559 3409 2796 3466 Joannes
2826 3402 3202 3475 cancellarius,
3256 3414 3325 3466 ad
3373 3411 3534 3464 vicem
3568 3406 3682 3460 Petri
3711 3403 3773 3454 Pa-

2289 3500 2495 3568 piensis
2535 3501 2771 3570 episcopi
2804 3501 3292 3564 archicancellarii,
3325 3498 3590 3568 recognovi
3629 3491 3774 3548 eisab-

2287 3589 2493 3656 scripsi.
2528 3589 2717 3642 Datum
2747 3606 2777 3642 v
2811 3590 2886 3647 ld.
2919 3591 3079 3661 Aug.,
3117 3604 3263 3644 anno
3295 3589 3360 3642 D.
3414 3588 3652 3642 lncarnat.
3689 3594 3776 3634 non

2287 3680 2586 3747 gentcsimo
2611 3681 2941 3749 octbgesimo
2967 3682 3167 3752 primo,
3209 3680 3402 3735 indict.
3433 3694 3508 3742 ιι,
3540 3674 3666 3745 regni
3687 3684 3773 3724 rrro

2286 3767 2486 3820 domini
2518 3767 2730 3823 Ottonis
2761 3784 2873 3835 xxr,
2922 3768 3130 3837 imperii
3159 3782 3290 3822 vero
3339 3782 3454 3830 vm,
3483 3764 3642 3842 indict.
3666 3770 3774 3812 nona.

2286 3855 2430 3912 inest
2456 3857 2689 3927 sigillum
2745 3859 3010 3930 ejusdem,
3047 3859 3260 3928 aliaque
3307 3858 3582 3928 diplomata
3607 3850 3777 3922 ejusdem

2287 3946 2502 4015 generis
2543 3945 2823 4017 privilegia
2861 3947 3205 4001 continentia
3265 3947 3466 4002 ibidem
3507 3950 3708 4000 exstant,
3740 3944 3779 3988 ut

2289 4032 2418 4088 illud
2471 4025 2652 4088 daturi:
2705 4041 2859 4090 sex-to
2911 4034 3032 4090 idus
3073 4032 3276 4090 Octob.
3329 4035 3432 4090 hoc
3471 4032 3639 4088 eodem
3675 4036 3779 4079 anno

2287 4123 2665 4196 Redemptoris
2699 4124 2827 4191 981,
2875 4125 3170 4182 indictione
3194 4141 3253 4191 x,
3282 4125 3530 4181 inchoata
3575 4115 3735 4190 imperii
3758 4127 3777 4164 ι

2289 4221 2532 4283 tempore
2584 4215 2952 4270 coronationis
3000 4214 3212 4270 decimo
3265 4224 3482 4284 quarto,
3525 4225 3611 4282 per
3645 4216 3779 4262 manus

2287 4300 2528 4370 ejusdem
2573 4299 2796 4358 Joannis
2844 4303 3172 4360 cancellarii.
3217 4324 3244 4357 -›
3306 4304 3573 4360 Hactenus
3611 4294 3778 4354 Baronii

2285 4391 2468 4446 verba.

619 4481 896 4552 delegatis,
921 4491 974 4536 et
1002 4482 1302 4537 rationibus
1345 4483 1413 4537 ab
1438 4483 1568 4553 ipsis
1618 4484 1872 4554 utrinque
1899 4485 2096 4540 auditis
2122 4499 2185 4540 ac
2211 4495 2266 4555 ι)
2359 4479 2564 4548 Quibus
2605 4497 2669 4538 ac
2706 4483 2976 4541 similibus
3019 4493 3237 4542 constat
3277 4486 3386 4541 hoc
3415 4480 3680 4556 praesertim
3705 4489 3776 4529 s2-

621 4572 931 4640 pondcratis
956 4572 1120 4643 (quod
1166 4587 1288 4628 mox
1321 4588 1506 4628 sumus
1535 4576 2034 4646 commonstraturi)
2055 4591 2190 4647 pon-

621 4659 755 4714 tifex
791 4663 1024 4728 demum,
1052 4671 1172 4732 post
1194 4663 1372 4716 varias
1404 4677 1467 4718 ac
1495 4662 1735 4734 prolian
1756 4665 1992 4734 partium
2015 4665 2187 4721 disce-

619 4749 921 4820 ptationes,
977 4753 1224 4807 abbatem
1255 4761 1310 4806 et
1335 4754 1632 4809 monachos
1681 4754 1741 4808 S.
1775 4755 2030 4822 Valerici,
2063 4756 2188 4824 quia

621 4851 744 4912 post
773 4845 1048 4899 hominum
1079 4845 1394 4900 memoriam
1419 4861 1449 4899 a
1499 4845 1621 4915 jure
1657 4847 1952 4916 episcOpali
2006 4861 2188 4902 exem-

619 4940 743 5003 ptos
768 4933 954 4988 arbitri
1007 4944 1404 5002 compererant,
1462 4935 1512 4988 in
1560 4933 1897 5003 possessione
1945 4937 2183 4990 retinuit.

621 5021 797 5093 Atque
851 5023 984 5078 adeo
1045 5021 1445 5078 evidentissime
1493 5021 1700 5077 Nicolai
1749 5023 2183 5079 conclusionem:

627 5125 648 5160 ι
683 5111 762 5166 Ex
783 5126 849 5166 eo
887 5119 1123 5180 tempore
1148 5110 1363 5164 abbatia
1407 5110 1465 5165 S.
1500 5111 1730 5165 Valerici
1759 5122 1912 5179 paret
1937 5113 2186 5180 episcopo

621 5201 989 5266 Ambianensi,
1018 5221 1036 5253 ι
1075 5201 1492 5270 supposititiam,
1539 5203 1640 5257 nisi
1678 5203 1946 5272 impotens
1995 5203 2184 5268 animi,

621 5301 770 5362 puto,
800 5292 899 5346 ibit
928 5291 1159 5346 inﬁcias.

691 5380 927 5448 Tametsi
955 5395 1216 5450 parergon
1267 5380 1406 5437 istud
1441 5382 1691 5437 omnibus
1721 5381 1851 5436 mihi
1874 5382 2060 5437 videar
2084 5399 2186 5437 nu-

620 5473 784 5526 :neris
806 5472 1126 5538 absolvisse,
1149 5482 1204 5528 et
1234 5487 1419 5544 aperte
1447 5475 1575 5530 boni
1607 5475 1748 5528 illius
1774 5473 1898 5540 viri,
1917 5474 2182 5542 ﬁetitiam,

619 5577 780 5632 quam
828 5564 972 5620 haud
1005 5565 1164 5620 dubie
1218 5566 1286 5621 ab
1327 5567 1711 5636 impostoribus
1747 5576 2057 5637 acceperat,
2107 5569 2184 5623 di-

618 5653 784 5708 luisse
813 5657 1272 5711 narratiunculam
1298 5673 1312 5722 ;
1344 5665 1521 5713 tamen
1558 5660 1699 5727 quod
1732 5661 2004 5715 crambem
2028 5661 2184 5716 toties

619 5751 893 5799 recoctam
920 5747 986 5801 ab
1007 5747 1253 5802 osoribus
1280 5747 1412 5812 illis,
1441 5749 1640 5816 quibus
1668 5749 1885 5806 minime
1905 5753 2183 5808 stomacho

2292 4569 2434 4637 culo,
2503 4586 2626 4625 cum
2681 4572 3052 4642 imperatores,
3106 4583 3219 4629 tum
3293 4571 3451 4644 reges
3499 4571 3778 4626 Francorum

2291 4659 2501 4730 imperii
2531 4663 2640 4716 sive
2671 4663 2820 4732 regni
2849 4678 3020 4718 annos
3051 4679 3080 4717 a
3107 4663 3196 4719 die
3224 4653 3780 4734 inangurationissolilos

2292 4751 2558 4820 auspicari
2590 4767 2999 4822 nonnunquam.
3027 4752 3286 4824 Sequitur
3308 4754 3521 4808 tandem

2467 4840 2731 4896 Sententia
2761 4843 3051 4896 decretoria
3089 4843 3378 4898 Alexandri
3402 4857 3544 4912 papa:
3565 4835 3662 4892 III.

2360 4931 2669 4986 Alexander
2695 4932 3006 5003 episcopus,
3040 4948 3232 4988 servus
3263 4945 3541 4989 servorum
3562 4926 3660 4987 Dei,
3683 4918 3777 4974 dile-

2289 5023 2390 5077 ctis
2423 5021 2547 5077 ﬁliis
2574 5022 2823 5077 Asselino
2849 5024 3052 5088 abbati,
3087 5033 3142 5076 et
3174 5022 3441 5077 fratribus
3485 5015 3646 5074 Sancti
3671 5005 3773 5063 Wal-

2289 5113 2458 5177 lerici,
2505 5113 2733 5167 salutem
2785 5122 2841 5166 et
2881 5113 3234 5183 apostolicam
3285 5110 3694 5168 benedictionem.
3719 5095 3778 5148 Di-

2289 5220 2450 5276 gnum
2477 5213 2562 5258 est
2602 5213 2656 5258 et
2697 5204 2890 5258 rationi
2926 5206 3258 5260 conveniens
3287 5214 3366 5270 ut,
3408 5217 3524 5258 cum
3561 5197 3619 5252 ad
3645 5189 3776 5248 sedem

2290 5297 2636 5366 apostolicam
2704 5297 3031 5365 quaestiones
3084 5297 3278 5367 aliqua:
3328 5295 3656 5351 deferuntur,
3701 5288 3776 5334 ειε·

2289 5387 2508 5458 Reliqua
2539 5387 2654 5440 vide
2677 5387 2816 5454 infra
2846 5387 2900 5439 in
2934 5385 3237 5440 Alexandro
3265 5385 3382 5450 III,
3411 5384 3478 5438 ad
3501 5397 3580 5436 an.
3607 5372 3709 5430 1181
3763 5455 3771 5465 ⁸

2357 5479 2439 5532 Ad
2498 5479 2612 5532 haec
2677 5476 2913 5544 pertinet
2965 5477 3306 5546 privilegium
3359 5473 3585 5545 ejusdem
3627 5473 3772 5519 summi

2286 5578 2436 5639 pont.
2471 5569 2654 5623 datum
2689 5567 2878 5622 eodem
2911 5583 3074 5622 anno.
3110 5569 3264 5635 Quod
3304 5569 3439 5621 inter
3469 5563 3563 5617 alia
3589 5552 3776 5613 continet

2286 5677 2404 5730 qum
2458 5665 2757 5728 sequuntur
2804 5675 2816 5710 :
2862 5676 2880 5708 ι
2931 5658 3010 5712 Ad
3066 5659 3341 5728 exemplar
3393 5649 3774 5725 praedecessor“In

2287 5729 2593 5808 nostrorum
2611 5753 2748 5819 ‘piae
2795 5751 3190 5807 recordationis
3234 5748 3396 5819 572
3433 5734 3705 5798 Βθιιειῖίείίν
3741 5729 3776 5776 ﬂ
