3982 6346
161 393 295 447 1057

160 604 349 649 nostra
391 593 725 662 protectione
765 593 1113 661 suscipimus,
1146 600 1201 648 et
1226 604 1530 662 praesentes
1556 595 1720 663 privi-

159 684 300 753 lcgio
328 683 745 737 communimus.
775 683 1065 751 Imprimis,
1101 701 1117 732 ι
1162 690 1267 736 etc.
1298 683 1504 737 Deinde
1538 684 1719 738 multis

158 772 460 839 interiectis
487 790 499 825 :
530 792 546 823 ‹
576 772 855 828 Sententia
879 787 1092 841 quoque
1127 773 1268 827 inter
1298 789 1392 827 vos
1420 782 1474 828 et
1503 774 1724 828 Ambia-

157 880 382 919 nensem
440 864 738 918 Ecclesiam
790 879 951 932 super
1009 864 1349 931 impositioue
1414 864 1625 919 abbatis
1672 865 1724 917 in

158 955 475 1009 cathedram
518 954 801 1008 electionis
835 964 1096 1023 tempore,
1138 962 1192 1007 et
1232 954 1299 1007 de
1344 970 1471 1008 cura
1514 955 1716 1008 anima-

157 1059 304 1108 rum,
338 1058 547 1098 necnon
576 1052 632 1097 et
676 1044 740 1096 de
781 1044 924 1096 omni
958 1042 1077 1110 jure
1119 1042 1412 1110 parochiali
1453 1042 1618 1097 castri
1651 1042 1719 1096 S.

162 1132 391 1189 Valerici
418 1173 433 1197 ,
475 1150 504 1187 a
529 1135 682 1189 nobis
722 1134 915 1187 auditis
966 1134 1090 1186 hinc
1122 1132 1246 1186 inde
1280 1133 1577 1187 rationibus
1636 1132 1718 1185 al-

154 1219 624 1291 Iegationibusque
675 1231 727 1275 et
768 1220 1068 1289 juratorum
1122 1220 1336 1274 testium
1375 1220 1723 1289 depositioni-

154 1310 260 1364 bus
274 1312 336 1364 de
352 1311 619 1365 communi
637 1310 659 1363 f
660 1327 711 1363 ra
723 1308 802 1363 trd
812 1326 858 1362 m
880 1318 1182 1363 nostrorum
1196 1311 1417 1366 consilio
1436 1309 1565 1373 lata,
1583 1309 1725 1363 unde

153 1414 256 1453 vos
283 1399 632 1463 absolvimus,
664 1409 717 1452 et
753 1399 1100 1451 Ambianensi
1126 1399 1381 1454 Ecclesia:
1406 1410 1721 1468 perpetuum

157 1488 431 1541 silentimn
485 1489 855 1556 imposuimus.
891 1488 1053 1541 Vobis
1101 1497 1154 1541 ct
1208 1489 1459 1542 Ecclesia:
1502 1498 1719 1553 vestrae,

156 1577 300 1632 sicut
322 1579 371 1631 in
407 1581 610 1648 scripto
639 1589 825 1633 nostro
866 1580 1059 1633 exinde
1090 1580 1233 1636 facto
1272 1582 1515 1635 noscitur
1544 1582 1719 1637 conti-

155 1682 309 1734 nere,
337 1671 657 1723 auctoritate
688 1669 980 1738 apostolica
1018 1671 1421 1736 conﬁrmamus,
1457 1692 1475 1724 ι
1511 1681 1619 1728 etc.

227 1760 512 1830 Privilegia
533 1771 585 1815 et
609 1761 975 1815 immunitates
1000 1761 1550 1820 Sanvallcricensium
1574 1779 1724 1819 com-

1314 389 1518 445 DOMNI
1558 389 1618 444 L.
1659 390 1995 446 D'ACIIERY
2023 391 2248 447 NOTAE.

158 501 435 556 Paschalis
465 499 827 556 Romanorum
865 499 1195 570 pontiﬁcum,
1228 501 1326 555 sub
1387 501 1450 554 Β.
1489 501 1629 556 Petri
1667 509 1719 555 et
1749 517 1797 575 Α

3246 405 3380 462 1058

1897 504 1985 572 (η)
2024 503 2151 557 ΟΜ».
2203 504 2300 569 III,
2352 506 2378 575 §
2431 507 2774 562 [IL—Dum
2832 526 2950 565 ossa
3008 513 3243 583 vulgaria
3292 536 3386 587 pro

1826 603 2122 647 sanctorum
2153 594 2452 663 pignoribus
2481 599 2825 652 uenundanda
2856 601 3186 670 dispertiunt.
3220 606 3388 662 Notes
3478 642 3493 653 ο

1825 681 1982 735 velim
2028 682 2345 751 sacrilegum
2377 684 2478 739 hoc
2525 701 2639 740 aevo
2678 688 2742 742 de
2782 690 2952 744 sacris
3001 691 3098 746 SS.
3146 695 3385 764 reliquiis

1826 770 2134 824 venditione
2165 787 2342 825 usum.
2377 773 2529 830 Unde
2568 792 2667 831 nec
2726 778 2921 832 mirum
2953 780 2995 834 si
3047 792 3234 837 auctor
3274 785 3389 854 ipse

1828 865 1935 911 tam
1964 860 2166 912 acriter
2207 876 2299 913 eos
2327 864 2415 930 qui
2470 865 2727 934 ejusmodi
2760 868 3019 933 pestifero
3061 874 3389 928 commercio

1836 949 2217 1001 incumbebant
2277 951 2591 1019 insequatur
2651 974 2662 1006 :
2700 956 2923 1023 proinde
2962 961 3156 1015 merito
3195 965 3389 1017 concil.

1829 1037 2142 1093 Pictavense
2164 1055 2225 1100 ιι,
2256 1054 2318 1092 ea
2345 1051 2661 1110 tempestate
2685 1055 2885 1112 actum,
2912 1064 3053 1104 anno
3076 1052 3237 1117 1109,
3267 1070 3388 1123 cap.

1830 1130 1896 1183 12
1927 1132 2117 1186 statuit
2158 1151 2176 1181 ι
2211 1133 2279 1187 Ut
2306 1144 2618 1189 sanctorum
2662 1137 2919 1207 reliquias
2941 1156 3101 1198 causa
3152 1148 3393 1214 pecunia:

1825 1231 1880 1275 et
1920 1231 2157 1291 qumstus
2189 1225 2653 1290 circumferentes,
2686 1229 2751 1281 ad
2800 1230 3238 1299 praedicationem
3285 1253 3392 1291 non

1827 1311 2199 1366 admittantur.
2230 1334 2248 1365 ι
2294 1315 2361 1369 Ει
2406 1331 2525 1386 cap.
2588 1317 2718 1370 Cum
2772 1335 2836 1373 ea:
2886 1336 2966 1386 eo,
3017 1323 3092 1376 De
3140 1325 3297 1393 rcliq.
3338 1340 3393 1381 et

1826 1412 2070 1459 venerat.
2112 1416 2419 1461 sanctorum
2459 1426 2471 1461 :
2508 1427 2525 1459 ι
2553 1408 2688 1464 Cum
2745 1426 2811 1465 ex
2864 1427 2929 1466 eo
2978 1416 3122 1483 quod
3172 1417 3390 1485 quidam

1828 1505 2139 1549 sanctorum
2186 1496 2443 1566 reliquias
2492 1510 2767 1568 exponunt
2792 1503 3032 1569 venales,
3072 1516 3124 1559 et
3151 1523 3243 1562 eas
3270 1525 3396 1579 pas-

1828 1584 1928 1637 sim
1974 1584 2290 1651 ostcndunt,
2322 1586 2649 1642 Christianae
2696 1590 2939 1659 religioni
2989 1592 3291 1651 detractura
3325 1600 3397 1651 sit

1828 1673 2053 1743 saepius;
2112 1688 2179 1728 ne
2217 1675 2566 1744 imposterum
2616 1677 2947 1739 detrahatur,
3007 1684 3255 1747 przesenti
3304 1685 3399 1739 de-

1826 1772 1977 1816 creto
2012 1763 2300 1818 statuimus
2345 1773 2405 1817 ut
2448 1765 2685 1834 antiqua:
2732 1767 2974 1834 reliquiae
3018 1773 3210 1825 amodo
3238 1783 3395 1827 extra

155 1852 456 1921 probarunt
503 1855 694 1906 summi
734 1855 923 1921 pontii.
979 1854 1326 1909 Innocentius
1355 1856 1450 1921 III,
1513 1854 1718 1924 Grego-
1755 1857 1797 1910 Β
1825 1866 2039 1921 Capsam
2070 1853 2375 1908 nullatenus
2417 1857 2795 1920 ostendantur,
2824 1866 2875 1909 et
2925 1871 3269 1926 exportantur
3300 1879 3394 1917 ve-

152 1944 273 1997 rius
307 1942 399 2009 IX,
428 1952 482 1997 et
510 1945 620 2008 alii,
649 1961 786 2015 quos
822 1960 1105 2001 recensere
1138 1960 1243 2000 non
1275 1947 1435 2001 modo
1463 1946 1722 2015 prolixior

154 2036 475 2104 descriptio,
523 2039 617 2091 sed
645 2047 697 2091 et
754 2038 942 2093 lectori
975 2038 1257 2093 onerosior
1305 2039 1577 2103 evaderet,
1625 2039 1722 2093 lie-

156 2138 351 2195 retque
392 2126 625 2182 fastidio.
682 2129 868 2198 Itaque
915 2131 980 2181 de
1019 2128 1104 2182 his
1156 2128 1254 2192 ita,
1300 2141 1357 2184 ut
1408 2133 1495 2201 qui
1550 2132 1721 2186 sancti

160 2216 399 2271 Valerici
447 2218 741 2288 privilegiis
784 2221 1045 2292 derogare
1091 2222 1315 2292 (Nicolai
1362 2231 1565 2277 tantum
1606 2223 1720 2275 fulti

160 2309 499 2380 narratione)
550 2321 605 2364 et
662 2312 820 2367 toties
874 2314 1144 2369 oblatrarc
1192 2330 1256 2368 ac
1290 2314 1389 2369 sibi
1426 2326 1722 2383 temperare

155 2408 452 2467 nequeunt.
503 2399 702 2453 Saltem
754 2416 811 2457 se
846 2403 896 2455 in
939 2403 1137 2457 lumine
1179 2405 1380 2474 positos
1430 2420 1535 2457 non
1565 2419 1723 2474 posse

158 2488 348 2544 videre
383 2490 728 2554 erubescant,
770 2500 824 2545 ct
864 2493 949 2546 vel
978 2494 1171 2548 amodo
1218 2494 1469 2548 claudant
1513 2508 1629 2557 ora,
1658 2508 1724 2547 ne

164 2586 376 2631 rectum
398 2593 691 2646 verumque
716 2582 1022 2636 amantibus
1051 2584 1340 2651 opprobrio
1372 2584 1521 2636 fiant.

230 2667 320 2736 (‘3)
361 2668 488 2722 Car.
544 2669 628 2731 III,
667 2670 694 2740 §
738 2686 913 2724 III.-—
940 2671 1106 2725 Tanta
1159 2673 1539 2727 indissimiliter
1582 2674 1722 2742 facta

157 2756 347 2825 ubique
380 2756 483 2810 loci
509 2760 770 2812 memoria‘
796 2777 921 2815 mere
966 2762 1267 2830 subjiciunt.
1324 2763 1587 2818 Fraudcm
1628 2764 1725 2816 im-

158 2845 301 2913 piam
342 2845 615 2899 Adclbcrti
670 2846 829 2901 deﬂet
879 2860 1099 2903 sanctus
1144 2850 1456 2905 Bonifacius
1507 2851 1725 2922 Mogun-

159 2936 391 2988 tinorum
426 2936 772 3005 archiepisc.,
831 2942 988 3009 epist.
1024 2941 1145 3005 155,
1184 2941 1250 2995 ad
1291 2941 1605 2996 Zachariam
1633 2958 1726 3011 pa-

154 3041 278 3093 pam
322 3045 384 3079 τι
417 3026 473 3080 In
526 3031 781 3098 primmva
820 3042 980 3089 mtate
1026 3032 1307 3103 hypocrita
1352 3033 1492 3098 fuit,
1540 3034 1724 3087 dicens

160 3124 303 3190 quod
350 3119 449 3174 sibi
513 3128 733 3197 angelus
795 3124 1046 3191 Domini,
1104 3124 1156 3179 in
1218 3124 1397 3194 specie
1445 3123 1722 3187 hominis,

158 3213 415 3282 reliquias
444 3219 737 3281 attulisset,
771 3223 825 3269 et
855 3215 1047 3270 exinde
1080 3217 1344 3285 potuisset
1370 3214 1547 3269 omnia
1580 3229 1719 3281 qure-

153 3322 373 3377 cunque
408 3318 651 3377 posceret
696 3323 725 3359 a
784 3306 892 3360 Deo
922 3307 1229 3377 impetrare.
1262 3306 1330 3359 Et
1357 3314 1483 3359 tunc
1510 3305 1724 3358 demum

151 3410 257 3465 per
312 3396 457 3450 illam
514 3394 955 3462 simulationem,
1017 3398 1156 3451 sicut
1212 3396 1485 3465 apostolus
1532 3394 1726 3450 Paulus

150 3488 428 3556 prmdixit,
471 3487 775 3558 penetravit
823 3489 1113 3542 multorum
1158 3487 1365 3552 domos,
1398 3495 1451 3540 et
1488 3486 1727 3555 captivas

154 3579 312 3645 duxit
363 3589 485 3647 post
533 3595 591 3635 se
652 3580 1016 3642 mulierculas,
1063 3587 1315 3634 oneratas
1361 3578 1622 3648 peccatis,
1672 3586 1728 3631 et

156 3670 555 3727 multitudinem
580 3673 927 3734 rusticorum,
949 3671 1239 3725 dicentium
1270 3671 1407 3740 quod
1434 3671 1546 3739 ipse
1584 3677 1727 3724 esset

153 3755 243 3808 vir
266 3757 571 3825 apostolica:
598 3756 923 3820 sanctitatis,
954 3764 1009 3810 et
1040 3756 1190 3824 signa
1220 3763 1273 3809 et
1296 3755 1535 3823 prodigia
1560 3752 1727 3806 multa

156 3846 396 3901 fecisset.
430 3867 448 3899 ι
481 3848 547 3902 Et
591 3852 749 3919 paulo
773 3859 927 3919 post:
960 3865 979 3898 ‹
1011 3847 1253 3917 Ungulas
1284 3862 1428 3906 suas,
1476 3855 1530 3899 et
1558 3846 1724 3914 capil-

152 3935 239 3990 los
271 3951 399 3991 suos
445 3937 591 3991 dedit
635 3940 699 3992 ad
737 3937 1126 4004 honorandum,
1164 3944 1218 3990 et
1249 3936 1569 4009 portandum
1604 3950 1724 3989 cum

138 4024 408 4093 .requuiis
465 4024 524 4080 S.
575 4026 719 4081 Petri
778 4027 1037 4097 principis
1088 4025 1483 4094 apostolorum,
1541 4044 1560 4074 ι
1618 4034 1724 4079 etc.

153 4113 381 4186 Legeris
424 4125 478 4171 et
516 4118 633 4172 haac
661 4119 801 4172 inter
841 4118 1065 4173 concilia
1098 4119 1198 4172 sub
1226 4119 1417 4172 eodem
1462 4102 1745 4171 Zacharia‘

156 4206 452 4262 celebrata.
484 4207 709 4279 Magnus
735 4210 896 4264 etiam
921 4209 1213 4280 Gregorius
1241 4207 1521 4264 Bonifacio
1545 4210 1727 4264 senior

152 4296 252 4350 lib.
311 4312 395 4364 ιη,
447 4299 607 4367 epist.
645 4299 736 4365 50,
780 4300 845 4354 de
892 4296 1095 4354 Graecis
1142 4298 1464 4369 agens,,qui
1502 4314 1726 4368 corpora

154 4395 497 4443 mortuorum
541 4389 594 4442 in
640 4403 832 4457 campo
870 4388 1106 4459 jacentia
1153 4386 1499 4453 eﬂ‘odiebant,
1532 4403 1726 4443 recon-

156 4475 463 4547 debantque
498 4495 516 4533 :
553 4497 573 4530 ‹
608 4478 706 4545 Qui
743 4495 864 4534 cum
912 4478 1266 4548 deprehensi,
1302 4499 1321 4533 ι
1372 4488 1563 4535 narrat
1598 4482 1725 4548 ille,
1759 4506 1807 4564 ι)

160 4585 185 4619 ι
208 4578 263 4623 et
294 4583 392 4624 cur
420 4570 524 4625 hoc
572 4570 833 4634 facerent,
871 4570 1155 4642 diligenter
1197 4571 1427 4628 fuissent
1472 4572 1725 4636 discussi,

153 4658 393 4715 confessi
443 4668 569 4716 sunt
618 4661 762 4731 quod
811 4661 901 4716 illa
950 4676 1074 4717 ossa
1121 4663 1191 4718 ad
1240 4661 1504 4718 Graeciam
1548 4673 1726 4718 essent

156 4757 418 4819 tanquam
447 4759 759 4807 sanctorum
787 4753 1045 4823 reliquias
1074 4754 1373 4822 portaturi!
1406 4774 1426 4807 ι
1458 4750 1730 4809 Praetereo

156 4838 427 4894 nefarium
470 4842 755 4910 quemdam
784 4844 1154 4912 impostorem,
1184 4842 1337 4912 cujus
1365 4845 1729 4899 exsecrandas

160 4930 625 5002 pseudomartyris
664 4930 803 4988 Justi
849 4933 1205 5003 reliquiarum
1250 4935 1538 5001 nundinas,
1575 4937 1729 4990 testis

158 5020 443 5085 oculatus,
498 5024 756 5092 graphica
824 5022 1187 5094 descriptione
1247 5024 1463 5093 sugillat
1531 5025 1731 5080 Glaber

158 5107 477 5180 Rodulpbus
518 5114 610 5166 lih.
644 5129 714 5175 IV,
751 5129 869 5183 cap.
908 5112 943 5167 5
974 5131 987 5165 :
1025 5134 1041 5165 ι
1072 5114 1224 5182 Quod
1266 5114 1503 5185 peccatis
1549 5117 1727 5171 homi-

159 5217 289 5254 num
326 5203 692 5274 exigentibus,
740 5206 969 5262 Domino
1004 5206 1372 5274 permittente,
1426 5223 1455 5261 a
1496 5223 1727 5276 nequam

160 5283 441 5359 spiritibus
491 5292 782 5362 aliquando
829 5293 961 5349 ﬁant
1009 5294 1296 5351 miracula.
1334 5315 1353 5348 ι
1396 5296 1621 5351 Abunde
1662 5296 1727 5351 ad

160 5384 307 5439 hunc
337 5388 550 5443 modum
592 5390 835 5460 exempla
878 5389 1184 5459 suppeditat
1207 5388 1495 5444 Menardus
1543 5398 1731 5444 noster

162 5477 218 5528 in
267 5490 383 5546 cap.
418 5479 451 5532 5
494 5478 763 5534 Concord.
815 5494 928 5550 reg.
976 5495 1097 5551 pag.
1150 5480 1275 5545 125,
1326 5494 1486 5549 quem
1534 5480 1641 5545 adi,
1684 5480 1726 5532 si

165 5564 336 5631 Iubet,
374 5583 475 5622 nec
502 5584 605 5622 non
650 5571 929 5625 Amulonis
962 5570 1130 5641 Lugd.
1181 5572 1423 5641 archiep.
1457 5569 1614 5639 epist.
1664 5569 1728 5622 ad

164 5657 459 5714 Theobald.
492 5659 717 5731 Lingon.
766 5664 1003 5733 episcop.
1052 5680 1079 5717 a
1112 5662 1427 5718 Camuzatio
1474 5659 1727 5717 Trecensi

169 5751 442 5833 canonico.
457 5752 654 5805 editam
690 5753 842 5806 1655.

1825 1943 1995 2007 nales,
2032 1964 2049 1996 ιι
2086 1954 2193 1999 etc.

1897 2034 1987 2105 (ιδ)
2014 2033 2141 2125 (Eae.
2174 2034 2261 2101 IV,
2295 2036 2323 2107 §
2351 2053 2387 2089 1.
2420 2067 2488 2075 —
2517 2037 2800 2108 Nunquam
2842 2042 3023 2112 legisse
3054 2060 3134 2096 me
3185 2046 3393 2098 memim

1822 2126 1962 2193 quod
2006 2124 2193 2178 loculis
2259 2128 2433 2179 aureis
2489 2144 2579 2179 seu
2635 2132 2892 2197 argenteis
2952 2149 3216 2186 marmora
3263 2150 3396 2199 pura

1824 2224 2108 2268 mutarent.
2155 2215 2284 2283 Quae
2313 2218 2417 2270 hac
2450 2219 2501 2271 in
2535 2233 2592 2273 re
2624 2219 2868 2275 Guibcrti
2912 2237 3061 2277 mens
3089 2222 3253 2277 fuerit
3292 2238 3396 2276 non

1825 2304 2000 2359 habeo
2029 2315 2397 2373 perspectum,
2426 2322 2613 2361 verum
2648 2310 2711 2369 si,
2746 2310 3085 2378 conjecturas
3127 2327 3397 2381 exponere

1825 2394 2027 2460 liceat,
2079 2395 2280 2465 duplici
2336 2398 2402 2450 de
2442 2413 2602 2452 causa
2658 2402 2907 2470 capsulas
2956 2416 3149 2457 aureas
3205 2418 3397 2472 argen-

1824 2493 2007 2539 teasve
2063 2485 2371 2553 improbare
2419 2488 2671 2541 videtur:
2705 2490 2789 2545 vel
2831 2492 2975 2546 enim
3038 2494 3161 2563 quia
3212 2494 3393 2547 statim

1826 2584 1986 2643 atque
2024 2589 2091 2627 ex
2119 2575 2222 2629 hac
2261 2575 2565 2631 colluvione
2594 2578 2647 2631 in
2680 2581 2877 2635 cmlum
2906 2583 3272 2637 discesserant
3300 2598 3396 2637 suo

1827 2673 2067 2733 tempore
2116 2664 2187 2733 pii
2249 2666 2389 2732 viri,
2441 2667 2678 2736 ipsorum
2731 2685 2958 2740 corpora
3025 2674 3077 2727 in
3130 2674 3396 2743 sepulcris

1825 2755 2005 2808 aureis
2041 2764 2095 2809 et
2140 2757 2414 2826 argenteis
2446 2759 2909 2835 recondebantur;
2944 2765 3085 2832 quod
3130 2780 3395 2835 nusquam

1826 2843 1878 2896 in
1918 2842 2156 2897 Ecclesia
2198 2854 2491 2915 receptum,
2527 2865 2547 2897 ‹
2576 2863 2698 2902 cum
2740 2833 2847 2905 Dei
2879 2851 3047 2906 Filius
3092 2868 3224 2906 saxo
3252 2833 3399 2908 vilis-

1826 2934 1963 2988 simo
1984 2934 2323 2999 obstruatur,
2359 2956 2378 2987 ι
2407 2935 2513 2990 fert
2553 2949 2763 2992 auctor.
2792 2939 2891 3004 Qui
2925 2950 2979 2993 et
3022 2941 3252 3011 idipsum
3288 2958 3399 2997 non

1828 3026 1900 3079 ita
1932 3027 2162 3081 obscure
2194 3028 2395 3081 indicat
2423 3029 2506 3083 his
2536 3030 2715 3083 verbis
2752 3049 2763 3082 :
2800 3049 2817 3081 ι
2846 3030 2976 3096 Qua:
3001 3033 3094 3087 Dei
3121 3036 3397 3088 aemulatio

1826 3125 1930 3179 est,
1979 3125 2112 3181 etc.,
2148 3127 2332 3171 nostro
2361 3126 2603 3187 tempore
2638 3127 3051 3185 comtncntetur,
3089 3125 3229 3192 quod
3264 3124 3398 3178 nulli

1830 3222 2062 3276 unquam
2096 3207 2364 3279 religioni,
2399 3209 2559 3264 nullis
2591 3226 2815 3278 usquam
2863 3212 3063 3267 divitiis
3098 3215 3396 3267 exhibitum

1830 3315 1858 3352 a
1918 3299 2113 3353 saeculo
2163 3301 2544 3369 comperimus.
2578 3321 2595 3353 ι
2651 3301 2746 3354 Vel
2795 3302 2863 3356 ob
2914 3319 3227 3371 perversum
3285 3316 3397 3359 tum

1828 3392 2110 3459 probatum
2145 3393 2415 3461 plerisque
2467 3405 2694 3457 morem,
2728 3402 2781 3447 et
2811 3404 3095 3463 qua‘stum.
3132 3394 3277 3462 Quos
3306 3398 3398 3450 Dei

1830 3483 1945 3537 zelo
1972 3497 2234 3538 accensus
2270 3500 2496 3554 magnus
2524 3485 2833 3539 Bernartius
2861 3501 3021 3553 quam
3050 3487 3399 3542 vehementer

1828 3571 2109 3642 obiurgat,
2162 3573 2408 3643 apologia
2461 3576 2526 3629 ad
2577 3575 2918 3630 Guillelmum
2966 3577 3248 3647 abbatcmf,
3299 3580 3399 3633 sub

1831 3662 2031 3717 finem:
2072 3683 2091 3715 ι
2121 3665 2187 3718 Ει
2214 3677 2272 3720 ut
2318 3678 2503 3734 aperte
2532 3667 2740 3737 loquar,
2791 3683 2858 3721 an
2906 3670 3009 3723 hoc
3065 3678 3232 3723 totum
3269 3670 3399 3723 facit

1830 3755 2079 3820 avaritia,
2108 3770 2227 3824 qua:
2256 3764 2339 3810 est
2362 3757 2626 3810 idolorum
2661 3759 2914 3822 servitus,
2943 3768 2997 3812 et
3028 3774 3132 3813 non
3166 3759 3401 3828 requiri-

1831 3859 1950 3898 mus
1975 3844 2234 3911 fructum,
2260 3848 2355 3901 sed
2379 3848 2597 3901 datum?
2620 3847 2674 3902 Si
2698 3850 2893 3917 qureris
2916 3850 3205 3919 quomodo,
3237 3851 3397 3914 miro,

1831 3934 2074 4002 inquam,
2102 3937 2281 3991 modo.
2333 3936 2450 3991 Tali
2494 3939 2727 4007 quadam
2768 3947 2887 3994 arte
2926 3940 3200 4009 spargitur
3236 3953 3311 3993 ms
3343 3948 3403 3992 ut

1830 4022 2244 4092 multiplicetur,
2296 4027 2623 4094 expenditur
2669 4035 2731 4081 ut
2788 4038 3068 4098 augeatur,
3108 4037 3162 4083 et
3210 4029 3401 4084 eﬂ'usio

1829 4115 2037 4183 cepiam
2084 4118 2246 4185 parit.
2277 4116 2398 4187 Ipso
2428 4118 2627 4187 quippe
2656 4118 2771 4173 visu
2813 4128 3275 4188 sumptuosarum,
3304 4121 3400 4174 sed

1830 4206 2196 4261 mirandarum
2221 4210 2521 4263 vanitatum
2555 4210 2924 4263 accenduntur
2950 4210 3203 4264 homines
3229 4211 3400 4281 magis

1830 4296 1896 4348 ad
1942 4293 2276 4351 offerendum
2315 4310 2478 4365 quam
2529 4298 2595 4352 ad
2641 4288 2996 4353 adorandum.
3035 4298 3184 4352 Auro
3244 4299 3400 4352 tectis

1830 4385 2076 4454 reliquiis
2134 4387 2452 4457 saginantur
2517 4388 2677 4453 oculi,
2730 4398 2786 4443 et
2850 4389 3012 4444 loculi
3062 4390 3399 4458 aperiuntur.

1832 4473 2149 4530 Ostenditur
2174 4476 2537 4545 pulcherrima
2574 4477 2748 4534 forma
2770 4480 2950 4533 sancti
2984 4479 3067 4535 vel
3097 4488 3317 4545 sanctas,
3345 4489 3403 4534 et

1831 4582 1897 4622 eo
1922 4568 2163 4623 creditur
2205 4569 2470 4637 sanctior,
2508 4585 2616 4641 quo
2661 4571 2974 4626 coloratior.
3018 4570 3256 4627 Currunt
3302 4571 3401 4626 ho-

1829 4660 2003 4714 mines
2024 4660 2089 4714 ad
2119 4660 2493 4728 osculandum,
2524 4662 2823 4717 invitantur
2848 4661 2915 4716 ad
2958 4662 3316 4728 adorandum,
3345 4672 3402 4717 et

1830 4750 2002 4820 magis
2031 4751 2298 4804 mirantur
2328 4751 2554 4821 pulchra
2594 4764 2757 4821 quam
2802 4760 3132 4807 venerantur
3169 4766 3343 4806 sacra.
3376 4770 3397 4801 ι

1828 4839 1913 4894 Ab
1965 4840 2069 4895 hoc
2123 4840 2346 4895 doctore
2398 4840 2769 4904 sanctissimo,
2827 4839 3098 4904 Alvarus,
3152 4854 3216 4894 eo
3272 4838 3403 4892 licet

1831 4928 2058 4984 inferior
2086 4929 2276 4994 multo,
2312 4929 2535 4984 minime
2573 4929 2845 4999 discrepat
2881 4928 2978 4985 lib.
3007 4946 3044 4983 ιι
3080 4929 3155 4982 De
3181 4926 3401 4996 planctu

1828 5016 2087 5076 Ecclesia
2136 5030 2253 5090 cap.
2310 5020 2398 5074 76.
2448 5039 2467 5071 ι
2500 5019 2648 5074 Multi
2689 5019 2848 5090 573
2892 5020 3139 5073 homines
3174 5016 3401 5070 veniunt

1831 5113 1897 5167 ad
1926 5111 2211 5167 ecclesiam
2263 5113 2433 5181 magis
2481 5120 2542 5165 ut
2580 5110 2917 5166 delectentur
2962 5120 3017 5165 et
3066 5108 3401 5162 admirentur

1830 5206 2051 5273 pulchra
2094 5205 2321 5261 aedilicia
2364 5213 2420 5260 et
2467 5204 2762 5275 imagines,
2804 5218 2965 5272 quam
3016 5210 3074 5255 ut
3122 5201 3400 5269 corrigunt

1829 5297 1980 5350 vitia.
2028 5295 2233 5350 Aurum
2280 5295 2448 5349 trahit
2495 5309 2709 5360 aurum,
2759 5292 2957 5361 politus
2999 5292 3137 5360 lapis
3193 5289 3398 5358 lapides

1830 5385 2101 5455 pretiosos
2136 5383 2325 5438 trahit.
2366 5383 2533 5453 Magis
2568 5379 2794 5436 offertur
2844 5378 3092 5449 reliquiis
3121 5378 3398 5433 deauratis

1830 5490 1991 5545 quam
2026 5473 2305 5544 pannosis,
2336 5492 2354 5524 ι
2388 5480 2496 5527 etc.

1901 5566 1998 5619 IIic
2035 5564 2378 5635 perversitas,
2416 5576 2519 5615 non
2549 5561 2747 5630 pietas,
2792 5558 3098 5613 damnatur.
3140 5558 3395 5627 Alioquin

1833 5657 2058 5710 inficiari
2109 5663 2287 5724 potest
2333 5652 2515 5717 nem'o,
2570 5651 2717 5707 cultu
2768 5649 2950 5705 divino
3000 5648 3256 5717 impulsos
3304 5649 3399 5717 qui

1833 5748 2053 5817 primas,
2106 5755 2217 5800 tum
2269 5745 2573 5810 sanctitate,
2628 5751 2738 5796 tum
2784 5740 3044 5812 dignitate
3084 5746 3397 5803 tenuerunt,
