3982 6346
627 417 648 468 1
661 412 765 467 059

1606 395 1697 450 AD
1724 395 1874 452 ore.
1905 393 2064 449 VEN.
2104 391 2429 448 GUIBERTI
2457 393 2544 448 nr:
2567 373 2962 450 sovt’C’sNTo

3687 408 3782 466 ιοιο

622 532 934 582 sanctorum
965 513 1189 570 exuvias
1216 507 1502 564 identidem
1527 515 1774 577 argento,
1799 520 1953 569 auro,
1977 502 2203 573 gemmis
2229 507 2280 563 Α
2379 503 2740 559 Nihilosecius
2768 503 2898 558 olim
2925 511 2982 559 et
3007 503 3059 558 in
3091 504 3234 562 hunc
3269 521 3434 578 usque
3461 509 3584 564 diem
3607 512 3782 575 diversas

622 607 1060 673 circumvestisse
1112 611 1168 657 et
1218 601 1536 656 adornasse.
1591 597 1854 667 Exempla
1905 602 2199 666 suppetunt

622 707 943 762 innumera;
978 708 1098 764 quae
1134 689 1419 746 brevitatis
1449 702 1578 757 ergo
1610 696 1854 742 attexc‘re
1881 684 2198 753 supersede—

619 806 762 846 mus.
814 787 995 842 lnstar
1039 780 1148 836 sint
1193 781 1434 836 omnium
1485 777 1542 832 S.
1599 774 1812 831 Salvius
1848 773 2194 828 Ambianens.

625 902 642 932 ι
673 879 774 950 Qui
799 877 1104 949 sepulcrum
1137 873 1198 929 S.
1225 869 1454 927 Firmini
1516 882 1650 921 auro
1681 865 2015 936 gemmisque
2048 863 2200 917 nobi-

621 973 742 1026 liter
767 968 1072 1026 decoravit.
1104 986 1122 1016 »
1165 965 1301 1019 Vitze
1343 960 1403 1016 S.
1447 959 1614 1013 Salvii
1657 973 1774 1026 cap.
1804 956 1858 1010 5.
1894 955 1959 1008 Εῑ
1991 954 2051 1008 S.
2088 952 2201 1007 Au-

620 1060 825 1114 doenus
855 1058 909 1110 in
934 1055 1055 1110 Vita
1085 1051 1333 1119 S.‘Eligii
1369 1049 1463 1102 lib.
1494 1063 1532 1110 ι,
1565 1061 1685 1114 cap.
1731 1045 1799 1098 52
1831 1061 1843 1097 :
1876 1063 1894 1095 ‹
1923 1043 2021 1097 llic
2053 1043 2194 1096 idem

619 1152 703 1206 vir
728 1152 949 1213 beatus,
979 1147 1123 1201 inter
1161 1154 1352 1198 cmtera
1385 1141 1651 1195 bonorum
1686 1152 1910 1207 operum
1943 1134 2198 1204 insignia,

619 1242 789 1297 multa
814 1248 1128 1295 sanctorum
1153 1250 1286 1289 auro
1315 1240 1648 1302 argentoque
1697 1237 1752 1282 et
1775 1227 2003 1297 gemmis
2032 1225 2198 1279 fabri-

620 1333 767 1388 cavit
795 1330 1065 1400 sepulcra,
1100 1328 1150 1382 id
1189 1335 1272 1381 est
1307 1321 1586 1382 Germani,
1619 1319 1888 1381 Severini,
1927 1315 2194 1376 Piatonis,

621 1421 889 1489 Quintini,
925 1419 1099 1482 Lucii,
1139 1413 1448 1477 Genovefm,
1481 1409 1774 1473 Columbae,
1805 1407 2117 1461 Maximiani
2145 1413 2200 1459 et

620 1512 857 1575 Loliani,
894 1507 1199 1574 etJuliani,
1249 1506 1427 1560 adhuc
1476 1512 1532 1558 et
1583 1501 1812 1555 aliorum
1869 1499 2196 1562 multorum,

621 1605 720 1659 sed
758 1603 1026 1674 praecipue
1065 1598 1278 1654 Martini
1315 1594 1550 1650 Turonis
1599 1593 1846 1653 civitate,
1896 1599 2000 1642 etc.
2049 1587 2198 1640 Prte-

617 1703 767 1749 terea
817 1693 1023 1762 Eligius
1054 1689 1339 1746 fabricavit
1369 1697 1423 1741 et
1464 1683 1798 1738 mausoleum
1845 1679 1903 1734 S.
1945 1678 2199 1748 Martyris

617 1786 862 1857 Dionysii
909 1783 1153 1838 Parisius
1204 1781 1458 1843 civitate,
1499 1785 1553 1832 et
1591 1775 1865 1846 tugurium
1913 1787 2072 1841 super
2120 1771 2199 1840 ip-

618 1891 740 1931 sum
778 1890 1152 1932 marmoreum
1206 1873 1345 1926 miro
1382 1885 1549 1938 opere
1580 1868 1647 1922 de
1680 1882 1814 1920 auro
1843 1873 1896 1919 et
1927 1862 2194 1933 gemmis:

621 1965 847 2019 cristam
873 1978 1091 2034 quoque
1112 1971 1166 2017 et
1191 1960 1402 2031 species
1434 1959 1500 2013 de
1527 1955 1706 2010 fronte
1741 1953 2026 2024 magnifice
2051 1966 2198 2006 corn-

619 2055 830 2125 posuit;
863 2070 962 2110 nec
990 2070 1096 2109 non
1119 2061 1172 2109 et
1199 2068 1330 2107 axes
1359 2051 1410 2104 in
1440 2049 1670 2104 circuitu
1703 2045 1908 2110 altaris,
1933 2065 1950 2096 ›
1976 2052 2083 2098 etc.
2120 2041 2197 2096 lta

619 2163 721 2202 ms.
753 2148 924 2202 codex
950 2146 1271 2202 Corbeiens.

687 2238 859 2294 Porro
892 2239 1153 2310 idgenus
1201 2236 1482 2289 thecarum
1527 2249 1660 2287 attro
1703 2241 1755 2287 et
1802 2237 2031 2300 argento
2069 2243 2198 2283 con-

633 2313 918 2397 fectarum,
964 2338 1125 2399 atque
1156 2326 1387 2396 gemmis
1423 2325 1654 2394 sparsim
1687 2333 2025 2384 ornatarum,
2064 2318 2199 2372 anti-

629 2423 814 2492 quitus
851 2421 904 2474 in
952 2419 1191 2474 Ecclesia
1239 2431 1394 2471 usum
1439 2413 1732 2469 invaluisse
1768 2411 1991 2466 tradunt
2033 2408 2198 2463 Sozo-

613 2502 811 2564 'menus
849 2509 952 2564 lib.
1001 2524 1078 2572 tx,
1120 2522 1241 2577 cap.
1275 2506 1330 2570 2,
1378 2506 1432 2559 in
1465 2504 1609 2568 ﬁne;
1645 2503 1930 2571 Nicephor.
1957 2500 2050 2555 lib.
2083 2514 2192 2559 xw,

618 2613 739 2668 cap.
775 2599 877 2663 45;
911 2597 1192 2653 Aimoinus
1223 2597 1298 2651 De
1329 2596 1519 2650 mirae.
1550 2594 1826 2649 Benedict.
1859 2593 1952 2649 lib.
1981 2607 2045 2657 ιι,
2069 2605 2192 2660 cap.

619 2687 687 2742 £9
717 2688 816 2742 sub
846 2679 1028 2742 ﬁnem.

694 2774 883 2831 Solerc
920 2784 1100 2830 autem
1143 2774 1384 2830 Francos
1416 2773 1468 2827 in
1502 2772 1692 2828 abside
1727 2769 1968 2826 ecclesiae
2003 2783 2197 2838 capsas

621 2873 940 2920 sanctorum
999 2863 1246 2934 reliquiis
1298 2861 1531 2918 refertas
1585 2861 1892 2926 collocare,
1942 2859 2098 2930 queis
2143 2866 2200 2913 et

617 2955 807 3034 ‘intea,
863 2973 928 3012 ac
983 2954 1157 3013 serica
1203 2953 1368 3026 pallia
1416 2951 1882 3024 supponebantnr,
1926 2950 2082 3006 testis
2109 2959 2194 3006 est

618 3048 905 3120 Eginhart.
955 3063 1078 3118 cap.
1124 3047 1223 3103 ult.
1251 3047 1357 3106 lib.
1388 3046 1464 3100 De
1499 3044 1749 3099 translat.
1799 3042 1898 3098 SS.
1949 3040 2094 3096 Petri
2143 3050 2201 3098 et

618 3139 940 3207 Marcellini,
967 3139 1110 3210 apud
1137 3138 1359 3194 Surium
1388 3137 1454 3192 ad
1485 3137 1627 3193 diem
1652 3137 1687 3190 ‘2
1711 3133 1876 3190 Junii.

691 3232 769 3287 Ad
817 3232 951 3302 quid
1005 3231 1222 3286 demum
1278 3228 1609 3300 ejuscemodi
1655 3228 1707 3280 in
1749 3226 1984 3295 capsulis
2031 3239 2200 3280 sacra:

620 3322 862 3393 reliquiae
907 3330 1276 3389 asserventur,
1303 3320 1462 3376 docet
1485 3318 1809 3374 Theofridus
1834 3317 2000 3372 abbas
2021 3331 2202 3372 sermo

619 3413 686 3468 de
718 3413 983 3486 reliquiis,
1020 3422 1147 3469 ante
1187 3413 1348 3468 ﬁnem
1377 3429 1389 3465 :
1421 3428 1440 3462 ε
1463 3409 1518 3465 1η
1559 3409 1914 3480 dispositione
1946 3421 2076 3462 sane
2105 3405 2202 3461 Dei

620 3512 770 3561 tanta
841 3507 996 3576 quasi
1057 3502 1468 3576 patrisfamilias
1509 3502 1692 3566 domo,
1739 3514 1866 3554 vasa
1907 3499 1958 3552 in
1999 3498 2202 3552 honore

619 3613 745 3654 esse
799 3615 864 3654 ac
911 3597 1080 3655 fuisse
1134 3597 1293 3666 electi
1347 3595 1684 3660 creduntur;
1742 3593 1864 3648 ideo
1914 3599 1968 3646 et
2015 3605 2202 3646 eorum

623 3689 872 3760 reliquiae
900 3689 955 3744 in
984 3688 1134 3744 vasis
1183 3687 1363 3743 aureis
1414 3694 1576 3755 atque
1617 3682 1915 3753 argenteis,
1957 3687 2012 3736 et
2053 3695 2202 3750 gem-

625 3780 808 3845 matis,
843 3794 906 3834 ac
937 3779 988 3832 in
1021 3777 1274 3834 omnibus
1301 3791 1423 3846 qua:
1448 3776 1684 3844 pretiosa
1711 3779 1859 3836 sunt,
1893 3769 2200 3826 recondun-

629 3873 786 3932 tur,'»
820 3876 926 3922 etc.
975 3867 1085 3922 Nec
1126 3867 1196 3922 ab
1236 3865 1324 3920 his
1371 3863 1652 3920 dissimilia
1699 3860 1896 3916 effatus
1947 3869 2031 3916 est
2079 3868 2204 3916 ante

621 3956 971 4012 'l‘heofridum
989 3957 1257 4013 S.Petrus
1289 3955 1558 4020 Damiaui,
1585 3969 1838 4009 sermone
1873 3954 1938 4009 de
1971 3953 2200 4009 transla-

623 4047 770 4102 tione
794 4045 854 4100 S.
887 4043 1100 4110 Hilarii,
1133 4046 1307 4100 initio.

699 4135 788 4208 (³⁸)
823 4135 952 4192 Car.
995 4135 1082 4202 ιν,
1122 4135 1149 4207 §
1185 4153 1222 4190 ι.
1249 4167 1320 4177 --
1351 4134 1502 4192 Certe
1547 4139 1591 4192 si
1635 4147 1936 4192 sanctorum
1982 4151 2202 4204 corpora

621 4245 718 4283 sua
771 4228 928 4298 juxta
993 4239 1196 4282 natura:
1255 4229 1484 4284 debitum
1533 4229 1678 4297 loca,
1731 4230 1785 4283 id
1834 4241 1906 4283 est
1965 4227 2204 4298 sepulcra

623 4329 932 4386 servassent,
958 4330 1062 4375 etc.
1091 4319 1164 4374 E0
1195 4321 1298 4374 loci
1323 4330 1544 4391 propter
1569 4323 1792 4392 impium
1829 4319 2204 4375 tantummodo

623 4415 1028 4477 commercium,
1065 4401 1362 4468 et’falsam
1425 4413 1700 4467 hominum
1750 4412 2082 4482 religionem,
2141 4425 2204 4464 ac

623 4503 870 4560 fraudem
901 4545 914 4570 ,
995 4503 1258 4560 Guiberto
1333 4518 1438 4557 non
1497 4504 1796 4574 probantur
1855 4502 2202 4572 reliquiarum

624 4588 1044 4658 translationes,
1120 4593 1524 4663 divisionesque
1573 4609 1587 4648 :
1641 4610 1804 4664 quam
1865 4594 1936 4650 ob
1983 4608 2204 4648 causam

624 4685 814 4740 beatus
858 4685 1187 4755 Augustinus
1218 4685 1284 4739 de
1323 4699 1488 4755 opere
1519 4683 1908 4740 Monachorum
1957 4698 2074 4754 cap.
2104 4683 2203 4738 28:

633 4793 652 4825 ι
681 4773 878 4829 Multos
900 4774 1213 4844 hypocritas
1243 4776 1343 4829 sub
1370 4775 1556 4830 habitu
1587 4775 1975 4830 monachorum
2008 4790 2207 4846 usque-

624 4879 841 4937 quaque
872 4864 1134 4934 dispersit
1162 4857 1420 4936 (daemon)
1447 4866 1848 4922 circumeuntes
1877 4868 2205 4937 provincias,

625 4972 893 5028 nusquam
922 4955 1136 5020 missos,
1182 4971 1448 5025 nusquam
1486 4957 1641 5021 ﬁxos,
1687 4973 1951 5030 nusquam
1983 4966 2204 5022 stantes,

627 5063 896 5118 nusquam
919 5047 1200 5111 sedentes;
1232 5047 1321 5100 alii
1344 5048 1585 5101 membra
1604 5057 1928 5119 martyrum,
1958 5049 2002 5102 si
2029 5057 2209 5102 tamen

629 5148 932 5211 martyrum
997 5140 1241 5194 membra
1282 5181 1297 5206 ,
1366 5141 1682 5206 venditant,
1754 5149 1861 5195 etc.
1929 5140 2206 5210 Siquidem

630 5237 1017 5294 callidissimus
1058 5236 1230 5294 hostis
1260 5234 1522 5305 (loquitur
1555 5231 1843 5296 Baronius)
1894 5232 2099 5286 studuit
2130 5233 2212 5285 in-

633 5327 842 5384 famare
888 5329 1254 5385 clarissimum
1308 5325 1704 5402 monachorum
1752 5338 2008 5378 nomen.»
2057 5322 2210 5390 Quod

634 5420 939 5475 Theodosio
989 5421 1121 5489 imp.
1180 5417 1486 5473 sancienda:
1539 5415 1766 5484 hujusce
1815 5413 1946 5482 legis
1987 5412 2087 5466 fuit
2116 5428 2210 5468 oc-

636 5507 827 5563 casio:
867 5527 884 5560 ι
914 5508 1202 5564 llumatum
1240 5521 1437 5576 corpus
1470 5519 1628 5559 nemo
1664 5504 1732 5558 ad
1767 5503 1995 5558 alterum
2028 5503 2208 5558 locum

635 5595 930 5652 transferat
961 5613 974 5651 :
1008 5612 1168 5654 nemo
1197 5607 1492 5668 martyrem
1524 5596 1814 5659 distrahat,
1857 5611 2016 5652 nemo
2053 5610 2196 5649 mer-

636 5698 846 5756 cetur,»
891 5699 994 5744 etc.
1034 5690 1095 5745 C.
1129 5691 1165 5744 l.
1199 5690 1294 5744 ult.
1331 5691 1404 5760 De
1439 5689 1671 5758 sepulcr.
1723 5688 1910 5744 violat.
1940 5687 2001 5744 C.
2036 5687 2209 5741 Theo-

633 5779 838 5837 dosius.
2095 5771 2106 5778 ’

2303 608 2404 664 per
2452 593 2726 648 Ecclesiae
2757 594 2920 648 unius
2951 594 3176 665 alicujus
3202 598 3378 652 sancti
3402 614 3516 654 ossa
3542 601 3778 675 diSpertire,

2300 702 2408 756 quo
2445 689 2496 742 in
2529 689 2780 742 eumdem
2807 687 2993 758 populi
3033 699 3326 758 angeretur
3354 689 3557 747 devotio
3576 703 3621 747 et
3640 696 3782 764 cultus,

2301 779 2544 833 Stabilem
2567 779 2924 849 permansisse
2940 782 3381 836 consuetudinem
3399 784 3605 853 produnt
3620 784 3786 848 Evodius

2302 867 2378 923 De
2404 871 2593 923 mirae.
2617 870 2673 922 S.
2694 867 2976 938 Stephani,
3005 869 3102 924 lib.
3129 887 3169 935 ι,
3192 887 3314 940 cap.
3340 872 3401 936 2;
3426 877 3783 947 apudAugust.ia

2300 959 2545 1028 Append.
2574 969 2702 1014 tom.
2724 957 2804 1025 X;
2832 961 3154 1016 Theodorei.
3173 963 3311 1017 llist.
3335 963 3424 1016 lib.
3448 981 3619 1036 v,cap.
3638 969 3787 1036 56;hi-

2301 1050 2520 1116 cepltor.
2539 1049 2630 1102 lib.
2645 1064 2716 1103 vn
2727 1091 2740 1114 ,
2754 1064 2872 1120 cap.
2887 1049 3119 1117 49.Quin
3133 1051 3296 1105 etiam
3312 1053 3586 1122 scriptores
3598 1066 3788 1116 testantur

2301 1140 2448 1194 viros
2497 1141 2758 1210 religione
2809 1142 3130 1211 conspicuos
3177 1159 3390 1198 summa
3433 1160 3544 1199 cum
3580 1147 3787 1206 devotione

2303 1229 2616 1285 Sanctorum
2663 1241 2904 1302 gestasse
2957 1233 3256 1305 reliquias”
3291 1234 3434 1290 velut
3477 1236 3530 1292 S.
3565 1238 3788 1298 Germanus

2301 1322 2788 1378 Antissiodorensis
2812 1332 2948 1379 teste
2977 1325 3146 1393 ipsius
3169 1326 3469 1396 biograpbo
3493 1329 3614 1397 apud
3636 1330 3787 1386 Surium

2301 1411 2370 1466 50
2399 1410 2503 1466 Jul.
2542 1411 2638 1466 SS.
2671 1412 2997 1469 Benedictus
3028 1423 3080 1469 et
3113 1415 3358 1482 Maurus,
3385 1415 3627 1474 referente
3649 1421 3788 1478 Fausto

2302 1503 2355 1556 in
2411 1504 2526 1557 Vita
2571 1503 2628 1558 S.
2664 1504 2860 1571 Mauri,
2892 1521 3014 1576 cap.
3044 1507 3099 1573 5,
3132 1516 3301 1577 atque
3331 1507 3421 1562 alii
3451 1523 3596 1578 quam
3618 1510 3785 1580 plurimi.

2300 1592 2372 1646 At
2424 1608 2590 1657 vero,
2647 1594 2797 1648 «Per
2843 1597 2945 1650 hoc
2997 1595 3258 1666 (gemens
3312 1598 3503 1653 scribit
3551 1599 3626 1654 hic
3662 1611 3788 1657 noster

2301 1681 2615 1752 Guibertns)
2667 1683 2810 1752 quod
2864 1699 2895 1738 e
2934 1685 3154 1740 tumulis
3198 1697 3488 1752 eruuntur,
3534 1689 3788 1744 membratim

2303 1771 2410 1827 huc
2459 1772 2696 1842 illucque
2743 1773 3028 1841 feruntur,
3075 1785 3132 1832 et
3181 1793 3310 1832 cum
3364 1779 3570 1849 pietatis
3611 1780 3789 1834 obtentu:

2223 1841 2274 1896 Β
2297 1862 2521 1918 occasio
2562 1863 2993 1920 circumlationis
3041 1867 3338 1933 exstiterit,
3386 1869 3450 1922 ad
3483 1870 3574 1923 hoc
3603 1861 3789 1923 subeunte

2301 1955 2543 2023 nequitia
2569 1955 2880 2024 detorqueri
2906 1965 3085 2026 coepta
3108 1965 3192 2013 est
3214 1959 3524 2014 intentionis
3547 1959 3785 2015 rectitude.»

2300 2045 2479 2111 Quare
2533 2046 2774 2116 synodus
2820 2046 3047 2102 Bracar.
3079 2063 3166 2112 ιιι,
3211 2063 3334 2120 cap.
3383 2049 3458 2120 6.:
3501 2068 3520 2101 σ
3548 2049 3789 2118 Agnovimus

2289 2136 2573 2204 quosdam
2629 2137 2695 2191 de
2749 2138 3058 2207 episcopis,
3128 2140 3275 2208 quod
3344 2141 3396 2193 in
3453 2138 3788 2194 solemnitatibus

2300 2236 2601 2294 martyrum
2637 2229 2704 2281 ad
2738 2227 3024 2282 ecclesiam
3059 2229 3410 2296 progressuri
3449 2227 3671 2296 reliquias
3699 2226 3790 2280 collo

2301 2331 2400 2371 suo
2442 2319 2742 2386 imponant,
2783 2325 2838 2372 et
2878 2325 2938 2372 ut
2968 2317 3194 2388 majoris
3242 2319 3418 2373 fastus
3458 2317 3582 2388 apud
3618 2317 3789 2373 homines

2301 2408 2475 2478 gloria
2532 2407 2904 2462 intumescant
2956 2409 3149 2479 (quasi
3209 2409 3313 2480 ipsi
3367 2409 3476 2464 sint
3526 2409 3786 2476 reliquiarum

2301 2497 2452 2568 arca)
2503 2497 2707 2553 Levitze
2751 2498 2887 2554 albis
2932 2500 3106 2555 induti
3135 2501 3189 2554 in
3221 2499 3432 2555 sellulis
3454 2515 3544 2556 eos
3567 2500 3786 2568 deportant.

2297 2593 2430 2659 Quae
2481 2591 2802 2647 detestanda
2848 2594 3200 2662 praesumptio
3243 2592 3497 2664 abrogari
3547 2607 3629 2661 per
3664 2589 3786 2644 omnia

2301 2685 2480 2752 debet,
2527 2701 2598 2742 ne
2639 2685 2742 2740 sub
2780 2683 3088 2739 sanctitatis
3134 2684 3323 2754 specie
3377 2683 3606 2738 simulata
3646 2681 3788 2734 vanitas

2301 2777 2414 2831 sola
2439 2775 2755 2846 praavaleat,
2789 2793 2808 2824 ι
2839 2784 2946 2828 etc.
2979 2774 3200 2830 Minime
3248 2783 3433 2829 autem
3475 2776 3623 2828 hocce
3640 2774 3788 2827 decreto

2302 2860 2562 2937 reliquias
2587 2881 2619 2920 a
2643 2864 2842 2936 populo
2870 2864 2996 2931 coli,
3021 2866 3107 2920 vel
3133 2866 3280 2936 ipsas
3309 2865 3504 2922 deferri
3527 2865 3585 2918 ab
3606 2862 3790 2932 episcopis

2302 2957 2657 3027 improbatur.
2702 2978 2719 3010 ι
2754 2958 2906 3026 Quod
2949 2957 2994 3012 si
3045 2957 3216 3011 etiam
3261 2957 3548 3028 episcopus
3581 2953 3790 3021 (subiufert

2301 3049 2538 3120 synodus
2564 3049 2778 3120 eadem)
2810 3047 3072 3118 reliquias
3098 3061 3196 3116 per
3228 3061 3294 3102 se
3322 3047 3594 3118 deportare
3618 3040 3788 3112 degerit.

2302 3143 2409 3192 non
2439 3139 2556 3208 ipse
2584 3155 2613 3193 a
2643 3139 2966 3195 diaconibus
3007 3138 3061 3192 in
3101 3136 3332 3203 scllulis,
3373 3137 3464 3192 sed
3497 3135 3650 3206 potius
3669 3131 3788 3203 pedis-

2304 3247 2472 3301 seqna
2519 3247 2605 3297 eo,
2655 3248 2763 3288 una
2815 3246 2939 3286 cum
2988 3229 3203 3304 populis
3255 3228 3620 3300 progressione
3652 3236 3790 3294 prece-

2304 3321 2504 3388 dente,
2545 3340 2563 3374 ι
2627 3329 2734 3376 etc.
2796 3321 3008 3377 Videsis
3073 3321 3141 3376 ad
3208 3320 3390 3392 ipsum
3445 3328 3589 3391 caput
3635 3316 3790 3371 adnota-

2305 3415 2528 3469 tionem.
2887 3419 2890 3422 λ

2374 3502 2542 3559 Abest
2579 3517 2741 3572 quam
2773 3501 3091 3573 longissime
3119 3503 3188 3558 ab
3213 3504 3408 3575 synodi
3450 3503 3579 3558 illius
3605 3496 3789 3567 religione

2303 3603 2359 3650 et
2406 3595 2523 3650 zelo
2571 3609 2724 3650 mens
2769 3610 2958 3650 eorum
3009 3597 3101 3665 qui
3153 3596 3608 3657 ecclesiasticam,
3645 3591 3726 3645 imo
3757 3593 3790 3640 et

2307 3687 2600 3742 arctiorem
2633 3687 2802 3740 vitam
2830 3685 3086 3757 professi,
3118 3689 3310 3742 nescio
3341 3703 3446 3759 qua
3475 3687 3664 3757 pietate,
3682 3692 3791 3752 prope

2305 3777 2550 3833 dixeram
2575 3777 2874 3847 impietate,
2902 3777 3071 3843 ducti,
3091 3778 3390 3848 purissima
3412 3775 3792 3840 sacratissimaque

2313 3876 2624 3924 sanctorum
2652 3883 2776 3922 ossa
2807 3868 3111 3923 minutatim
3163 3870 3498 3942 discerpunt,
3532 3878 3582 3923 ut
3607 3871 3786 3922 auroaut

2306 3969 2566 4032 argento,
2636 3978 2699 4016 ac
2763 3959 2992 4030 gemmis
3055 3969 3308 4016 contecta
3374 3957 3670 4016 mulierculis
3708 3953 3794 4008 liam

2305 4063 2646 4116 ornamenta,
2687 4055 2929 4118 monilia,
2978 4055 3228 4119 ludibria,
3273 4063 3331 4108 et
3365 4051 3580 4124 perditis
3609 4063 3660 4103 ac
3681 4047 3793 4101 (“SSO-

2307 4141 2435 4195 lutis
2467 4158 2610 4212 saepe
2655 4144 2787 4199 viris
2815 4145 3078 4199 scelerum
3111 4144 3322 4213 species
3353 4153 3408 4199 et
3437 4144 3673 4199 obtentus.
3695 4134 3790 4191 Heu!

2309 4233 2504 4301 ecquid
2539 4241 2744 4304 ageret,
2796 4234 2993 4302 quibus
3036 4233 3218 4288 verbis
3260 4232 3426 4305 574Ι
3473 4231 3619 4286 abbas
3648 4233 3787 4281 noster.

2307 4322 2605 4393 Patresque
2637 4324 2848 4393 praelati
2889 4326 3099 4396 synodi,
3149 4340 3258 4393 quo
3302 4324 3554 4380 nefariam
3584 4321 3690 4374 adeo
3713 4328 3788 4367 rem

2308 4429 2338 4468 e
2368 4415 2546 4469 medio
2577 4415 2850 4484 tollerent,
2880 4423 3184 4470 uterentur.
3213 4415 3388 4471 Parco
3411 4411 3624 4484 scriptis,
3644 4423 3695 4462 ne
3710 4400 3791 4473 qui"

2229 4527 2281 4586 ι)
2305 4503 2545 4574 gravius.
3513 4503 3518 4508 ’

2377 4596 2618 4652 Audiant
2657 4598 3012 4654 nihilominus
3041 4597 3135 4668 qui
3167 4608 3275 4653 tam
3312 4597 3517 4653 funesta
3547 4603 3672 4666 peste
3693 4585 3793 4641 labo-

2308 4699 2470 4756 rant,
2525 4699 2578 4745 et
2631 4691 2795 4746 corde
2861 4689 3207 4760 percipiant,
3253 4690 3332 4760 de
3382 4699 3524 4744 recto
3565 4691 3792 4740 sanctorum

2310 4778 2631 4849 pignoribus
2657 4780 2806 4834 cultu
2842 4779 3168 4846 exhibendo,
3199 4795 3472 4850 quamque
3500 4765 3792 4844 religioscsinl

2309 4871 2638 4926 asservanda
2686 4872 2816 4941 quid
2862 4871 3147 4936 edoceant,
3195 4871 3585 4938 deeernantque
3609 4856 3789 4919 concilia,

2309 4971 2366 5016 et
2401 4963 2600 5017 summi
2645 4963 2894 5018 ecclesiae
2941 4970 3203 5018 rectores.
3235 4960 3441 5016 Concil.
3471 4959 3730 5029 Epaonense
3749 4944 3790 4996 Α·

2309 5051 2372 5108 c.
2407 5052 2510 5107 εει-ι
2553 5043 2912 5117 celebratum,
2953 5067 3075 5122 cap.
3105 5052 3176 5107 25
3207 5070 3219 5105 ε
3252 5071 3270 5103 ι
3294 5051 3600 5106 Sanctorum
3623 5032 3791 5105 τειίιυίπ

2311 5141 2366 5195 in
2414 5142 2669 5196 oratoriis
2719 5141 3004 5197 villaribus
3041 5135 3156 5196 non
3203 5149 3492 5210 ponantur,
3523 5133 3611 5190 nisi
3633 5123 3791 5183 forsit:ll

2310 5233 2540 5290 clericos
2584 5233 2954 5303 cujuscunque
3003 5233 3277 5304 parochia:
3322 5232 3522 5288 vicinos
3568 5217 3788 5304 contingat.

2311 5322 2402 5391 qui
2446 5301 2935 5378 sacrisdcineribus
2983 5301 3246 5393 psallendi
3293 5315 3579 5390 frequentia
3602 5301 3791 5393 famule‘uf

2314 5382 2421 5464 tur.
2459 5429 2478 5462 ι
2552 5410 2732 5466 Caroli
2786 5382 3185 5480 Magni-capit.
3235 5410 3270 5464 5
3318 5382 3516 5464 Eccles.
3561 5414 3659 5469 ων·
3711 5382 3790 5488 [9⁸

2311 5505 2687 5574 unusquisque
2725 5505 2983 5560 sacerdos
3023 5503 3309 5560 ecclesiam
3365 5516 3512 5558 suam
3555 5488 3675 5552 omni
3709 5478 3788 5537 δίη·

2312 5597 2492 5667 gentia
2514 5597 2767 5662 aediﬁcet,
2800 5607 2854 5652 et
2877 5597 3134 5668 reliquias
3169 5605 3473 5652 sanctorum
3503 5600 3609 5644 cum
3632 5581 3780 5634 summa

2312 5688 2495 5742 studio
2545 5688 2851 5757 vigiliarum
2888 5689 3063 5742 noctis
3108 5697 3164 5743 et
3195 5687 3387 5742 divinis
3447 5677 3613 5736 ofﬁciis
3633 5673 3787 5757 οοηεξξς

2314 5741 2422 5835 vel.
2447 5741 2791 5850 ιοτοξοτιιιε
2827 5779 2963 5850 Mag.
3012 5741 3133 5834 ut;
3156 5794 3212 5846 ν,
3263 5777 3414 5849 epist.
3438 5773 3520 5838 δι,
3561 5757 3702 5822 missis
3722 5741 3786 5803 ss

2228 3180 2270 3237 C
