3982 6346
166 264 289 321 1041

1324 265 1527 322 DOMNI
1564 266 1625 321 L.
1664 265 2001 323 D’ACHERY
2038 266 2265 325 NOTJE.

3263 269 3395 330 1042

160 378 305 435 Petri
336 386 388 431 et
415 360 563 431 Pauli
600 358 859 444 reliquiis,
909 377 988 431 sic
1024 377 1358 433 Brunichildi
1398 380 1727 434 Francorum
1758 389 1801 444 Α
1829 384 2055 437 crimine
2110 382 2337 436 aliorum
2407 384 2716 454 prospexit;
2776 383 3151 456 prolatumque
3199 404 3395 460 corpus

162 471 364 542 regina:
393 467 623 523 scribit:
657 467 805 523 «Sed
849 477 907 522 ut
951 468 1003 523 in
1045 470 1197 524 vobis
1234 472 1408 541 magis
1449 472 1723 541 magisque

163 559 452 614 laudabilis
480 566 534 613 et
556 558 804 628 religiosa
840 559 1010 628 possit
1039 559 1249 615 clarere
1274 560 1511 627 devotio,
1545 562 1723 631 provi-

158 651 393 704 dendum
416 649 570 704 vobis
591 659 673 703 est
705 659 763 703 ut
811 659 1122 703 sanctorum
1147 650 1402 705 beneﬁcia
1432 666 1552 705 eum
1575 666 1724 707 reve-

158 740 334 794 rentia
385 746 440 793 et
487 739 692 793 honore
738 740 1059 805 condantur,
1102 748 1156 795 et
1199 742 1497 797 servientes
1524 743 1721 798 ibidem

157 827 323 881 nullis
352 825 631 890 oneribus,
683 827 951 897 nullisque
990 829 1253 884 molestiis
1297 830 1625 901 afﬂigantur,
1656 846 1725 886 ne

156 919 389 974 forsitan
459 918 789 973 necessitate
846 918 1085 974 exterius
1146 920 1459 974 imminente
1520 922 1572 974 in
1628 921 1721 977 Dei

153 1010 381 1065 servitio
413 1008 628 1063 inutiles
652 1018 708 1063 et
754 1025 947 1079 segnes
994 1011 1308 1075 reddantur,
1349 1020 1401 1066 et
1441 1010 1717 1078 injuriam,

152 1100 302 1168 quod
358 1100 543 1153 absit!
610 1099 1025 1169 neglectumque
1088 1101 1346 1156 beneﬁcia
1415 1110 1722 1156 sanctorum

153 1191 419 1244 collocata
447 1189 768 1254 sustineant,
800 1209 817 1241 ι
864 1198 969 1245 etc.
1002 1191 1131 1244 Item
1164 1192 1253 1244 lib.
1305 1208 1397 1253 vn,
1433 1194 1593 1260 epist.
1634 1192 1720 1256 12,

152 1280 223 1332 de
262 1278 520 1346 Reliquiis
547 1277 647 1333 SS.
693 1278 982 1347 Hermctis,
1024 1279 1336 1349 Hyacinthi,
1382 1290 1436 1335 et
1483 1280 1720 1345 Maximi,

152 1368 483 1424 collocandis
529 1368 581 1421 in
620 1368 848 1423 ecclesia
902 1369 957 1423 S.
1000 1370 1176 1423 Mariae
1202 1370 1503 1440 Spoletanre
1549 1385 1563 1423 :
1610 1389 1627 1421 ι
1659 1371 1723 1425 Ει

151 1459 303 1523 ideo,
342 1457 512 1533 frater
559 1458 901 1522 clarissime,
949 1459 993 1513 si
1024 1460 1077 1512 in
1118 1450 1319 1514 eodem
1359 1460 1478 1513 loco
1519 1462 1721 1513 nullum

151 1567 354 1617 t'utptls
389 1558 603 1603 constat
645 1551 948 1612 humatum,
995 1552 1302 1604 sanctuaria
1343 1551 1721 1620 praedictorum

150 1652 455 1713 martyrum
480 1659 602 1698 eum
632 1645 933 1698 reverentia
964 1642 1455 1714 sine'ambiguitate
1476 1656 1720 1714 suscepta

1829 472 1881 525 in
1908 472 2141 525 medium
2188 471 2578 540 inspiciendum
2633 474 2899 540 exhibuit,
2952 476 3068 544 ipso
3117 494 3143 532 a
3192 480 3389 549 capite,

1827 559 2091 612 monacho
2138 573 2235 612 suo
2258 573 2286 611 a
2317 560 2540 628 pedibus
2580 563 2849 618 trahente.
2884 584 2901 615 ι
2943 564 3007 619 Ει
3035 578 3154 635 post
3194 585 3391 637 pauca:

1832 666 1849 699 ι
1884 650 1982 702 Vix
2024 648 2325 702 orationem
2373 650 2603 717 ﬁnierat,
2638 668 2757 707 cum
2802 668 2927 709 ecce
2970 659 3246 712 ambarum
3280 676 3393 713 ma-

1827 754 1991 794 nuum
2017 738 2194 807 digiti,
2224 738 2305 791 vel
2333 751 2478 796 retro
2506 744 2888 801 miserabiliter
2910 749 3119 813 rctorti,
3152 750 3233 803 vel
3261 750 3392 806 vulae

1826 828 2209 884 miserabiliter
2240 828 2408 894 inﬁxi,
2457 848 2638 900 pmna,
2685 849 2845 903 quam
2887 848 3185 906 rogaverat,
3218 842 3390 896 virum

1825 921 2173 976 mulctavere.
2229 920 2356 975 Post
2402 923 2564 976 etiam
2628 925 2745 979 aliis
2808 926 3167 983 debilitatihus
3211 946 3391 985 corre-

1825 1023 2002 1081 ptus,»
2032 1021 2133 1065 etc.
2157 1011 2249 1065 llis
2274 1013 2593 1081 astipulatur
2620 1014 2926 1071 Florentius
2963 1017 3179 1088 Vigorn.
3208 1022 3273 1074 ad
3299 1036 3385 1075 an.

1828 1101 1978 1155 1097.
2013 1100 2125 1154 Non
2173 1116 2393 1170 prorsus
2438 1102 2682 1156 absimile
2728 1100 2996 1158 Aaxentio
3055 1108 3388 1177 episcopo’in

1839 1191 1958 1244 Vita
1991 1189 2049 1243 S.
2089 1188 2285 1244 Nicone
2323 1199 2481 1243 mart.
2512 1191 2647 1261 apud
2675 1192 2890 1245 Surium
2928 1184 3014 1245 die
3047 1194 3113 1246 15
3143 1194 3387 1265 Septent-

1825 1281 1967 1344 bris,
2021 1281 2204 1335 evenit
2256 1299 2266 1331 :
2322 1298 2339 1329 ι
2369 1278 2500 1333 Cum
2546 1281 2686 1334 enim
2751 1295 3039 1351 aggressus
3085 1294 3227 1337 esset
3277 1286 3391 1352 ejus

1826 1370 2068 1441 (Nicetm)
2112 1369 2356 1439 corporis
2401 1371 2602 1438 aliquid
2642 1370 2904 1436 dividere,
2938 1378 2992 1425 et
3023 1372 3286 1442 accipere,
3318 1377 3389 1428 nil

1824 1458 2038 1527 quidem
2083 1460 2292 1527 accepit
2332 1474 2516 1513 eorum
2574 1475 2695 1527 qua:
2747 1461 2983 1526 volebat;
3035 1476 3157 1516 eum
3211 1471 3389 1518 autem

1825 1566 1928 1604 non
1980 1565 2183 1620 parvus
2228 1551 2423 1604 invasit
2460 1559 2659 1615 metus,
2712 1568 2811 1606 nec
2854 1552 3138 1622 ejusmodi,
3193 1565 3388 1609 utnon

1824 1650 2067 1710 apertum
2091 1641 2353 1708 prodiret,
2396 1650 2489 1693 aut
2518 1640 2731 1706 latcrct,
2764 1644 2858 1697 sed
2889 1644 3005 1713 ejus
3042 1644 3218 1697 anima
3256 1660 3390 1712 quo—

152 1734 448 1804 diligenter
476 1736 843 1790 consecrabis.
875 1754 892 1787 ι
928 1734 1073 1790 Idem
1100 1736 1381 1789 constituit
1407 1736 1593 1790 eodem
1624 1735 1717 1790 lib.
1751 1715 1795 1775 Β
1824 1747 1929 1801 que
1979 1730 2144 1786 fuerit
2193 1730 2349 1785 valde
2394 1731 2614 1801 agitata,
2661 1739 2716 1785 et
2751 1732 2883 1787 alios
2910 1734 3152 1788 docuerit
3181 1733 3244 1788 iis
3272 1750 3390 1803 quae

150 1838 255 1889 νιι,
286 1825 446 1893 epist.
484 1824 574 1888 87,
613 1832 666 1877 et
697 1824 791 1879 lib.
841 1840 900 1890 ll,
940 1839 1025 1893 ep.
1063 1825 1154 1878 20.
1206 1826 1445 1894 Denique
1492 1825 1583 1879 lib.
1626 1842 1717 1891 νυ,

149 1912 315 1979 epist.
368 1913 458 1977 88,
486 1914 551 1966 ad
599 1906 1013 1966 Constantinum
1062 1912 1509 1967 Mediolanensem
1553 1914 1715 1983 epise.

164 2002 553 2057 «Fraternitas
601 2018 731 2073 ergo
772 2014 953 2058 vestra
997 2004 1153 2059 solito
1184 2005 1363 2059 studio
1391 2006 1719 2075 perscrutari

158 2106 269 2146 non
318 2092 552 2159 dilferat,
596 2101 862 2162 quatenus
896 2094 947 2147 in
979 2094 1111 2149 locis
1140 2096 1336 2164 quibus
1369 2095 1722 2149 recondendze

152 2190 287 2235 sunt
320 2182 586 2251 (reliquiae
617 2180 716 2237 SS.
751 2181 924 2246 Pauli,
968 2184 1102 2254 etc.)
1152 2184 1460 2251 luminaria,
1506 2184 1589 2237 vel
1632 2184 1723 2237 ali-

158 2285 357 2326 monia:
381 2273 575 2327 ibidem
610 2273 717 2326 Deo
746 2273 1123 2337 servientium,
1172 2282 1296 2325 ante
1327 2273 1719 2326 dedicationem

149 2359 259 2414 loci
317 2361 483 2430 ipsius
534 2358 763 2416 debeant
813 2362 1069 2431 erogari,
1129 2376 1182 2417 et
1236 2371 1363 2416 tunc.
1416 2363 1467 2415 in
1518 2362 1720 2416 eisdem

154 2448 292 2503 locis
321 2450 523 2504 directa
563 2450 892 2517 sanctuaria,
940 2450 1023 2505 sui
1061 2463 1185 2505 cum
1225 2451 1529 2505 reverentia
1557 2451 1721 2505 collo-

150 2548 366 2595 centur.
398 2557 419 2591 ι
1292 2584 1295 2585 ν

225 2629 305 2683 Ex
352 2629 549 2698 quibus
592 2630 807 2699 planum
836 2640 919 2684 est
951 2640 1262 2687 sanctorum
1295 2632 1522 2685 exuvias
1546 2630 1719 2686 haud-

151 2732 425 2787 quaquam
466 2717 517 2769 in
547 2718 680 2772 locis
711 2718 972 2787 profanis,
1006 2718 1341 2773 solummodo
1367 2720 1421 2772 in
1452 2718 1582 2773 locis
1609 2719 1719 2774 Deo

148 2808 395 2873 sacratis,
462 2808 550 2861 ubi
594 2807 788 2861 divina:
835 2808 1023 2863 laudes
1068 2809 1276 2863 soleant
1311 2809 1403 2862 diu
1449 2819 1717 2879 noctuque

150 2897 453 2962 decantari,
506 2912 626 2953 esse
685 2900 1076 2965 recondendas,
1131 2914 1438 2970 quanquam
1478 2901 1716 2957 insolens

152 2988 475 3056 quibusdam
531 2990 792 3060 singulari
855 3006 1062 3045 morum
1117 2994 1387 3061 probitate
1445 2993 1715 3063 insignitis

1821 1822 1959 1876 vidit
1986 1829 2040 1875 et
2080 1830 2286 1875 terrore
2318 1836 2423 1890 quo
2453 1828 2538 1873 est
2572 1819 2816 1887 aﬁ‘ectus,
2847 1832 2903 1875 ut
2940 1838 3099 1876 nemo
3138 1822 3390 1893 deinceps

1824 1928 2046 1967 manum
2104 1916 2364 1968 audacem
2412 1914 2731 1983 porrigeret,
2781 1928 2955 1982 neque
2985 1913 3146 1966 ullam
3181 1920 3388 1982 partem

1821 2001 1939 2071 ejus
1990 2004 2257 2073 corporis,
2310 2018 2432 2057 cum
2476 2014 2618 2057 esset
2651 2012 2845 2073 praeter
2884 2003 3000 2072 ejus
3042 2003 3387 2065 sententiam,

1823 2093 2094 2159 avelleret,
2120 2114 2137 2145 ι
2172 2103 2275 2147 etc.
2311 2092 2426 2159 Quo
2468 2093 2584 2163 ipso
2612 2109 2771 2147 sensu
2797 2091 2990 2145 aﬁ‘atur
3017 2091 3386 2146 Constantiam

1820 2183 2112 2251 Augustam
2144 2183 2201 2237 S.
2233 2182 2523 2253 Gregorius
2546 2198 2701 2252 papa,
2730 2183 2823 2237 lib.
2850 2198 2931 2246 Ill,
2986 2183 3143 2252 epist.
3174 2179 3259 2236 30.
3291 2198 3308 2231 ι
3331 2180 3387 2233 ln

1822 2273 2084 2328 Romanis
2128 2288 2381 2343 namque,
2432 2273 2516 2326 vel
2567 2274 2730 2327 totius
2772 2272 3078 2325 Occidentis
3123 2268 3384 2339 partibus,

1822 2362 2041 2417 omnino
2087 2361 2424 2415 intolerabile
2469 2369 2552 2414 est
2593 2354 2755 2428 atque
2798 2357 3134 2428 sacrilegum,
3183 2358 3226 2412 si
3260 2371 3385 2412 san—

1821 2456 2031 2505 ctorum
2082 2466 2309 2521 corpora
2364 2450 2649 2519 quisquam
2708 2458 2931 2517 tangere
2994 2446 3226 2501 fortasse
3286 2460 3382 2500 vo-,

1819 2541 2202 2687 Ἅιδτῖιῖδιιυιι
2252 2631 2314 2687 Ill
2363 2631 2449 2685 DE
2486 2628 2897 2684 PIGNORIBUS
2937 2624 3381 2681 SANCTORUM.

1890 2724 2074 2777 Tertio
2120 2722 2222 2776 hoc
2252 2722 2304 2774 in
2330 2720 2517 2775 libello
2548 2720 2734 2773 lectori
2779 2717 3151 2772 vehementius
3180 2715 3388 2769 fortean

1818 2820 1869 2865 et
1896 2811 2243 2865 aemulatione
2274 2823 2553 2870 accensus,
2597 2806 3092 2861 Sanmedardenses
3133 2803 3385 2858 insectari

1816 2899 2089 2954 videbitur
2134 2905 2345 2961 auctor,
2391 2912 2455 2951 ac
2493 2898 2692 2950 limites
2740 2890 3086 2965 praetergredi
3137 2893 3388 2947 fraterna:

1816 2987 2120 3042 dilectionis
2144 3002 2158 3039 :
2189 3001 2375 3039 verum
2400 2986 2441 3038 si
2467 2985 2531 3037 ad
2556 2984 2848 3038 sanctuarii
2876 2982 3085 3050 pondus
3107 2996 3387 3036 sermones

149 3077 404 3147 reliquias
427 3080 659 3145 deferre,
684 3081 848 3136 nolim
872 3096 1138 3146 asserere,
1161 3097 1283 3137 cum
1310 3097 1396 3137 me
1422 3098 1525 3137 non
1551 3082 1715 3138 lateat
1743 3055 1783 3112 Ο
1819 3079 1989 3148 ipsius
2020 3076 2371 3139 reducantur,
2418 3074 2461 3128 si
2500 3087 2692 3141 nempe
2735 3073 3089 3140 quorumdam
3129 3071 3401 3125 ecclesia-'

147 3170 378 3239 probare
432 3179 677 3224 sanctum
726 3172 1015 3239 Thomam,
1053 3172 1195 3227 inter
1218 3172 1370 3238 alios,
1397 3173 1489 3238 22,
1520 3182 1711 3243 quaest.

104 3284 109 3289 ι
144 3259 236 3327 96,
260 3260 413 3314 artic.
449 3265 507 3325 4,
539 3261 602 3313 ad
626 3263 676 3324 ὅ,
709 3263 760 3315 id
785 3262 970 3317 licere.

215 3352 307 3420 (ιτ)
335 3351 461 3404 Isin.
492 3353 732 3421 ——Apud
769 3352 1244 3421 splendidissimum
1286 3372 1474 3426 papam
1519 3355 1712 3427 Grego‘

146 3442 307 3494 rium.
336 3440 483 3495 Libri
518 3442 686 3507 tertii,
718 3443 873 3510 epist.
902 3444 988 3508 30,
1018 3445 1330 3515 dignissima
1359 3460 1477 3515 qure
1509 3455 1713 3502 attente

146 3532 476 3596 revolvatur,
496 3533 563 3586 ab
588 3532 695 3586 illis
716 3534 982 3603 praecipue
1002 3536 1093 3603 qui
1117 3544 1426 3590 sanctorum
1458 3537 1713 3605 reliquias

143 3622 404 3690 sacrilege
428 3622 797 3678 nundinantur
821 3639 834 3688 ;
867 3638 1054 3678 eorum
1084 3625 1418 3695 pruriginem
1447 3627 1714 3697 mitigabit

144 3712 285 3766 haud
312 3712 490 3766 dubie.

213 3803 306 3875 (³⁸)
342 3804 470 3859 lato.
509 3834 579 3844 —
611 3803 736 3860 Non
772 3805 904 3874 Deo,
950 3824 1051 3861 non
1095 3809 1287 3862 sanctis
1319 3810 1448 3878 ipsis
1482 3827 1709 3877 unquam

142 3896 307 3962 fuisse
343 3895 615 3963 placitum.
660 3895 911 3965 Consule,
946 3898 991 3953 si
1022 3898 1219 3968 placet,
1260 3900 1476 3955 beatum
1503 3901 1708 3973 Grego-

148 3985 291 4038 rium
320 3984 438 4039 loeo
462 3986 649 4040 citato.

216 4076 309 4146 (ι’)
345 4076 475 4130 lein.
504 4107 574 4116 —
608 4075 679 4132 Se
704 4094 920 4146 prorsus
954 4080 1008 4132 id
1038 4097 1141 4135 non
1192 4083 1386 4136 audere
1427 4085 1708 4150 respondit.

142 4186 161 4217 ε
190 4164 325 4221 Nam
354 4175 508 4221 vetus
531 4166 789 4222 Romana:
814 4169 1066 4225 Ecclesim
1093 4173 1428 4227 consuetudo
1458 4189 1562 4227 non
1590 4184 1708 4229 tan-

138 4264 255 4309 tum
305 4259 594 4315 abhorruit
634 4270 692 4316 ut
726 4277 952 4332 corpora
991 4270 1299 4317 sanctorum
1331 4263 1499 4317 Roma
1532 4274 1711 4319 trans-

1814 3169 2073 3224 sticorum
2123 3168 2339 3219 Patrum
2391 3172 2809 3232 sanctorumque
2870 3161 3029 3232 575
3083 3163 3381 3226 doctorum,

1814 3259 2151 3330 Hieronymi,
2192 3256 2503 3325 Augustini,
2551 3254 2811 3307 Bernardi
2866 3252 3129 3315 maxime,
3180 3258 3386 3304 attente

1814 3351 2015 3420 scripta
2048 3347 2391 3404 revolvantur
2418 3362 2432 3410 ;
2465 3360 2567 3413 qua
2590 3351 2790 3406 mente,
2823 3356 2928 3411 quo
2958 3341 3093 3405 zelo,
3117 3340 3409 3409 perversis.

1814 3440 2076 3504 moribus,
2106 3435 2464 3503 nefandisque
2487 3431 2968 3487 consuetudinibus
2990 3444 3205 3498 Sponsa:
3232 3426 3383 3481 Chri.

1815 3531 1885 3587 sti
1917 3530 2202 3591 unitatem,
2246 3525 2559 3595 puritatem,
2605 3522 2860 3591 pietatem
2911 3517 3381 3579 labefactantibus.

1817 3632 1931 3678 tum
1974 3621 2155 3683 dictis,
2202 3626 2313 3671 tum
2358 3616 2574 3684 scriptis
2608 3612 2989 3677 occurrebant,
3020 3612 3385 3666 conabantur-

1816 3726 1920 3781 que
1945 3726 2009 3765 ea
2038 3711 2153 3779 ipsa
2182 3708 2445 3763 radicitus
2483 3705 2733 3769 evellere,
2781 3702 2835 3758 in
2872 3702 3192 3759 memoriam
3229 3699 3385 3755 redu-

1814 3808 1992 3864 catur,
2018 3812 2119 3852 nec
2146 3793 2249 3852 non
2298 3794 2593 3863 sacrilegas
2635 3792 2754 3847 illas
2793 3791 3146 3860 reliquiarum
3190 3789 3387 3843 nundi-

1817 3894 2066 3947 nationes
2109 3891 2285 3962 (velut
2327 3889 2462 3943 satis
2510 3898 2783 3957 superque
2818 3892 3097 3939 ostensum
3125 3880 3227 3951 est)
3265 3893 3385 3949 qua:

1811 3987 1913 4041 hoc
1963 3984 2162 4040 smculo
2216 3982 2433 4053 pietatis
2480 3980 2731 4051 equidem
2784 3977 2989 4047 specie,
3048 3975 3141 4029 sed
3195 3987 3385 4043 reapse

1811 4077 1985 4147 turpis
2035 4075 2170 4129 lucri
2216 4074 2391 4145 gratia
2438 4071 2855 4134 exercebantur,
2899 4068 3092 4122 merito
3137 4080 3265 4120 suos
3306 4064 3383 4118 De

1811 4168 2129 4238 pignoribus
2175 4172 2488 4219 sanctorum
2542 4161 2735 4225 libros,
2781 4159 2998 4213 tertium
3044 4156 3379 4226 praesertim,

1810 4266 1961 4313 casto
2015 4256 2184 4311 divini
2236 4255 2412 4309 cultus
2461 4265 2647 4307 amore
2694 4250 2929 4304 edidisse
2975 4247 3137 4302 fateri
3182 4261 3364 4301 neces-

131 4344 269 4400 ferri
321 4358 614 4416 pateretur,
650 4367 834 4406 verum
879 4367 978 4406 nec
1022 4360 1209 4407 tenues
1246 4353 1501 4422 reliquias
1525 4368 1589 4406 ex
1622 4354 1701 4409 eis
1732 4377 1781 4436 υ
1810 4369 1927 4409 sum
1953 4365 2054 4408 est.

132 4437 352 4493 detrahi
377 4455 595 4510 quoquo
625 4445 782 4498 modo
823 4444 1092 4514 permisit.
1129 4460 1149 4494 ι
1192 4442 1379 4497 Refert
1417 4443 1702 4509 Baronius,

134 4529 191 4581 in
224 4528 349 4585 Not.
387 4534 743 4603 martyrolog.
776 4536 840 4588 ad
866 4523 1059 4589 diem'l
1091 4533 1257 4597 Junii,
1289 4535 1430 4603 quod
1459 4534 1704 4603 pluribus

130 4622 329 4689 probat
356 4622 576 4687 ibidem,
609 4626 843 4679 maxime
880 4641 946 4679 ex
988 4625 1213 4694 epistola
1242 4624 1414 4677 sancti
1446 4622 1700 4677 Germani

130 4725 198 4763 ac
247 4711 363 4780 ejus
413 4711 654 4782 collegze,
703 4714 998 4782 legatorum
1046 4713 1326 4781 apostolic.
1362 4713 1427 4765 ad
1461 4712 1701 4766 llormis-

130 4801 259 4853 dam
310 4815 502 4869 papam
528 4817 616 4855 an.
658 4802 799 4856 520:
840 4803 1203 4873 Reliquiarum
1235 4802 1352 4855 loco
1382 4802 1566 4865 lintea,
1609 4817 1700 4855 seu

130 4892 424 4952 velamina,
454 4890 692 4947 brandea
730 4902 1032 4961 nuncupata
1058 4933 1071 4955 ,
1124 4893 1407 4945 mittebant
1450 4891 1703 4945 Ecclesiae

126 4984 411 5039 catholicae
432 4983 736 5055 pontiﬁces.
778 4982 916 5049 Quid
948 4983 1248 5036 brandeum
1279 4982 1302 5034 ?
1348 4981 1581 5051 explicat
1612 4980 1701 5033 ille

126 5088 195 5128 eo
223 5074 363 5128 loco.

198 5164 288 5231 (’°)
326 5164 456 5218 lam.
475 5164 701 5218 —Abba
723 5150 936 5234 quidam
958 5163 1066 5231 ejus
1090 5162 1188 5217 loci
1212 5162 1325 5231 plus
1351 5178 1500 5231 quo
1528 5162 1700 5214 curio-

123 5270 238 5307 sus.
291 5253 551 5309 Leftanus
596 5256 835 5310 nomine.
889 5254 1205 5317 Historiam,
1248 5270 1351 5322 qua
1393 5254 1460 5305 de
1496 5253 1696 5320 agitur,

125 5345 205 5397 ita
238 5346 461 5400 exhibet
489 5346 807 5402 Guillelmus
834 5346 1111 5401 Malmesb.
1146 5346 1221 5399 De
1258 5343 1449 5413 pontii”.
1480 5343 1696 5412 Anglo.,

122 5433 221 5487 lib.
266 5449 327 5500 ιι,
385 5435 438 5489 in
474 5438 743 5505 episcopis
798 5436 1050 5490 oriental.
1107 5436 1300 5503 Anglo.
1358 5435 1457 5488 sub
1511 5433 1692 5487 ﬁnem.

127 5543 146 5573 α
178 5523 303 5589 Hic,
331 5525 605 5588 Letlanus,
640 5528 958 5596 quibusdam
985 5527 1052 5580 de
1082 5526 1485 5594 incorruptione
1521 5525 1693 5579 sancti

120 5613 435 5686 (Edmundi)
484 5617 621 5672 male
671 5616 906 5672 credulis
938 5614 1079 5671 male
1110 5614 1417 5680 consulens,
1444 5629 1542 5669 suo
1582 5614 1692 5668 dis-

1875 4445 2140 4499 Pmiterea
2161 4442 2230 4496 nil
2253 4454 2409 4509 opus,
2432 4444 2492 4491 ut
2514 4434 2725 4504 quidem
2748 4434 2942 4497 sentio,
2971 4438 3064 4485 aut
3086 4429 3379 4485 necessita-

1806 4536 1872 4590 tis
1900 4549 2143 4588 asserere
2170 4532 2261 4585 Dei
2286 4529 2543 4594 Verbum,
2577 4536 2756 4581 nostra
2786 4523 3118 4579 humanitate
3150 4523 3380 4576 circum-

1804 4625 2081 4688 volutum,
2136 4622 2322 4677 morbo
2377 4619 2466 4674 illo
2521 4616 2854 4687 septennium
2901 4613 3224 4676 infantium,
3273 4627 3380 4681 quo

1804 4718 1994 4770 dentes
2018 4715 2195 4781 lactei,
2226 4722 2283 4767 ut
2306 4720 2519 4777 vocant,
2565 4708 2819 4762 excidunt
2848 4714 3198 4775 recentesque
3224 4704 3380 4759 vicis-

1802 4808 1901 4861 sim
1946 4812 2311 4869 sucerescunt,
2362 4802 2661 4863 laborasse;
2707 4798 2833 4865 quin
2884 4798 3095 4867 potius,
3137 4796 3378 4865 quando:

1802 4896 2016 4965 quidem
2066 4895 2135 4949 sit
2178 4893 2416 4947 omnium
2462 4891 2681 4943 Patrum
2724 4898 2976 4943 constans
3018 4889 3226 4957 opinio,
3278 4887 3375 4939 do-

1802 4986 1996 5049 ctrina,
2033 4984 2180 5049 ﬁdes,
2209 4983 2403 5036 Filium
2450 4982 2565 5045 Dei,
2623 4980 2756 5048 lapsi
2797 4979 3029 5034 hominis
3073 4991 3374 5045 quanquam

1802 5074 2068 5137 miserias,
2100 5080 2376 5140 peccatum
2418 5072 2461 5125 si
2503 5070 2760 5138 excipias,
2799 5067 3172 5136 assumpserit,
3210 5066 3378 5134 ipsius

1802 5172 1979 5216 tamen
2030 5176 2224 5227 corpus
2269 5159 2695 5229 egritudinibus,
2734 5158 2886 5224 queis
2920 5156 3095 5210 casteri
3134 5154 3378 5208 homines

1799 5254 2102 5309 addemnati
2138 5252 2286 5305 fuere
2315 5266 2409 5321 per
2434 5250 2831 5321 proleparentis
2857 5247 3350 5317 praevaricationem

1798 5361 2059 5414 nusquam
2105 5344 2395 5398 obnoxium
2440 5343 2731 5396 exstitisse.
2784 5341 3070 5394 Enimvero
3116 5337 3372 5391 vicariam

1798 5433 1942 5487 illam
1966 5434 2205 5489 dentium
2231 5432 2639 5497 succretionem,
2661 5430 2875 5498 aliquod
2902 5427 3231 5496 aegritudinis
3253 5439 3376 5479 esse

1797 5539 1985 5594 genus,
2010 5533 2094 5580 est
2115 5525 2254 5593 apud
2282 5522 2513 5577 medicos
2544 5522 2596 5575 in
2625 5520 2893 5584 confesso,
2919 5517 3154 5587 nihilque
3182 5518 3235 5570 in
3261 5515 3374 5572 dies

1796 5631 1902 5674 non
1949 5618 2317 5687 experimento
2345 5615 2619 5687 probatur;
2668 5613 2799 5669 Paul
2841 5611 3109 5681 IEgineta,
3140 5610 3215 5664 De
3256 5618 3387 5669 arte,
