4018 6324
604 290 743 346 1045

1561 281 1648 334 AD
1672 279 1821 336 OPP.
1857 281 2012 336 VEN.
2052 282 2377 338 GUIBERTI
2406 286 2493 343 DE
2529 287 2929 353 NOVIGENTO,

3679 307 3784 362 Nili

599 403 867 467 medendi,
899 401 989 455 lib.
1019 416 1059 467 ι,
1100 416 1217 471 cap.
1251 402 1312 467 9;
1366 402 1615 467 Aristot.,
1668 405 1741 458 De
1770 416 2005 477 generat.
2058 408 2170 460 ani-
2201 412 2248 468 A
2277 411 2595 466 sententiam
2646 428 2795 482 papa:
2845 386 3140 471 Innoceniii
3186 417 3270 483 lll,
3301 417 3390 471 lib.
3440 432 3511 482 ιν,
3550 418 3618 473 De
3650 424 3789 482 missa

598 497 753 561 mal.,
782 495 873 549 lib.
902 510 954 558 v,
977 508 1098 561 cap.
1144 493 1276 561 ult.;
1326 493 1663 565 llippocrat.,
1700 507 1830 552 sect.
1880 499 1971 554 lib.
2012 515 2070 555 ιιι
2101 501 2174 554 De

599 587 872 651 carnibus,
890 592 1014 639 ante
1047 587 1188 640 med.

668 678 783 731 Huc
821 676 1050 746 pertinet
1091 678 1233 747 quod
1271 680 1488 732 tradunt
1532 691 1780 735 auctores
1828 682 1949 751 ipsi,
2007 683 2174 736 haud-

597 782 861 837 quaquam
891 767 1076 821 dentes
1104 769 1359 836 quosdam
1379 768 1663 823 infantium
1679 773 1997 825 necessitate
2020 780 2175 827 natu-

598 856 718 922 rali,
775 856 868 911 sed
923 858 1293 911 tantummodo
1340 871 1406 911 ex
1456 858 1830 913 alimentorum
1882 860 2175 914 nutatione

598 945 1013 1015 corruptioneve
1038 946 1305 1002 excidere.
1335 946 1473 1014 Quid
1505 948 1667 1018 igitur
1699 963 1897 1015 causae,
1920 949 2047 1019 quid
2083 965 2176 1006 ne-

596 1036 865 1091 cessitatis
895 1036 1095 1092 Christi
1129 1038 1182 1090 in
1219 1052 1467 1107 corpore,
1511 1040 1596 1094 cui
1642 1040 1731 1095 illa
1760 1042 2032 1109 corruptio
2069 1056 2174 1096 non

596 1127 952 1196 eompetebat,
1000 1142 1190 1183 novam
1243 1128 1481 1184 dentium
1526 1129 1722 1185 factam
1770 1132 2175 1200 productionem

594 1216 878 1270 asserere?
902 1215 982 1269 Ac
1008 1217 1233 1286 proinde
1264 1217 1556 1273 Guibertus
1592 1219 1815 1274 minime
1849 1228 1930 1274 est
1971 1220 2026 1273 in
2066 1220 2177 1275 eul-

596 1322 721 1375 pam
759 1316 811 1362 et
841 1308 1045 1363 crimen
1090 1310 1455 1375 adducendus,
1488 1311 1578 1379 qui
1612 1312 1825 1366 dentem
1879 1312 2176 1369 Salvatoris

597 1394 765 1449 ullum
820 1396 872 1450 in
927 1396 1373 1453 Samnedardensi
1434 1399 1682 1456 coenobio
1737 1398 1877 1454 haud
1942 1417 2176 1469 unquam

600 1487 901 1553 exstitisse,
964 1495 1015 1539 at
1059 1486 1194 1541 falso
1246 1488 1349 1543 hoc
1397 1491 1614 1545 nomine
1657 1499 1968 1547 veneratum
2000 1493 2180 1562 potius

600 1576 761 1631 beato
788 1576 1022 1645 cuipiam
1051 1578 1452 1632 attribuendum
1483 1581 1777 1636 contendit.

669 1667 759 1737 (")
782 1666 911 1723 Car.
933 1669 974 1734 Ι,
993 1669 1020 1739 §
1039 1669 1446 1739 tl.—Capillum
1472 1672 1535 1726 de
1556 1674 1720 1741 capite
1742 1684 1916 1727 nostra
1940 1691 2041 1729 non
2064 1692 2180 1744 per‘

595 1759 795 1811 iturum
825 1760 1050 1813 dixerat.
1077 1760 1131 1814 In
1156 1762 1476 1816 sententiam
1504 1764 1580 1817 ire
1603 1739 1973 1819 videturheati
1996 1739 2178 1835 Augu-
2213 1739 2254 1792 Β

598 1847 745 1910 stini,
762 1848 1039 1904 Enchirid.
1063 1864 1177 1917 cap.
1194 1850 1258 1904 87
1283 1860 1335 1904 et
1356 1853 1776 1921 seq.,prcecipne
1801 1868 1925 1907 vero
1949 1853 2039 1907 lib.
2064 1869 2178 1909 χχιι

597 1944 675 1996 De
699 1942 927 1997 Civitate
958 1943 1071 2006 Dei,
1106 1960 1222 2013 cap.
1252 1945 1316 1999 l9
1343 1955 1396 1999 et
1422 1946 1511 1999 9.0.
1539 1946 1753 2002 Scilicet
1782 1963 1887 2002 non
1913 1951 2179 2005 membro-

599 2045 742 2095 rum,
760 2046 862 2084 non
885 2032 1115 2100 partium
1138 2034 1378 2102 corporis
1399 2035 1777 2103 quantitatem,
1794 2036 1884 2089 sed
1901 2052 2181 2091 numerum

601 2122 845 2177 instituta
882 2141 975 2179 sua
1012 2126 1270 2194 professis
1301 2128 1546 2183 Christus
1575 2123 1770 2185 se'lllis
1795 2132 1972 2186 verbis
2010 2133 2182 2187 reddi-

600 2222 781 2267 turum
835 2214 1135 2283 pollicetur.
1188 2218 1425 2288 Corpora
1477 2220 1741 2290 siquidem
1798 2223 2075 2278 beatorum
2127 2224 2179 2277 in

599 2308 1018 2371 resurrectione,
1049 2324 1170 2362 cum
1221 2310 1328 2363 sint
1354 2309 1594 2365 ultimam
1640 2311 2019 2381 perfectionem
2054 2327 2181 2367 con-

599 2403 872 2462 secutura,
903 2406 957 2452 et
987 2398 1038 2450 in
1080 2400 1378 2454 substantia
1423 2402 1628 2468 integra
1662 2411 1983 2471 reparentur
2018 2417 2181 2471 opor-

599 2494 697 2548 tet,
731 2494 893 2555 atque
942 2488 1075 2543 adeo
1122 2489 1276 2559 longe
1319 2491 1510 2559 potiori
1554 2492 1677 2561 jure
1722 2493 1822 2546 hnc
1873 2494 1925 2547 in
1967 2492 2182 2548 Christo

601 2578 922 2646 completum
969 2590 1054 2634 est
1098 2583 1312 2649 quando
1358 2585 1673 2645 resurrexit.
1722 2592 1903 2653 utpote
1943 2586 2182 2639 omnium

603 2669 882 2738 exemplar
914 2672 1386 2739 perfectissimum.
1432 2675 1489 2729 S.
1542 2676 1732 2729 Thom.
1768 2678 1817 2730 in
1864 2676 1899 2729 4
1946 2687 2083 2731 sent.
2129 2677 2181 2732 d.

603 2760 694 2823 41,
744 2776 799 2828 q.
848 2763 900 2826 1,
945 2764 1100 2817 artic.
1148 2765 1199 2817 2.
1251 2766 1553 2835 Caeterique
1597 2769 1648 2820 in
1691 2770 1936 2823 eumdem
1988 2770 2184 2825 librum

605 2851 860 2922 theologi.

673 2943 841 2998 Porro
886 2947 1017 3002 dens
1073 2947 1160 3002 ille
1215 2947 1511 3004 Salvatoris
1562 2950 1612 3002 in
1670 2960 1813 3003 terra
1867 2950 2182 3014 derelictus,

2275 503 2544 571 mysteriis
2586 522 2598 556 :
2651 522 2669 554 ι
2727 504 2864 571 Quid
2903 508 2969 563 de
3023 509 3428 564 circumcisione
3470 515 3690 579 prteputii
3726 522 3791 575 vel

2275 592 2513 649 umbilici
2568 594 2885 661 praecisione
2940 597 3181 653 dicetur?
3229 615 3297 653 an
3347 599 3399 651 in
3444 607 3792 663 resurrectione

2274 683 2473 739 Christi
2516 686 2764 741 similiter
2792 688 2950 745 rediit
2988 690 3056 745 ad
3105 691 3385 746 veritatem
3428 693 3660 749 humanae
3691 698 3794 753 sub-

2274 775 2521 830 stantiae?
2556 774 2806 833 Creditur
2832 779 2974 832 enim
3026 780 3079 833 in
3125 780 3475 838 Lateranensi
3513 785 3708 840 basilica
3733 804 3794 842 re-

2275 864 2500 929 servari,
2527 863 2650 919 licet
2694 882 2723 919 a
2765 867 3088 935 quibusdam
3116 870 3327 925 dicatur
3364 871 3505 939 quod
3530 875 3795 942 praeputium

2276 951 2451 1008 fuitin
2477 953 2809 1011 Hierusalem
2836 956 3072 1013 delatum
3100 959 3169 1013 ab
3197 959 3398 1029 Angela
3422 960 3604 1017 Carolo
3627 963 3795 1032 Magno,

2276 1046 2367 1115 qui
2406 1045 2679 1100 transtulit
2718 1046 2846 1100 illud
2893 1046 3249 1120 Aquisgrani;
3293 1051 3386 1105 sed
3422 1060 3543 1120 post
3575 1068 3605 1105 a
3648 1053 3797 1111 Carolo

2276 1140 2451 1196 Calvo.
2468 1140 2700 1210 positum
2726 1140 2785 1193 in
2807 1140 3034 1196 ecclesia
3063 1142 3520 1213 Salvatorisapnd
3543 1143 3799 1206 Carosium.

2277 1230 2465 1287 Melius
2485 1240 2569 1285 est
2603 1240 2778 1285 tamen
2828 1230 2937 1287 Deo
2977 1240 3147 1288 totum
3178 1233 3519 1291 committere
3552 1250 3695 1302 quam
3729 1238 3799 1290 ali-

2278 1321 2402 1391 quid
2439 1329 2639 1377 temere
2673 1323 2919 1379 definire.
2956 1323 3236 1379 oConsule
3285 1324 3469 1378 Titum
3512 1324 3802 1382 Bostrensem

2278 1423 2332 1468 et
2357 1412 2745 1483 Theophylact.
2786 1414 2841 1468 in
2884 1430 3002 1484 cap.
3034 1432 3071 1470 ιι
3099 1415 3278 1480 Lucae,
3307 1430 3372 1469 ac
3402 1415 3804 1479 Bollandum,,De

2278 1504 2431 1560 Actis
2478 1513 2806 1569 sanctorum,
2860 1515 2990 1561 tom.
3028 1505 3071 1571 I,
3110 1506 3174 1560 ad
3223 1506 3365 1561 diem
3406 1507 3431 1559 1
3461 1504 3703 1569 Januarii,
3736 1508 3803 1575 qui

2282 1595 2585 1651 testimonia
2635 1596 2688 1650 in
2731 1596 2871 1652 hanc
2917 1611 3029 1654 rem
3076 1597 3419 1665 antiquorum
3468 1604 3521 1650 et
3560 1598 3805 1652 recentium

2282 1683 2549 1752 permulta
2582 1684 2795 1738 retexit.

2353 1776 2444 1845 (⁸³)
2467 1774 2594 1828 CAP.
2626 1775 2715 1838 Ill,
2740 1774 2767 1845 §
2797 1790 2869 1828 tv.
2893 1806 2964 1814 —
2994 1776 3142 1831 Sicut
3190 1775 3440 1829 Lauduni
3480 1775 3612 1841 apud
3648 1791 3724 1827 nos
3747 1775 3806 1828 lac

2281 1865 2763 1932 ipsiusBenedictce
2804 1868 2857 1920 in
2904 1865 3141 1920 columba
3183 1865 3500 1920 cristallina.
3536 1864 3641 1918 Non
3669 1867 3807 1921 absre

2281 1958 2465 2026 utique
2488 1958 2574 2012 hic
2597 1958 2837 2013 nonnihil
2867 1960 3126 2013 adnotare
3157 1958 3472 2011 absterreor
3495 1970 3557 2009 ac
3584 1956 3804 2019 detrecto;

2282 2048 2479 2101 etenim
2510 2048 2754 2117 plurimis
2784 2049 2837 2103 in
2866 2048 3107 2103 ecclesiis
3135 2046 3479 2101 Gallicanum
3524 2060 3612 2113 per
3642 2045 3807 2107 orbem,

2282 2149 2337 2195 et
2361 2141 2509 2206 alibi,
2549 2142 2784 2211 guttulas
2823 2143 2979 2197 lactis
3006 2141 3171 2212 576
3194 2140 3441 2208 Deiparze
3480 2138 3703 2207 religiose
3732 2142 3808 2194 coli

2283 2230 2444 2284 audio
2499 2231 2743 2299 legoque.
2810 2231 3101 2286 Guibertus
3155 2240 3373 2286 econtra
3436 2240 3721 2287 constanter
3762 2230 3807 2283 Β.

2285 2319 2558 2389 Virginem
2588 2334 2815 2388 usquam
2847 2335 2879 2375 e
2909 2321 3078 2374 sacris
3103 2320 3358 2375 uberibus
3396 2320 3487 2375 lac
3515 2320 3809 2389 expressisse,

2284 2410 2423 2476 quod
2446 2410 2778 2465 venerationi
2806 2410 2945 2465 foret
2968 2410 3273 2479 aliquando,
3302 2420 3490 2478 negat.
3514 2410 3668 2475 Quam
3688 2409 3809 2475 igitur

2284 2500 2336 2553 in
2362 2510 2569 2569 partem
2616 2500 2975 2569 propendam?
3020 2499 3315 2567 Utrohique
3364 2514 3501 2553 sane
3559 2499 3810 2568 negotium,

2285 2589 2569 2657 utrobique
2593 2590 2878 2658 scrupulus
2912 2605 3089 2644 meum
3121 2589 3357 2643 lancinat
3386 2590 3622 2641 animum

2356 2680 2552 2733 Verum
2582 2679 2856 2733 enimvero
2888 2678 3065 2733 volunt
3107 2678 3292 2746 aliqui,
3316 2688 3370 2732 et
3406 2680 3622 2745 quidem
3653 2678 3815 2746 gravis.

2286 2767 2405 2823 simi
2431 2769 2743 2834 scriptores,
2767 2767 2849 2821 lae
2872 2767 2997 2821 illud
3019 2776 3395 2821 conservatum
3426 2766 3811 2819 candidissinnnr

2286 2874 2405 2915 esse
2444 2859 2728 2927 liquorem,
2773 2858 2863 2926 qui
2911 2873 2940 2911 a
2987 2857 3044 2909 Β.
3082 2857 3300 2926 Virgine
3336 2857 3455 2925 jam
3500 2857 3551 2909 in
3603 2854 3720 2908 ctelo
3754 2868 3817 2906 rc-

2288 2960 2505 3020 gnante,
2520 2951 2632 3004 suis
2655 2965 2713 3004 se
2728 2951 2884 3003 unice
2903 2948 3209 3003 amantibus
3220 2946 3477 3002 diﬂ'usum
3496 2946 3667 3000 est.Et
3687 2947 3763 2998 hoc
3780 2945 3817 2997 in

602 3031 686 3085 vel
715 3042 988 3100 putrescet
1015 3036 1303 3103 aliquando
1323 3036 1487 3105 (sicut
1516 3046 1702 3106 argute
1730 3037 1922 3106 probat
1951 3038 2183 3103 auctor),
2215 3071 2259 3131 Ο
2290 3050 2471 3096 vetere
2491 3040 2898 3095 Carnotensium
2921 3040 3295 3108 episcoporum
3313 3040 3459 3091 serie
3479 3037 3818 3105 consignatum,

603 3122 687 3176 vel
712 3137 833 3177 eum
871 3136 1108 3180 resumet
1142 3125 1391 3180 Christus
1431 3136 1549 3195 post
1580 3137 1879 3180 extremum
1903 3125 2183 3192 judicium,

606 3220 663 3264 at
694 3214 1007 3270 utrumlibet
1030 3214 1321 3270 absurdum
1359 3218 1472 3271 fore
1499 3232 1594 3286 per
1618 3232 1678 3271 se
1707 3226 1869 3285 patet.

677 3303 794 3357 Non
831 3320 963 3360 sane
988 3321 1088 3375 par
1117 3316 1200 3360 est
1229 3308 1368 3361 ratio
1401 3310 1467 3363 de
1506 3308 1705 3362 Christi
1747 3317 1908 3376 atque
1934 3308 2000 3362 de
2024 3318 2186 3362 caete-

604 3410 789 3449 rorum
819 3396 1096 3449 hominum
1127 3399 1471 3467 corporibus;
1504 3399 1591 3453 ille
1629 3414 1861 3467 namque
1903 3400 2191 3468 resumptis

606 3498 713 3539 non
744 3484 903 3539 modo
939 3500 1058 3554 quae
1096 3488 1161 3539 ad
1206 3486 1593 3558 integritatem,
1626 3489 1719 3541 sed
1754 3488 1918 3542 etiam
1966 3501 2085 3555 quae
2123 3488 2189 3541 ad

604 3574 867 3643 majorem
899 3576 980 3630 sui
1012 3577 1256 3646 corporis
1286 3577 1671 3646 perfectionem
1712 3579 2191 3647 pulchritudinem-

607 3679 723 3732 quer
743 3666 993 3732 attinent,
1025 3668 1258 3737 seipsum
1300 3687 1329 3724 a
1369 3672 1597 3726 mortuis
1631 3673 1811 3726 divina
1851 3672 2050 3728 virtute
2075 3687 2192 3727 sus-

610 3757 818 3812 citavit.
850 3757 914 3811 Hi
945 3773 1073 3814 vero
1100 3776 1223 3815 cum
1254 3763 1489 3817 nondum
1523 3778 1551 3816 a
1583 3764 1810 3818 mortuis
1841 3764 2081 3830 excitati,
2113 3765 2193 3818 id—

612 3845 760 3899 circo
796 3847 1053 3915 quidquid
1082 3849 1325 3916 corporis
1370 3849 1555 3916 fuerit,
1606 3860 1729 3905 sunt
1776 3860 1929 3905 extra
1973 3852 2191 3906 dubium

612 3936 885 4003 recepturi
916 3936 967 3989 in
994 3936 1182 4005 judicii
1212 3937 1327 4002 die;
1360 3954 1422 3992 ac
1452 3948 1731 4009 propterea
1759 3956 2042 4009 corporum
2073 3959 2193 4011 par-

615 4035 699 4080 tes
745 4027 1007 4084 universa:
1047 4032 1097 4084 in
1142 4029 1376 4085 futuram
1425 4031 1513 4086 hic
1562 4043 1910 4087 asservantur
1955 4047 2195 4088 resurre-

617 4119 874 4174 ctionem.

691 4215 781 4287 (")
803 4214 932 4271 CAP.
961 4215 1000 4281 Ι,
1025 4216 1051 4287 §
1079 4232 1158 4271 tu.
1191 4248 1258 4256 —
1308 4217 1433 4271 Non
1479 4220 1651 4273 minus
1690 4220 1875 4273 etenim
1912 4220 1975 4273 de
2026 4220 2190 4272 umbi-

618 4303 742 4370 lico,
768 4315 814 4357 et
848 4305 911 4358 de
942 4307 1142 4359 cwteris
1171 4322 1287 4375 qua:
1310 4307 1374 4359 de
1398 4308 1507 4376 ipso
1535 4308 1723 4361 habere
1750 4308 2197 4377 dicuntur,_quam

2290 3138 2483 3198 exqua
2510 3129 2890 3198 fragmentum.
2918 3128 3180 3185 beneﬁcio
3203 3127 3399 3187 Joann.
3435 3128 3590 3196 Bapt.
3618 3121 3822 3180 Soucheti

2288 3220 2431 3275 omni
2463 3219 2763 3274 litteratura
2806 3219 2971 3281 docti,
3018 3218 3318 3273 emittimus
3356 3219 3407 3270 in
3445 3217 3652 3272 lucem:
3684 3233 3699 3265 ι
3731 3213 3823 3267 Ρυι.

2292 3310 2491 3373 bertus,
2527 3316 2652 3370 etc.,
2700 3308 2872 3376 ipsum
2919 3306 2977 3361 Β.
3032 3307 3197 3375 Virgo
3240 3315 3501 3375 tanquam
3550 3305 3822 3372 prarcipuum

2291 3398 2564 3451 alumnum
2594 3400 2646 3451 in
2681 3398 2911 3465 quadam
2949 3396 3268 3466 azgritudine
3304 3394 3823 3464 personalitervisilae

2292 3489 2387 3551 vit,
2427 3498 2480 3542 et
2525 3488 2760 3558 linguam
2798 3488 2914 3557 ejus
2956 3486 3066 3554 jam
3105 3502 3260 3541 sacro
3309 3488 3436 3557 igne
3481 3495 3823 3553 consumptam,

2292 3578 2446 3633 laetis
2468 3579 2533 3633 de
2562 3577 2795 3632 mamilla
2825 3586 3069 3631 recenter
3098 3578 3328 3630 extracti
3355 3575 3624 3630 infusione
3645 3572 3824 3629 sanavit.

2297 3669 2446 3724 Unde
2482 3670 2676 3724 accidit
2719 3678 2826 3723 tres
2866 3678 3045 3738 guttas
3087 3668 3240 3723 lactis
3273 3683 3443 3737 super
3485 3668 3621 3722 facie
3660 3679 3826 3718 reman-

2294 3762 2453 3827 sisse,
2484 3777 2617 3829 quas
2666 3760 2960 3829 recollegit,
3008 3769 3062 3814 et
3106 3762 3158 3814 in
3211 3760 3452 3828 pretioso
3498 3771 3623 3810 vase
3661 3755 3716 3808 ad
3754 3754 3830 3807 hoc

2296 3862 2419 3921 apto
2439 3852 2679 3919 reponit;
2710 3866 2829 3919 quae
2859 3866 3029 3919 usque
3055 3854 3120 3905 ad
3147 3865 3385 3920 praesens
3408 3850 3466 3903 in
3495 3847 3718 3902 Ecclesia
3741 3860 3830 3900 cer-

2300 3942 2363 3995 tis
2395 3941 2721 4010 temporibus
2760 3951 3103 3994 venerantur.
3136 3961 3153 3991 ι
3190 3939 3325 4017 Huic
3366 3939 3446 3993 rei
3482 3936 3733 3992 calculum
3759 3934 3829 3986 ad-

2290 4032 2409 4101 jicit
2436 4028 2645 4085 Guillel.
2678 4030 3065 4095 Malmesburi.,
3088 4029 3177 4084 lib.
3206 4045 3264 4082 ιιι
3293 4028 3365 4083 De
3391 4036 3533 4096 gest.
3564 4026 3828 4094 Anglorum.

2369 4121 2484 4176 Non
2513 4121 2770 4175 dissimile
2814 4121 2942 4190 quid
2985 4121 3187 4176 factum
3232 4120 3326 4174 lib.
3362 4113 3834 4174 membranaceoDe

2300 4213 2572 4267 miraculis
2594 4213 2652 4266 Β.
2681 4212 2882 4277 Μοτὶτε,
2912 4227 3051 4267 anno
3076 4212 3295 4266 circiter
3319 4210 3457 4264 1100
3486 4208 3699 4276 scriptis
3718 4218 3835 4258 man-

2299 4305 2507 4369 datum,
2563 4320 2682 4373 cap.
2727 4304 2793 4357 76
2836 4321 2848 4357 :
2892 4304 2967 4357 De
3007 4304 3262 4356 monacho
3301 4304 3455 4371 cujus
3501 4300 3673 4353 ulcera
3716 4295 3835 4360 Virgo

618 4391 683 4444 de
710 4392 861 4445 dente
903 4395 1041 4462 apud
1073 4411 1166 4447 nos
1202 4395 1395 4463 agitur.
1431 4394 1522 4448 Na:
1554 4411 1653 4466 ego
1684 4395 1809 4463 quid
1838 4396 1903 4448 de
1945 4395 2197 4448 umbilico
2232 4433 2277 4486 Β
2304 4395 2454 4449 beata
2477 4394 2609 4447 lacte
2630 4410 2724 4446 suo
2756 4393 2959 4462 rigavit.
2999 4411 3017 4443 ι
3051 4392 3196 4486 Erat
3218 4387 3651 4486 quidamﬁfr-at-er
3800 4383 3837 4433 ίίι

619 4481 888 4549 proferam
938 4496 1037 4536 nec
1082 4482 1271 4546 habeo,
1325 4498 1425 4538 nec
1462 4484 1635 4539 video.
1672 4482 1889 4545 Verum,
1933 4490 1991 4535 ut
2025 4482 2199 4536 dicam

621 4572 764 4639 quod
816 4572 1019 4637 sentio,
1070 4574 1283 4641 quando
1325 4590 1430 4629 non
1469 4574 1656 4629 eadem
1701 4573 1786 4626 via
1827 4587 1932 4640 qua
1972 4573 2204 4626 infantes

621 4660 734 4724 alii,
764 4675 831 4715 ex
852 4660 1094 4731 virgineo
1117 4662 1354 4720 claustro
1378 4666 1429 4717 in
1457 4664 1629 4718 lucem
1651 4662 1912 4731 prodierit
1936 4662 2201 4728 Christus,

622 4752 901 4807 dissonum
942 4764 996 4808 et
1039 4756 1338 4811 abhorrens
1378 4756 1509 4808 mihi
1542 4756 1768 4817 videtur,
1804 4762 1913 4807 tum
1961 4769 1988 4805 a
2034 4753 2205 4807 Matre

623 4840 869 4913 Virgine,
901 4854 1012 4899 tum
1050 4848 1210 4901 etiam
1257 4849 1324 4900 ab
1366 4845 1710 4899 immaculata
1748 4844 2205 4911 mundissimaquc

624 4932 749 4986 Filii
783 4935 1082 4998 nativitate,
1117 4936 1359 4990 excisum
1423 4949 1453 4988 e
1514 4948 1740 5002 corpore
1774 4933 1939 5002 ipsius
1996 4932 2205 4985 tittibili-

629 5042 751 5079 cum
774 5027 1008 5082 edicere.
1037 5027 1262 5096 Ecquid,
1292 5042 1388 5081 oro
1429 5037 1498 5091 te,
1530 5026 1642 5079 hazc
1680 5026 1793 5094 ipsa
1824 5024 2058 5078 umbilici
2085 5037 2203 5077 am-

624 5116 855 5185 putatio,
880 5118 1143 5186 siquidem
1170 5118 1286 5187 ipse
1310 5116 1437 5173 solis
1464 5118 1638 5171 instar
1662 5116 1795 5171 radii
1822 5116 2018 5170 vitrum
2042 5129 2206 5185 pene-

629 5214 844 5281 trantis,
891 5230 955 5269 ex
998 5224 1153 5269 utero
1182 5213 1417 5284 Virginis
1465 5214 1803 5269 sanctissimo
1854 5212 2055 5280 absque
2097 5212 2205 5265 ulla

626 5305 880 5372 puritatis
909 5305 1126 5360 lzcsione
1152 5306 1378 5360 exierit?
1404 5306 1486 5359 Ab
1526 5306 1608 5360 his
1638 5319 1765 5375 ergo
1791 5318 2006 5358 manum
2034 5312 2206 5358 retra-

627 5395 837 5450 hamus

699 5487 776 5540 De
804 5488 1066 5556 praeputio
1093 5490 1313 5558 pariter,
1343 5490 1486 5558 quod
1531 5491 1705 5559 ipsum
1747 5504 1804 5544 se
1842 5489 2044 5545 habere
2073 5502 2208 5542 non-

631 5576 761 5630 nulli
783 5575 1097 5647 glorientur,
1140 5580 1487 5648 scribamque
1530 5590 1776 5635 auctores
1804 5596 1909 5635 non
1937 5581 2093 5649 pauci
2122 5580 2207 5638 di-

632 5666 802 5723 versis
828 5671 882 5721 in
916 5667 1048 5721 locis
1077 5670 1362 5738 asservari,
1412 5678 1649 5726 statuere
1685 5670 1755 5725 nil
1797 5671 1987 5737 ausim,
2015 5679 2208 5740 praeter

2308 4485 2554 4541 coenobio
2583 4485 2848 4540 militabat
2875 4482 3134 4538 caelorum
3164 4479 3410 4542 Domino,
3444 4479 3542 4533 Dei
3581 4476 3721 4529 Matri
3749 4482 3839 4524 tan-

2306 4591 2468 4645 quam
2493 4585 2547 4629 et
2568 4575 2725 4639 Filio,
2751 4576 3060 4629 decreverat
3102 4571 3305 4626 servire
3334 4569 3544 4623 sedulo.
3594 4568 3719 4620 Cum
3744 4576 3840 4616 con—

2306 4674 2497 4719 ventus
2542 4663 2629 4717 illa
2668 4663 2879 4717 [inierat
2905 4677 3024 4730 qua)
3064 4668 3282 4713 cantare
3321 4665 3475 4711 nocte
3506 4659 3838 4710 consueverat.

2307 4768 2489 4808 coram
2511 4768 2604 4806 ara
2632 4753 2717 4806 hic
2759 4752 2901 4807 solus
2932 4751 3136 4812 aderat,
3170 4749 3314 4801 hera:
3352 4762 3461 4801 suae
3499 4743 3709 4801 solvens
3734 4736 3841 4808 quod

2307 4850 2547 4897 voverat.
2569 4842 2662 4895 Die
2676 4856 2802 4895 vero
2825 4842 3091 4910 perhoras
3112 4837 3368 4907 singulas,
3383 4845 3503 4905 post
3527 4828 3841 4903 expletashov

2308 4952 2398 4991 ras
2427 4938 2735 5000 canonicas,
2775 4933 3022 5005 gloriosae
3056 4931 3236 4985 Maria:
3276 4928 3523 5000 proprias
3564 4920 3843 4981 decantabat

2308 5028 2494 5083 laudes
2517 5037 2571 5082 et
2600 5027 2819 5097 gratias.
2854 5024 3021 5078 Multo
3060 5023 3277 5091 quidem
3325 5021 3427 5073 hoc
3468 5018 3582 5086 egit
3623 5024 3841 5080 tempore.

2308 5134 2413 5174 non
2439 5119 2734 5188 negligens,
2759 5116 2850 5171 sed
2879 5111 3435 5177 devotissime,donec
3452 5108 3684 5177 quadam
3706 5108 3845 5156 tentus

2308 5209 2598 5279 gravedine
2651 5223 2755 5260 non
2806 5204 3016 5258 valebat
3070 5202 3307 5256 debitum
3364 5198 3621 5261 reddere;
3668 5192 3846 5246 morbus

2307 5301 2506 5372 quippe
2534 5300 2756 5353 nimium
2790 5296 3031 5359 ailluens,
3078 5294 3152 5347 ita
3199 5300 3381 5361 guttur
3406 5298 3561 5344 extra
3594 5284 3847 5341 interiusve

2309 5398 2685 5461 occupaverat,
2718 5398 2776 5443 ut
2810 5402 2984 5455 neque
3021 5386 3156 5440 cibis
3196 5396 3368 5451 neque
3414 5379 3631 5449 potibus
3681 5380 3848 5443 pateret

2310 5484 2515 5547 aditus;
2574 5481 2667 5534 sed
2711 5488 2765 5534 et
2811 5488 2991 5547 partes
3039 5476 3204 5529 totius
3242 5469 3482 5540 corporis
3536 5466 3676 5520 infra
3718 5464 3848 5515 breve

2311 5575 2544 5643 spatium
2577 5572 2831 5641 temporis
2866 5569 3185 5623 videbantur
3220 5564 3372 5634 quasi
3404 5561 3707 5619 exanimes,
3733 5559 3847 5643 mnta

2312 5642 2428 5732 erat
2458 5665 2537 5719 vis
2569 5662 2915 5733 aegritudinis.
2952 5659 3280 5715 Prscvalcnte
3325 5655 3501 5710 dolore
3547 5650 3768 5705 febrium
3790 5642 3847 5695 la-
