4018 6324
328 174 464 231 1045

1489 173 1699 230 DOMNl
1743 172 1801 226 [ι.
1843 172 2182 230 D'ACHERY
2224 176 2448 232 NOTz'E.

3421 194 3552 247 ιιι-ιο

325 294 552 350 borabat
576 293 766 350 vir-Dei
796 295 1036 358 nimium,
1071 305 1128 347 ut
1153 292 1391 348 dicereut
1427 291 1886 347 circumstantium
1918 287 1963 344 Α
1989 292 2071 346 vel
2108 293 2284 362 aliqua
2334 294 2554 350 dulcedo
2608 312 2848 366 supernae
2903 301 3369 370 contemplationis
3421 311 3552 365 solet

322 387 540 457 quidam
568 405 579 440 :
619 387 720 440 Iste
741 386 852 454 jam
891 385 1072 440 reddet
1115 383 1392 452 spiritum;
1422 383 1571 452 cujus
1602 385 1674 438 rei
1707 382 1886 435 audito

323 479 528 542 nuntio,
568 486 708 534 totus
739 485 1033 531 conventus
1072 474 1221 528 adest
1250 474 1409 538 illico,
1438 483 1492 528 et
1515 489 1610 544 pro
1640 473 1802 526 fratre
1831 481 1883 526 ut

319 571 478 624 morti
511 570 755 638 proximo
781 567 906 622 fierit
930 577 982 623 ct
1005 579 1182 635 orant,
1215 575 1472 636 ungentes
1500 581 1620 619 eum
1649 563 1783 618 oleo.

394 678 412 712 ι
451 660 691 730 Expletis
717 660 822 726 his,
859 669 1134 729 creperum
1172 658 1416 730 psallere,
1449 668 1505 712 ut
1549 659 1600 712 in
1636 657 1727 710 tali
1767 671 1881 710 mos

317 761 403 804 est
452 749 800 818 discrimine,
857 752 1184 806 admirantes
1247 750 1425 804 tandiu
1490 749 1670 802 vivere
1725 763 1884 818 quem

316 855 418 895 nec
443 839 626 895 flatum
657 842 908 896 videbam
939 843 1171 897 trahere.
1220 840 1504 896 Oculorum
1555 839 1761 894 defecto
1806 839 1884 894 lu-

315 928 464 986 mine
488 930 753 984 desierant
776 930 974 984 moveri
1011 930 1294 1000 palpebrae,
1320 929 1432 998 jam
1459 929 1658 998 pallore
1687 929 1891 983 infecta.

315 1019 476 1085 facie,
507 1022 743 1076 membra
777 1021 962 1076 mortis
991 1021 1232 1091 rigebant
1257 1022 1472 1091 frigore.
1516 1021 1570 1074 lu
1599 1035 1722 1074 area
1750 1035 1880 1074 cou-

312 1127 502 1181 sperso
535 1114 715 1168 cinere
760 1112 1084 1168 festinabant
1123 1113 1315 1168 fratres
1345 1125 1584 1168 sternere
1625 1113 1878 1180 cilicium,

312 1201 406 1257 ubi
435 1217 466 1255 a
503 1217 726 1272 corpore
755 1202 990 1273 egressio
1029 1203 1181 1257 fieret
1207 1203 1420 1256 anima).
1453 1202 1748 1258 Dicebatur
1769 1203 1890 1258 fere

311 1292 383 1348 ab
409 1293 688 1348 omnibus:
718 1293 859 1348 Heu!
896 1309 1056 1364 quam
1085 1294 1223 1350 male
1253 1293 1602 1358 tardavimus,
1635 1309 1740 1349 non
1779 1296 1878 1350 ha-

306 1383 503 1441 bentes
527 1383 668 1455 quod
707 1399 841 1454 opus
869 1394 952 1441 est
991 1385 1106 1442 istis
1136 1383 1493 1456 patrantibus.
1533 1384 1648 1440 Non
1687 1385 1880 1444 videtis

307 1478 440 1548 quia
465 1487 546 1534 est
584 1478 860 1533 mortuus?

388 1585 406 1620 ι
439 1569 648 1624 interea
675 1568 884 1624 cunctis
923 1568 1249 1624 ululantibus
1291 1576 1342 1624 et
1387 1584 1485 1639 pro
1530 1569 1655 1626 boni
1695 1571 1878 1626 fratris

303 1671 534 1713 excessu
558 1672 716 1712 voces
744 1658 995 1728 lugubres
1040 1658 1429 1729 emittentibus,
1467 1677 1534 1718 en
1562 1676 1724 1717 causa
1763 1662 1881 1716 uni-

301 1749 533 1804 versalis
568 1748 800 1818 pietatis,
841 1747 998 1804 beata
1025 1749 1232 1806 scilicet
1256 1752 1422 1823 virgo-
1434 1751 1622 1818 Maria,
1648 1752 1896 1824 gloriosa.

300 1849 482 1894 mter
531 1839 932 1908 misericordiae,
979 1841 1062 1896 sui
1111 1842 1374 1913 capellani
1417 1852 1572 1901 meta
1616 1845 1880 1916 suspiriis,

300 1931 524 2000 indigne
550 1933 654 1987 fert
691 1931 836 1988 illum
864 1933 954 1988 tali
982 1933 1182 1990 diutius
1219 1935 1474 2008 languore
1511 1939 1717 1994 vexari.
1746 1940 1882 1995 Dum

299 2021 452 2075 enim
483 2021 596 2076 haec
626 2021 762 2075 fiunt
803 2037 834 2076 a
877 2020 1157 2091 fratribus,
1197 2039 1321 2080 ecce
1369 2026 1572 2082 interea
1619 2027 1747 2084 felix
1793 2029 1881 2085 illa

297 2125 592 2180 puerpera,
613 2111 772 2166 nullis
800 2112 1124 2178 videntibus,
1161 2123 1389 2184 excepto
1417 2133 1482 2172 eo
1504 2119 1592 2187 qui
1620 2119 1882 2175 morieba-

300 2210 414 2266 tur,
443 2217 501 2256 se
523 2203 750 2257 collocat
771 2203 926 2274 juxta
964 2204 1080 2272 ejus
1109 2203 1327 2275 cubilia,
1365 2207 1605 2277 speciosa
1641 2209 1800 2266 nimis
1827 2209 1890 2264 in.

297 2306 456 2348 veste
498 2295 744 2361 candida,
795 2305 868 2360 et,
925 2304 982 2350 ut
1024 2295 1123 2351 sibi
1169 2295 1466 2365 videbatur,
1508 2315 1619 2355 sua:
1666 2301 1892 2356 admota.

297 2384 472 2440 fronti
508 2387 746 2450 dextera,
785 2387 1104 2456 loquebatur
1148 2403 1332 2444 secum
1365 2390 1488 2445 talia
1517 2405 1531 2444 :
1557 2391 1628 2444 Mi
1667 2392 1878 2460 dilecte,

298 2476 434 2543 quid
459 2475 622 2531 facis?
648 2477 821 2531 Nimia
855 2478 1073 2532 attritus
1113 2494 1172 2535 es
1207 2481 1299 2536 diu
1329 2481 1594 2537 molestia.
1620 2482 1879 2552 lnjustum

299 2576 392 2621 est
425 2577 481 2620 ut
512 2569 593 2622 his
633 2569 904 2624 doloribus
942 2579 991 2626 te
1017 2571 1194 2640 patiar
1228 2575 1411 2629 vexari
1443 2574 1690 2644 amplius,
1721 2591 1878 2644 quem

297 2666 361 2712 et
408 2674 507 2729 ego
555 2668 608 2714 et
655 2674 806 2716 meus
859 2661 1025 2717 Filius
1083 2671 1191 2718 tam
1247 2664 1496 2719 devotum
1552 2665 1706 2720 nobis
1753 2679 1880 2720 con-

299 2751 600 2818 speximus.
648 2751 757 2820 Ego
797 2751 967 2807 Mater
1015 2753 1396 2810 misericordiae
1443 2756 1719 2825 capellano
1759 2771 1881 2811 meo

299 2841 756 2898 suecurrerehuc
795 2844 1005 2908 adveni,
1039 2861 1182 2899 nunc
1222 2847 1288 2900 ad
1327 2862 1412 2902 me
1449 2848 1676 2916 respice,
1705 2863 1772 2902 ne
1811 2848 1879 2902 ti-

1990 384 2235 450 expritni.
2283 385 2434 440 Unde
2481 396 2534 440 et
2577 388 2860 457 Apostolus
2889 389 3047 461 577
3074 394 3148 447 ait
3177 408 3192 448 :
3230 413 3247 445 ι
3281 395 3552 466 Tanquam

1988 474 2223 542 parvulis
2275 475 2325 527 in
2387 473 2601 532 Christo
2655 478 2735 534 lac
2796 483 2946 536 vobis
2999 493 3181 552 potum
3231 485 3391 551 dedi,
3450 506 3554 546 nou

1987 578 2194 630 escam;
2237 585 2254 617 ι
2291 566 2345 619 id
2378 576 2456 622 est
2495 570 2923 650 miscricordiam
2970 574 3168 631 leviora
3199 580 3556 649 praecipiendo

1989 655 2202 710 indulsi.
2245 655 2384 722 Quid
2414 658 2574 729 igitur
2619 665 2811 719 mirum
2845 667 2889 721 si
2933 667 3164 738 gloriosa
3193 670 3342 740 virgo
3365 671 3555 738 Maria,

1986 759 2158 804 mater
2171 747 2348 805 omnis
2373 751 2588 817 pietatis
2613 765 2667 809 et
2698 757 3099 827 misericordiae,
3127 777 3223 831 per
3252 762 3559 820 similitudi-

1949 916 1951 919 Ι
1984 855 2108 894 nem
2137 840 2294 896 lactis
2329 843 2493 898 ubere
2538 841 2838 915 suo'sacro,
2884 851 2954 906 ita
2996 853 3424 912 misericordiam
3459 860 3554 914 de-

1984 937 2110 986 voto
2146 946 2244 986 suo
2280 931 2542 1000 impendit
2574 935 2794 1003 famulo,
2839 940 2990 1007 cujus
3027 958 3184 998 sacro
3207 945 3346 1002 lacte
3371 956 3555 1003 tenera

1985 1021 2154 1090 ipsius
2201 1021 2614 1088 misericordiae,
2662 1023 2786 1078 Jesu
2831 1026 3034 1084 Christi
3078 1032 3287 1088 scilicet
3343 1036 3554 1092 Demini

1984 1111 2189 1174 nostri,
2237 1110 2470 1165 nutritur
2501 1112 2750 1176 infantia,
2780 1115 2870 1183 qui
2903 1115 3064 1171 etiam
3093 1130 3278 1187 postea
3307 1124 3555 1194 dignatus

1983 1208 2066 1275 est
2090 1215 2185 1268 pro
2209 1202 2582 1270 peccatoribus
2610 1202 3030 1260 misericorditer
3054 1209 3232 1264 crucis
3256 1209 3396 1267 ferre
3426 1230 3556 1286 sup-

1982 1287 2181 1358 plicia?

2057 1397 2076 1431 ι
2123 1381 2317 1435 Fertur
2344 1395 2556 1450 quoque
2589 1383 2644 1438 in
2673 1383 2850 1441 Gestis
2891 1386 3034 1441 beati
3073 1387 3310 1458 Dionysii
3359 1401 3560 1463 marty-

1981 1473 2078 1540 ris,
2108 1473 2332 1529 Athenae
2357 1474 2572 1544 quidem
2611 1475 2776 1544 prius,
2823 1485 3010 1546 postea
3035 1493 3165 1534 vero
3189 1479 3296 1534 Deo
3325 1481 3560 1537 donante

1980 1560 2312 1618 Parisiorum
2359 1564 2786 1634 arcltiprmsulis,
2839 1567 2954 1638 ipso
3000 1569 3161 1624 beato
3209 1570 3462 1642 Dionysio
3504 1573 3557 1626 iu

1983 1650 2096 1707 suis
2133 1649 2375 1721 epistolis
2405 1650 2696 1719 referente,
2728 1653 2854 1724 quia
2883 1657 3008 1711 dum
3032 1671 3062 1710 a
3085 1657 3404 1727 quibusdam
3423 1658 3558 1715 fides

1983 1750 2188 1798 sanctae
2209 1742 2408 1798 violata
2443 1743 2632 1801 fuisset
2675 1745 2952 1814 Ecclesiae,
2983 1748 3175 1804 beatus
3201 1749 3559 1821 Carpus~pre—

1983 1833 2169 1904 sbyter
2189 1835 2481 1906 benignum
2506 1835 2692 1891 Iesum
2719 1837 2992 1893 Christum
3016 1850 3331 1909 precaretur
3364 1853 3422 1896 ut
3446 1858 3559 1898 suae

1983 1926 2268 1995 potestatis
2293 1926 2588 1982 vindictam
2631 1928 2683 1981 in
2713 1928 2831 1985 illos
2852 1929 3111 1998 vibraret,
3154 1933 3401 2002 apparuit
3427 1934 3476 1988 ei
3506 1943 3560 1987 et

1984 2015 2249 2086 benignus
2272 2015 2429 2073 Iesus
2465 2017 2518 2073 in
2546 2019 2890 2074 orationibus.
2905 2030 3180 2090 soporato,
3225 2035 3346 2077 cum
3375 2023 3558 2076 multi-

1987 2109 2170 2164 tudine
2197 2109 2530 2180 angelorum,
2557 2109 2649 2179 qui
2700 2125 2918 2164 manum
2969 2127 3079 2166 suae
3107 2105 3312 2166 sanctae
3347 2111 3555 2166 miseri-

1985 2199 2182 2254 cordiae
2225 2199 2358 2270 ipsis
2399 2201 2631 2266 miseris,
2683 2201 2839 2270 quasi
2897 2202 2951 2256 in
3008 2204 3246 2258 carceris
3295 2203 3558 2273 profunda

1984 2290 2224 2360 dilapsis,
2253 2291 2551 2362 porrigens,
2597 2300 2757 2362 atque
2786 2293 3098 2364 angelorum
3145 2294 3463 2360 ministerio,
3491 2310 3557 2351 ea

1984 2392 2317 2450 sustentans,
2355 2387 2430 2440 ait
2458 2387 2614 2441 beato
2655 2381 2836 2456 Ca‘rpo'
2854 2405 2866 2440 :
2892 2387 3089 2458 Carpe,
3125 2404 3287 2443 manu
3317 2388 3370 2442 in
3401 2388 3555 2453 istos,

1984 2475 2485 2534 immisericorditer
2510 2479 2838 2544 constituta,
2875 2487 2930 2533 et
2975 2494 3080 2534 non
3124 2495 3220 2548 per
3247 2479 3557 2534 misericor-

1984 2568 2126 2622 diam
2157 2578 2409 2634 retraeta,
2439 2579 2660 2639 percute
2688 2574 2974 2628 adversum
3017 2590 3121 2629 me.
3162 2573 3295 2628 Nam
3331 2579 3560 2644 paratus

1984 2673 2101 2711 sum
2133 2674 2230 2729 pro
2255 2659 2562 2714 hominibus
2584 2660 2912 2717 resalvandis
2937 2663 3131 2717 iterum
3159 2663 3290 2733 pati,
3323 2672 3377 2719 et
3403 2677 3548 2719 com-

1981 2747 2170 2814 placeo
2201 2763 2363 2817 super
2392 2748 2475 2802 his
2513 2749 2683 2818 magis
2721 2765 2882 2818 quam
2932 2764 3093 2820 super
3148 2751 3266 2804 aliis
3314 2750 3405 2820 qui
3453 2765 3579 2805 non-

1981 2846 2360 2905 peceaverunt.
2394 2837 2532 2904 Quid
2578 2853 2707 2908 ergo
2752 2839 2964 2894 dubitat
3008 2840 3167 2894 homo
3222 2835 3559 2895 miserrimus

298 2946 477 2996 meas,
503 2932 697 2987 evades
723 2933 940 3000 optime.
969 2932 1076 2989 Res
1105 2935 1346 2989 miranda
1386 2944 1439 2990 et
1477 2938 1686 2990 cunctis
1712 2952 1878 2992 sarcu-
1906 2953 1947 3008 ε
1982 2927 2268 2996 gloriosam
2308 2926 2532 2980 Matrem
2591 2928 2994 2993 misericordiae,
3045 2929 3098 2982 in
3155 2929 3556 2984 similitudinem

297 3019 371 3073 iis
405 3018 670 3087 prioribus
712 3019 972 3075 inaudita!
1009 3021 1142 3076 Nam
1191 3032 1248 3076 ut
1289 3024 1407 3079 sibi
1445 3023 1722 3079 videbatur-
1761 3026 1872 3094 ipsa

295 3120 480 3165 mater
508 3111 616 3181 pia,
666 3127 784 3181 quae
823 3123 906 3168 est
947 3114 1267 3170 miserorum
1301 3115 1574 3170 miseratio
1613 3125 1872 3180 materna,

296 3202 596 3258 extrahens
646 3203 800 3271 quasi.
830 3218 860 3258 e
905 3205 1024 3260 sinu
1068 3206 1256 3272 ubera,
1285 3220 1403 3276 qua:
1440 3207 1582 3260 circa
1627 3221 1689 3262 os
1721 3214 1877 3261 erant

295 3293 638 3362 perhorrida,
671 3309 828 3349 sacro
866 3294 1027 3361 lacte,
1054 3296 1202 3366 :egri,
1247 3297 1453 3353 scilicet
1477 3299 1739 3367 capellani
1771 3299 1874 3364 sui,

296 3383 514 3452 rigabat
566 3385 764 3439 ulcera.
807 3385 924 3452 Quo
974 3387 1136 3452 facto,
1183 3389 1362 3444 statim
1404 3390 1628 3445 recessit
1680 3398 1874 3456 mater,

295 3488 470 3542 seque
509 3475 560 3528 in
602 3476 889 3548 stelligera,
933 3478 1090 3546 quasi
1133 3479 1417 3535 tumultum
1461 3480 1691 3535 fratrum
1734 3480 1880 3536 ferre

294 3579 408 3617 non
438 3567 730 3634 sustinens,
764 3569 964 3638 recepit
1005 3568 1223 3638 palatia.
1265 3570 1422 3627 Prius
1467 3582 1644 3628 tamen
1685 3573 1902 3643 adjecit'

291 3655 575 3722 paululum
630 3658 750 3724 hoc,
802 3658 1100 3728 inquiens:
1148 3661 1302 3717 Nunc
1353 3663 1548 3720 habeto
1599 3666 1878 3736 praemium

296 3745 372 3799 ob
416 3746 710 3817 impensum
748 3751 878 3804 mihi
915 3753 1218 3819 servitium,
1244 3770 1592 3824 possessums
1626 3773 1729 3813 non
1759 3769 1880 3828 post

297 3837 531 3890 multum
583 3853 819 3906 perenne
861 3841 1134 3909 gaudium.
1193 3842 1326 3897 Nam
1371 3845 1461 3914 qui
1512 3859 1631 3900 meo
1676 3849 1879 3903 servire

293 3926 439 3980 Filio
466 3929 768 3983 studuerint
795 3939 847 3984 et
880 3932 1007 3986 mihi
1039 3933 1243 4000 sedulo,
1293 3936 1467 3994 securi
1504 3937 1611 3992 sint
1655 3937 1720 3992 de
1753 3938 1878 3993 facti

293 4021 508 4076 servitii
537 4025 776 4091 praemio,
802 4026 912 4079 vita
937 4027 1118 4082 vivent
1149 4045 1266 4099 qua:
1293 4039 1445 4086 caret
1487 4033 1733 4088 termino.

379 4127 400 4161 ι
435 4111 565 4166 Tam
594 4115 921 4171 admirandae
961 4119 1037 4173 rei
1075 4119 1257 4176 audito
1292 4123 1501 4188 nuntio,
1546 4124 1760 4179 animus
1785 4140 1880 4194 pa-

293 4214 434 4257 vore
462 4205 790 4272 percellitur,
829 4209 1160 4278 obstupescit
1191 4211 1406 4267 auditus
1449 4221 1503 4267 et
1548 4213 1651 4268 hoc
1689 4229 1875 4270 verum

1981 3018 2134 3072 lactis
2179 3017 2608 3073 misericordiam
2667 3027 2926 3087 praestare
2986 3019 3120 3083 suis,
3170 3019 3386 3088 quando
3443 3021 3562 3088 ipsa

1980 3108 2374 3172 misericordia,
2402 3107 2663 3176 benignus
2690 3106 3064 3163 scilicetJesus
3087 3107 3344 3162 Dominus
3374 3117 3562 3164 uoster

1980 3201 2068 3270 qui
2095 3200 2244 3254 sedet
2267 3199 2334 3252 ad
2365 3199 2643 3253 dexteram
2684 3199 2882 3264 Patris,
2915 3198 3005 3268 qui
3051 3207 3276 3252 mortem
3305 3198 3559 3258 vicitnec

1975 3288 2085 3358 jam
2117 3288 2347 3356 amplius
2377 3287 2520 3340 valet
2562 3287 2722 3350 meri,
2780 3287 2915 3340 mori
2965 3301 3022 3340 se
3053 3286 3185 3340 telle
3227 3288 3422 3341 asserit
3459 3302 3558 3356 pro

1982 3377 2228 3446 perfidis?
2256 3376 2446 3431 Verum
2465 3376 2565 3430 hoc
2593 3376 2792 3430 dixisse
2813 3375 3041 3430 sufficiat
3061 3376 3128 3429 ad
3155 3375 3558 3445 comprobanda

1983 3467 2076 3521 Dei
2123 3468 2292 3522 nostri
2324 3475 2378 3522 et
2407 3481 2516 3522 sua:
2559 3475 2766 3522 sanctae
2819 3467 3006 3520 Matris
3069 3467 3360 3536 magnalia.
3403 3465 3559 3520 Nunc

1982 3558 2142 3626 Igitur
2178 3557 2461 3612 redeamus
2490 3557 2557 3611 ad
2602 3557 2968 3610 narrationem
3009 3565 3272 3621 nostram,
3326 3556 3415 3610 ubi
3440 3557 3556 3625 glo-

1983 3647 2178 3701 riosam
2211 3645 2435 3701 Matrem
2459 3645 2694 3701 diximus
2725 3655 2846 3719 post
2871 3645 3231 3700 visitationem
3261 3646 3345 3700 sui
3369 3644 3554 3700 famuli

1981 3753 2040 3793 se
2063 3739 2328 3808 recepisse
2356 3739 2410 3792 in
2437 3739 2660 3794 aethera.

2057 3849 2074 3881 ‹
2115 3829 2280 3899 Eger
2303 3843 2431 3884 vero
2479 3829 2768 3900 plurimum
2815 3829 3151 3885 confortatus
3196 3836 3278 3884 est
3311 3844 3340 3882 a
3385 3828 3559 3886 Matre

1983 3921 2215 3986 Domini,
2245 3936 2368 3976 mox
2397 3929 2560 3990 caput
2585 3921 2782 3991 erigit,
2798 3936 2896 3977 nec
2918 3920 3032 4005 jam
3057 3935 3200 3991 aeger
3220 3920 3411 3976 alecto
3435 3938 3560 3992 pro-

1979 4013 2192 4079 silit,.ct
2225 4015 2598 4075 medicandum
2630 4028 2893 4082 nusquam
2931 4014 3171 4084 respicit,
3206 4014 3320 4068 haec
3347 4014 3558 4084 ejulans

1979 4103 2462 4159 Fratribusintulit
2490 4122 2502 4157 :
2535 4103 2633 4159 llic
2672 4105 2844 4160 adfuit
2882 4106 3088 4174 Regina
3133 4105 3316 4176 gloriae
3341 4120 3576 4160 servum.

1978 4209 2134 4247 suum
2165 4209 2248 4250 me
2273 4193 2478 4248 salvqu
2524 4193 2812 4259 facere,,et
2859 4210 2954 4249 vos
2981 4194 3115 4248 nihil
3146 4195 3196 4248 ei
3239 4195 3558 4250 reverentiae

296 4305 424 4347 esse
476 4310 628 4350 mens
675 4297 1070 4353 inconsiderata
1120 4301 1373 4370 ιτθρῑάει,
1403 4317 1466 4356 eo
1498 4304 1638 4372 quod
1670 4305 1878 4360 miseri-
1908 4325 1958 4384 Β
1982 4285 2321 4351 exhibentes,
2345 4285 2609 4354 peccastis
2637 4287 2839 4353 utique,
2870 4286 2997 4340 dum
3039 4284 3249 4338 vidistis
3273 4285 3398 4352 quid
3424 4284 3554 4338 mihi

295 4383 518 4438 cordem
566 4386 826 4443 Altissimi
886 4387 1214 4444 Genitricem
1266 4391 1346 4446 sui
1409 4393 1668 4462 capellani
1722 4411 1876 4450 sacro

297 4471 441 4526 lacte
469 4474 674 4543 rigasse
706 4475 814 4530 dixi
853 4477 1053 4542 ulcera,
1087 4479 1212 4546 quia
1260 4495 1362 4534 nec
1402 4489 1562 4536 tantae
1601 4482 1876 4552 dignitatis

295 4578 560 4633 persona,
599 4579 696 4621 nec
734 4575 878 4621 tanta
913 4569 1263 4638 philosophise
1288 4570 1370 4625 vel
1417 4585 1636 4640 precum
1670 4576 1877 4628 accedit

296 4652 631 4721 eloquentia,
665 4671 783 4723 quae
824 4657 892 4712 ab
926 4657 1377 4714 excellentissima
1413 4659 1581 4714 Matre
1621 4659 1716 4715 Dei
1746 4661 1875 4729 quid

297 4744 411 4798 tale
459 4745 649 4799 debeat
685 4748 1008 4814 promereri;
1051 4749 1144 4803 sed
1173 4749 1217 4804 si
1254 4750 1319 4802 ad
1362 4752 1674 4806 memoriam
1713 4753 1876 4807 dedu-

299 4833 495 4897 cimus,
539 4836 806 4902 quomodo
847 4836 1154 4892 Altissimus
1204 4837 1373 4893 Filius
1414 4839 1529 4908 ejus
1577 4839 1874 4910 virgineum

298 4923 627 4978 descendere
661 4926 907 4993 dignatus
937 4937 1016 4981 est
1046 4928 1096 4981 in
1129 4937 1340 4984 uterum
1377 4938 1432 4983 et
1477 4941 1661 4999 postea
1701 4931 1874 4997 nasci,

298 5013 632 5089 circumcidi,
691 5017 911 5080 tentari,
967 5032 996 5070 a
1049 5017 1438 5072 Pharisaeorum
1487 5019 1696 5075 insidiis
1750 5035 1875 5088 per-

298 5103 474 5170 sequi,
501 5119 563 5158 ac
594 5106 805 5158 demum
845 5122 942 5175 pro
987 5110 1360 5176 peccatoribus
1390 5111 1651 5178 crucifigi,
1682 5112 1874 5166 deinde

299 5191 548 5260 sepeliri,
598 5207 880 5263 resurgere
930 5210 956 5247 a
1007 5198 1232 5252 mortuis
1277 5209 1437 5266 atque
1484 5201 1549 5253 ad
1597 5203 1872 5256 dexteram

298 5280 476 5334 Patris
529 5284 867 5338 ascendendo
912 5285 1178 5340 collocare
1229 5288 1476 5357 dignatus
1519 5297 1603 5344 est
1645 5290 1871 5345 formam

299 5380 501 5428 nostra:
531 5375 898 5443 mortalitatis,
925 5391 1084 5431 omne
1121 5378 1351 5432 discedit
1389 5381 1722 5451 ambiguum,
1749 5398 1870 5438 cum

302 5478 401 5534 pro
429 5451 796 5532 peccatoribus
829 5475 974 5521 tanta
1009 5467 1202 5523 fecisse
1231 5469 1515 5524 recolimus
1546 5471 1733 5526 Deum.

361 5572 402 5637 ,ε
445 5553 640 5610 Verum
682 5558 894 5614 nomine
946 5559 1100 5617 lactis
1151 5559 1436 5630 aliquando
1480 5561 1868 5630 misericordia,

1982 4383 2203 4448 faceret,
2252 4395 2309 4438 et
2351 4382 2663 4452 neglexistis
2693 4397 2888 4450 parare
2942 4382 3031 4436 ubi
3081 4381 3440 4436 recumberet.
3491 4380 3558 4432 Et

1978 4481 2177 4541 putans
2203 4471 2346 4540 quod
2393 4471 2492 4540 ipsi
2521 4470 2794 4533 similiter,
2828 4470 2967 4524 sicut
2996 4469 3110 4538 ipse
3157 4469 3366 4525 viderat
3400 4468 3557 4522 visio-

1979 4577 2124 4626 nem,
2179 4561 2462 4624 vidissent,
2493 4562 2568 4615 ait
2605 4579 2618 4614 :
2651 4555 2764 4616 lleu
2803 4576 2889 4616 me
2945 4561 3231 4616 miserum!
3281 4561 3407 4629 quia
3450 4575 3554 4614 non

1977 4653 2053 4706 fui
2117 4653 2300 4709 valens
2355 4653 2638 4709 Salvatrici
2689 4668 2824 4708 mea:
2882 4668 3076 4723 parare
3127 4653 3343 4724 aliquod
3390 4654 3556 4708 sedile

1978 4743 2420 4813 pulcherrimum,
2453 4760 2573 4814 quae
2600 4745 2871 4799 immerito
2900 4745 3034 4799 mihi
3074 4754 3235 4800 tanta:
3257 4817 3260 4822 Ι
3281 4746 3556 4814 sospitatis

1978 4840 2239 4909 impendit
2290 4840 2537 4895 solatium
2589 4859 2601 4894 :
2648 4840 2694 4895 si
2738 4840 2882 4894 enim
2935 4839 3195 4895 tumultus
3238 4847 3414 4897 vester
3448 4854 3555 4893 non

1978 4930 2150 4997 ﬁeret,
2186 4947 2289 4985 non
2333 4941 2438 4986 tam
2468 4932 2575 4986 cito
2600 4930 2782 4986 forsan
2806 4932 3102 4988 recederet.

2053 5041 2071 5071 ι
2105 5021 2342 5087 Fratres,
2375 5021 2489 5076 viso
2519 5021 2660 5091 quod
2690 5022 2768 5076 sic
2816 5030 3125 5076 surrexerat
3167 5017 3552 5089 quemdefun-

1977 5121 2122 5166 ctum
2147 5112 2374 5181 quisque
2419 5119 2722 5180 potaverat,
2761 5120 2937 5164 terror
2980 5111 3168 5179 ingens
3197 5121 3385 5163 omnes
3407 5122 3546 5176 prte-

1978 5211 2223 5271 occupat,
2253 5203 2560 5272 ignorantes
2590 5201 2732 5270 quod
2761 5199 2961 5255 factum
2985 5199 3180 5253 fuerat.
3217 5197 3390 5252 Verba
3417 5195 3548 5249 Fra-

1979 5294 2076 5349 tris
2107 5295 2282 5348 nullus
2327 5293 2700 5364 perpenderat,
2737 5299 2918 5345 tantus
2961 5305 3226 5360 quemque
3251 5298 3438 5357 stupor
3465 5288 3544 5342 in-

1975 5392 2209 5438 vaserat.
2229 5383 2544 5437 Psalmodia:
2566 5397 2666 5436 vox
2696 5382 2836 5436 nulla
2853 5389 3091 5448 resonat,
3107 5381 3196 5450 qui
3221 5395 3362 5434 nunc
3383 5378 3546 5433 flebat

1978 5490 2089 5543 pra:
2119 5484 2262 5528 metu
2291 5482 2520 5529 resonat.
2569 5474 2776 5528 Interea
2807 5483 3120 5544 recuperata
3168 5473 3366 5528 virtute
3404 5487 3545 5542 aeger

1980 5567 2036 5621 in
2064 5580 2121 5620 se
2159 5565 2335 5632 rediit,
2369 5574 2420 5618 et
2465 5565 2590 5634 quid
2619 5579 2743 5636 erga
2773 5580 2831 5622 se
2862 5565 3058 5626 factum
3093 5566 3162 5622 sit
3189 5564 3541 5636 recognoscit,
