4018 6324
518 213 652 271 1οη

1439 212 1525 265 AD
1562 212 1709 267 OPP.
1756 214 1909 268 VEN.
1949 214 2270 270 GUIBERTI
2308 217 2393 271 DE
2419 216 2812 274 NOVIGENTO

3623 226 3738 284 1088

520 343 683 401 atque
708 331 965 385 fratribus
996 329 1302 394 recitat.per
1331 323 1597 388 ordinem,
1629 326 1767 379 sicut
1799 341 1884 380 res
1915 328 2085 381 couti-
2115 330 2161 384 A
2186 328 2398 381 vulnera
2427 328 2519 381 illa
2546 340 2803 383 reservata
2829 332 3208 399 portenderent.
3228 332 3579 402 Nequaquam
3606 333 3741 402 plane

519 434 692 491 gerat,
728 424 913 491 sicque
939 426 1144 474 mentes
1164 431 1347 471 eorum
1374 424 1610 470 revocat.
1639 415 1974 485 Superﬁuum
2005 426 2088 472 est

519 513 674 569 nobis
701 525 939 582 quaerere
963 510 1007 564 si
1039 522 1174 577 quas
1219 506 1400 559 laudes
1429 504 1494 559 de
1529 514 1674 558 tanta
1723 504 1941 576 Virgine
1969 516 2085 561 stu-

520 607 751 658 duerunt
796 604 849 657 hi
901 612 1028 656 tunc
1078 613 1351 661 exercere,
1405 599 1495 671 qui
1554 598 1809 651 videbant
1860 597 2085 651 fratrem

519 695 791 758 dilectum,
816 707 972 762 quem
996 700 1264 745 mortuum
1285 697 1630 760 putaverant,
1662 690 1808 745 sanis
1831 690 2087 745 membris

517 786 716 841 vivere.

662 895 682 926 ί
721 875 1008 930 Benedicta
1042 876 1111 929 sit
1139 874 1261 929 talis
1283 873 1533 938 Domina,

655 967 784 1032 Qua:
804 967 881 1021 sic
904 968 1018 1020 suis
1048 966 1152 1021 fert
1180 966 1557 1028 medicamina,

654 1054 773 1123 lpsa
806 1056 959 1110 nobis
982 1056 1075 1109 ﬁat
1104 1058 1332 1126 propitia

652 1148 865 1202 Donans
897 1149 1054 1203 nobis
1076 1148 1196 1202 vita:
1227 1147 1460 1202 remedia

651 1236 771 1289 Nati
803 1237 907 1303 sui,
933 1251 1164 1306 suosque
1191 1237 1453 1299 servulos,

651 1330 696 1381 A
724 1328 958 1397 peccatis
980 1328 1143 1381 faciat
1170 1328 1396 1391 liberos;

656 1418 871 1487 Nosque
900 1430 997 1485 per
1026 1425 1337 1470 cunctorum
1367 1416 1572 1469 dierum
1605 1415 1892 1480 curricula,

657 1507 783 1561 Suis
804 1506 1074 1574 obsequiis
1102 1506 1288 1560 reddat
1324 1506 1544 1561 idoneos
1574 1521 1587 1556 :

653 1599 761 1652 Deo
786 1612 917 1666 pura
940 1612 1037 1652 nos
1066 1596 1394 1663 habitacula,

646 1692 806 1759 Aptet
828 1691 1057 1745 mundos
1082 1693 1151 1746 ab
1179 1693 1325 1745 omni
1358 1691 1586 1755 macula,

654 1781 723 1836 Ut
753 1790 870 1851 post
892 1783 1050 1852 hujus
1074 1784 1195 1836 vita:
1220 1783 1513 1845 curricula,

648 1864 989 1920 Gaudeamus
1017 1881 1200 1927 secum
1234 1866 1286 1920 in
1319 1868 1533 1921 saecula.

650 1957 777 2022 Ejus
812 1947 930 2025 ope,
956 1957 1071 2026 ejus
1112 1958 1379 2021 antidoto,

650 2044 846 2099 Mundo
875 2046 1017 2099 salus
1047 2045 1205 2099 rediit
1237 2046 1479 2114 perdito;

649 2136 750 2205 Ipsi
780 2136 919 2200 laus,
950 2150 1052 2189 una
1077 2150 1199 2191 cum
1226 2136 1459 2205 glorioso
1481 2152 1577 2191 suo
1601 2137 1757 2203 Filio,

647 2226 852 2291 Honor,
880 2227 1069 2289 virtus,
1103 2235 1264 2295 atque
1284 2225 1559 2295 jubilatio,

646 2315 910 2385 Tempore
940 2323 1221 2384 perpetuo.
1257 2315 1450 2369 Amen.
1489 2335 1507 2366 ι

578 2406 870 2477 llucusque
891 2407 1056 2461 codex
1087 2421 1188 2460 ms.
1227 2405 1572 2461 Corbeiensis
1603 2407 1938 2460 monasterii.

575 2498 683 2552 Lac
707 2508 765 2552 et
805 2497 868 2551 B.
900 2496 1174 2552 Bcrnardo
1202 2495 1584 2552 Clarevallensi
1638 2498 1882 2551 eamdem
1919 2497 2082 2552 coelo-

508 2606 627 2645 rum
663 2589 924 2659 Reginam
956 2589 1217 2643 infudisse
1246 2587 1427 2643 ferunt
1468 2589 1759 2658 scriptores
1802 2588 2081 2653 nonnulli;

509 2681 603 2734 sed
630 2696 737 2751 quo
767 2680 1058 2735 fulciantur
1101 2696 1227 2735 vero
1274 2680 1539 2747 judicent,
1568 2681 1657 2749 qui
1694 2690 1844 2751 gesta
1888 2680 2084 2737 illiusa

510 2770 682 2825 tribus
732 2770 1053 2841 synchronis
1108 2772 1418 2827 auctoribus
1466 2780 1691 2826 exarata
1743 2772 2082 2841 (quibuscum

508 2877 770 2932 perquam
819 2862 1158 2918 familiariter
1211 2862 1521 2918 Bernartius
1580 2872 1663 2919 est
1714 2863 2084 2932 conversatus)

507 2953 866 3008 excusserint.
891 2953 1006 3020 Quo
1032 2954 1229 3008 etenim
1260 2954 1419 3007 modo
1446 2953 1559 3008 ﬁeri
1584 2962 1763 3022 potest
1788 2961 1844 3007 ut
1875 2952 2082 3018 relatis,

509 3043 647 3098 ultra
673 3053 907 3109 centum,
942 3045 1236 3109 miraculis,
1285 3043 1388 3098 hoc
1429 3052 1555 3096 tam
1580 3043 1787 3111 insigne
1826 3041 2081 3097 oblivioni
2117 3014 2158 3072 δ

509 3135 861 3189 tradiderint?
898 3134 973 3188 Ita
1005 3134 1159 3189 Joan.
1189 3133 1456 3188 Bertelius
1489 3133 1565 3187 lib
1596 3148 1688 3185 vm
1723 3132 1775 3186 in
1820 3131 2077 3201 Regulam

510 3223 571 3276 S.
612 3222 924 3278 Benedicti:
953 3239 1112 3293 quem
1166 3224 1535 3292 Chrysostom.
1570 3220 1906 3289 Henricquez
1954 3237 2081 3275 con-

507 3312 649 3366 futat
674 3314 725 3366 in
744 3313 1039 3382 Menologio
1068 3314 1286 3367 (Iistert.
1305 3313 1370 3367 ad
1398 3312 1538 3366 diem
1575 3311 1639 3365 15
1663 3311 1808 3376 Maii,
1830 3321 1881 3365 et
1905 3312 2081 3379 Ange-

508 3404 592 3457 lus
620 3403 1125 3474 Manrique,Annal.
1150 3403 1488 3458 Cistertiens.
1517 3412 1645 3457 tom.
1679 3403 1742 3469 ll,
1769 3419 1899 3457 ann.
1922 3404 2079 3467 1155,

508 3506 628 3560 cap.
660 3491 743 3545 12.

581 3581 672 3650 (⁷³)
722 3582 849 3637 CAP.
904 3583 987 3645 lll,
1031 3583 1056 3653 §
1098 3598 1171 3637 tv.
1210 3613 1279 3622 —-
1314 3582 1454 3646 Quid
1494 3592 1607 3651 post
1659 3585 2082 3636 resurrectionem

2189 418 2597 474 tncnsGuibcrti
2629 428 2732 483 est,
2774 430 2831 475 ut
2862 422 2915 475 in
2954 421 3154 478 Christi
3203 439 3433 494 corpore
3478 425 3747 481 vulnerum

2190 509 2466 563 cicatrices
2496 510 2838 575 remansisse,
2864 512 2955 566 sed
2984 527 3101 567 eam
3131 518 3508 570 tantummodo
3537 516 3606 571 ob
3629 532 3743 572 cau-

2189 614 2303 652 sam
2339 609 2516 670 negot,
2550 615 2655 669 qua
2703 602 2957 657 nimirum
2988 603 3133 658 Patri
3173 605 3285 659 sint
3313 605 3481 659 veluti
3510 607 3656 676 signa
3690 623 3744 663 ac

2188 689 2387 743 stimuli
2415 691 2481 743 ad
2514 692 2826 746 memoriam
2871 708 3059 747 eorum
3102 696 3464 751 refricaudam
3507 711 3626 765 quze
3668 698 3744 754 Fi-

2188 780 2290 833 lius
2312 780 2480 849 gratia
2510 782 2724 851 generis
2741 783 2959 836 humani
2984 784 3226 852 pertulit,
3254 794 3308 839 et
3330 786 3398 840 ad
3437 794 3745 856 extorquen-

2188 872 2308 927 dam
2342 872 2408 925 ab
2430 886 2495 926 eo
2526 872 2952 927 misericordiam
2984 892 2997 926 :
3033 893 3051 925 ‹
3086 874 3202 929 Non
3229 876 3372 930 enim
3406 878 3746 947 cogitationes

2188 977 2337 1025 meae,
2384 963 2734 1033 cogitationes
2780 973 3014 1018 vestrae:
3047 980 3221 1035 neque
3264 968 3366 1021 via:
3421 977 3636 1030 vestrae,
3661 969 3751 1024 viae

2187 1070 2339 1120 meai,
2366 1073 2383 1105 ›
2425 1072 2435 1107 :
2464 1069 2558 1109 ore
2583 1055 2853 1123 quondam
2885 1055 3035 1113 Isaia:
3066 1072 3185 1127 cap.
3225 1074 3291 1111 ιν
3318 1059 3597 1127 inquiebat
3627 1060 3748 1114 Deus

2186 1144 2317 1213 ipse.
2345 1144 2467 1198 Sola
2499 1149 2615 1215 ejus
2649 1145 2858 1200 inﬁnita
2904 1148 3136 1212 bonitas,
3183 1150 3292 1203 sola
3337 1148 3543 1202 Christi
3573 1148 3750 1205 sumsit

2187 1232 2516 1297 humanitas,
2560 1248 2669 1301 quo
2716 1242 2938 1301 paterae
2984 1236 3195 1289 veniam
3244 1235 3623 1305 peccatoribus
3658 1237 3749 1292 lar-

2184 1324 2378 1392 giatur,
2408 1325 2609 1393 gratias
2636 1324 2800 1395 578
2825 1323 3026 1381 affatim
3057 1325 3295 1381 effundat
3328 1328 3653 1382 hominibus.

2255 1413 2440 1483 Neque
2461 1415 2666 1484 pariter
2700 1416 2843 1483 quod
2881 1416 3226 1485 objectabant
3261 1416 3749 1475 Saninedardenses

2184 1507 2467 1576 approbat,
2494 1520 2684 1574 nempe
2699 1507 2921 1560 vulnera
2945 1508 3148 1562 idcirco
3170 1518 3288 1576 post
3311 1508 3751 1564 resurrectionem

2184 1598 2580 1666 perseverasse,
2638 1598 2893 1665 quoniam
2951 1597 3150 1651 Christi
3208 1612 3407 1665 corpus
3456 1599 3751 1653 omnimoda

2185 1689 2427 1741 ultimum
2460 1696 2577 1754 post
2598 1687 2858 1755 judicium
2892 1686 3060 1760 gloria
3097 1687 3168 1741 sit
3214 1688 3550 1742 donandum.
3590 1687 3757 1743 Refel-.

2182 1780 2243 1832 lit
2276 1788 2329 1832 et
2356 1777 2708 1846 quarumdam
2757 1776 2945 1831 deliria
2978 1777 3300 1842 vetularum,
3332 1793 3455 1847 quas
3495 1778 3751 1848 ﬁngebant

2184 1869 2476 1923 Salvatoris
2509 1868 2597 1921 illa
2632 1867 2746 1936 ipsa
2795 1868 3056 1922 continuo
3115 1883 3238 1923 esse
3288 1878 3478 1937 aperta
3518 1867 3746 1933 vulnera,

2181 1960 2495 2026 saniemque
2525 1973 2767 2013 manare.

2253 2048 2389 2113 Non,
2424 2049 2668 2116 inquam,
2703 2049 2985 2117 praefracte
3025 2049 3287 2105 diﬂitetur
3328 2059 3544 2113 auctor,
3591 2050 3749 2105 Domi-

2181 2156 2312 2195 num
2363 2141 2537 2195 instar
2598 2142 3010 2210 margaritarum
3086 2142 3355 2211 passionis
3404 2143 3657 2210 stigmata
3704 2143 3751 2195 in

2182 2232 2320 2289 omlo
2353 2249 2496 2287 nunc
2519 2233 2749 2297 habere;
2779 2232 3018 2303 alioquin
3059 2232 3113 2286 in
3146 2231 3247 2286 SS.
3283 2231 3473 2285 Patres
3516 2245 3636 2285 sese
3658 2231 3730 2285 eri

2181 2336 2407 2393 gere,ac
2437 2337 2588 2376 suam
2614 2321 2934 2376 sententiam
2957 2319 3224 2375 anteferre
3245 2318 3524 2373 videretur
3546 2316 3755 2388 (absit!)

2182 2414 2386 2469 sanctis
2411 2413 2659 2468 videlicet
2708 2412 3017 2475 Ambrosio,
3049 2410 3142 2465 lib.
3198 2427 3232 2464 x
3290 2410 3345 2464 in
3398 2408 3605 2463 Lucam
3642 2422 3749 2478 cap.

2182 2516 2309 2556 xxrv
2337 2509 2461 2556 ante
2490 2499 2671 2565 ﬁnem,
2696 2500 2879 2564 Leoni,
2903 2514 3152 2555 sermone
3181 2499 3230 2562 1,
3254 2498 3319 2552 de
3347 2498 3683 2561 Resurreet.,
3706 2505 3754 2550 et

2184 2590 2325 2646 aliis.
2356 2591 2537 2658 Quare
2588 2605 2715 2659 ergo
2777 2590 3058 2643 vulnerum
3110 2588 3432 2643 cicatrices?
3491 2585 3564 2641 Ut
3611 2586 3754 2641 ﬁdem

2185 2680 2462 2745 roborent,
2485 2680 2732 2735 solentur
2757 2678 2963 2743 ﬁdeles,
2987 2678 3136 2747 impii
3158 2677 3448 2747 aliquando
3472 2676 3751 2746 ignominia

2185 2772 2579 2830 suﬁ‘undantur.
2617 2774 2691 2828 lta
2726 2774 2957 2843 August.
2989 2772 3082 2827 lib.
3116 2788 3230 2826 χχιι
3277 2772 3343 2826 de
3378 2770 3613 2825 Civitate
3648 2768 3752 2835 Dei,

2185 2877 2306 2932 cap.
2338 2862 2404 2917 19
2427 2863 2603 2928 et20;
2644 2863 2845 2918 Euseb.
2874 2862 3139 2917 Gallican.
3170 2862 3284 2916 sive
3319 2860 3642 2925 Eucherius,
3668 2873 3756 2915 seu

2191 2954 2357 3008 etiam
2392 2952 2578 3009 Faust.
2623 2954 2872 3024 Regicns.
2913 2952 3098 3008 homil.
3134 2951 3285 3006 feria:
3310 2951 3346 3004 5
3374 2959 3497 3019 post
3523 2949 3751 3014 Pascha,

2193 3044 2460 3100 Caesarius
2496 3044 2725 3111 Arelat.,
2758 3044 2944 3099 homil.
2975 3044 3064 3097 25.
3090 3042 3198 3097 Sed
3220 3051 3273 3096 et
3294 3041 3585 3096 Guibertus
3608 3054 3749 3110 aper-

2188 3137 2395 3191 tissime
2420 3136 2472 3189 id
2504 3134 2735 3190 aﬁirmat
2758 3151 2879 3203 cap.
2909 3135 2943 3188 ὅ
2968 3132 3208 3203 epistolae
3237 3133 3311 3187 De
3335 3132 3571 3186 veritate
3594 3130 3750 3183 Domi

2188 3226 2294 3281 nici
2331 3228 2593 3296 corporis,
2624 3242 2744 3295 pag.
2769 3225 2898 3279 9.84.
2928 3225 2990 3277 C.
3030 3242 3047 3274 ‹
3087 3222 3225 3291 Quid
3249 3222 3392 3290 quod
3432 3221 3487 3274 in
3515 3220 3650 3274 cmlo
3671 3232 3749 3287 po-

2187 3319 2322 3373 situs
2348 3333 2415 3374 ne
2438 3319 2656 3373 vulnera
2686 3318 2900 3386 quidem
2924 3330 3019 3369 sua
3067 3315 3362 3377 obducere,
3396 3321 3491 3365 aut
3514 3308 3751 3364 servilem

2186 3408 2437 3471 formam,
2484 3422 2645 3475 quam
2703 3406 2756 3459 in
2804 3406 2983 3458 futuro
3050 3400 3462 3472 reprzesentabit
3522 3397 3753 3465 judicio,

2185 3516 2383 3555 exuere
2415 3500 2599 3563 voluit,
2641 3520 2657 3550 ι
2693 3508 2800 3554 etc.

527 3724 3719 3753 W—w

827 3895 1011 4005 AD
1095 3894 1591 4007 LIBROS
1676 3893 2345 4009 GUIBERTI
2435 3895 2611 4004 DE
2694 3875 3048 4010 VITA
3132 3887 3438 4003 SUA.

587 4237 735 4303 Quod
763 4238 1253 4306 splendidissimum
1300 4242 1447 4295 orbis
1489 4243 1701 4296 oculum
1734 4242 1790 4294 Β.
1834 4242 2087 4310 Augusti-
2119 4239 2163 4293 D
2192 4218 2604 4285 θωνθιίίεδηῖίῖυθ
2639 4214 2987 4286 Ρωνίίθίθῖηο
3022 4209 3444 4310 Μξίηίθικεξηύω
3472 4203 3603 4310 {iace

514 4348 641 4385 num
712 4330 872 4385 fuerit
912 4332 1204 4387 Guibcrtus
1252 4335 1500 4403 exemplo
1555 4336 1799 4403 proxime
1842 4344 2081 4399 secutus,

514 4424 637 4476 vita:
661 4423 827 4492 ipsius
854 4425 1089 4493 priorem
1127 4426 1320 4479 librum
1365 4427 1458 4495 qui
1508 4426 1723 4495 legerit,
1759 4425 1917 4495 plane
1966 4426 2086 4479 ani-

515 4514 836 4568 madvertct.
868 4516 1200 4584 Augustinus
1226 4516 1363 4569 libro
1422 4518 1507 4570 cui
1555 4510 1773 4570 titulum
1795 4514 1925 4570 fecit
1947 4515 2088 4569 Con-

517 4602 803 4671 fessiones,
866 4603 989 4656 vita:
1040 4620 1150 4658 sum
1201 4604 1402 4659 deﬂens
1432 4614 1585 4660 actus
1637 4605 1910 4673 percurrit
1947 4622 1959 4658 :
2000 4605 2090 4658 hic

514 4692 721 4760 pariter
772 4691 923 4746 libris
980 4693 1043 4747 de
1068 4694 1173 4747 vita
1217 4710 1335 4760 sua,
1391 4694 1556 4763 priori
1610 4695 1864 4759 maxime,
1914 4708 2092 4764 geme—

515 4783 730 4837 bundus
760 4785 921 4837 vitam
968 4786 1153 4839 recolit
1192 4795 1532 4849 anteactam;
1586 4786 1672 4840 ille
1717 4801 1956 4841 summas
1984 4787 2092 4840 Deo

518 4883 698 4944 grates
726 4889 821 4944 pro
854 4875 1077 4930 inﬁnitis
1104 4876 1158 4930 in
1206 4892 1264 4931 se
1295 4876 1503 4930 collatis
1542 4877 1819 4931 beneﬁciis
1849 4878 1988 4947 agit:
2022 4877 2095 4929 si-

520 4965 721 5018 militer
748 4975 801 5019 et
835 4966 969 5031 iste;
1006 4968 1165 5020 matri
1193 4966 1252 5020 S.
1302 4968 1637 5037 Augustinus
1671 4970 1738 5023 ab
1777 4968 2018 5037 improba
2041 4976 2096 5022 et

522 5056 772 5109 haeretica
790 5058 1176 5111 consuetudine
1192 5069 1497 5112 revocatum
1514 5074 1653 5123 sese,
1670 5060 1773 5112 fert
1791 5068 2092 5126 acceptum:

522 5145 811 5200 Guibcrtus
850 5148 898 5198 in
944 5150 1082 5199 hunc
1122 5148 1359 5209 modum,
1393 5150 1533 5217 quod
1566 5165 1597 5203 e
1638 5148 1906 5218 corruptis
1937 5148 2098 5200 mori-

524 5234 625 5289 bus
689 5252 717 5289 a
786 5247 961 5291 matre
1006 5240 1289 5291 traductus
1346 5236 1528 5305 fuerit,
1585 5238 1815 5305 ingenue
1866 5235 2093 5301 fatetur;

529 5327 676 5393 prior
702 5337 929 5383 matrem
962 5329 1094 5382 mire
1134 5328 1342 5393 laudat;
1392 5328 1464 5382 ita
1513 5337 1569 5381 et
1604 5326 1871 5395 posterior
1910 5340 2095 5388 suam;

528 5416 709 5470 verbis
734 5424 899 5485 atque
932 5418 1146 5487 scriptis
1177 5418 1365 5472 doctor
1396 5416 1483 5471 ille
1525 5415 1844 5469 Manichaeos
1867 5423 1922 5468 et
1948 5421 2100 5487 caetej

532 5520 642 5569 ros,
671 5508 760 5574 qui
788 5523 883 5560 suo
905 5508 1097 5564 saeculo
1116 5516 1473 5572 emerserant,
1496 5506 1779 5561 haereticos
1807 5505 2101 5560 insectatus

533 5605 644 5648 est:
680 5596 843 5650 abbas
889 5612 1098 5665 quoque
1149 5606 1331 5652 noster
1381 5606 1436 5651 ut
1469 5596 1746 5651 Iudaicam
1797 5594 2098 5664 perﬁdiam,

2192 4318 2381 4374 tatam,
2413 4310 2687 4372 evelleret,
2722 4317 2776 4361 et
2816 4318 2999 4358 coram
3040 4299 3355 4371 disputavit,
3398 4309 3457 4352 et
3502 4302 3751 4352 tractatus

2187 4400 2372 4453 edidit.

2259 4488 2521 4543 Caeterum
2553 4503 2659 4543 non
2686 4485 2904 4541 defuere
2950 4483 3191 4538 celebres
3228 4489 3284 4534 et
3324 4478 3416 4533 alii
3446 4478 3749 4547 scriptores,

2189 4579 2281 4646 qui
2341 4593 2404 4632 ea
2466 4593 2584 4646 qua:
2655 4582 2935 4645 gesserant
2989 4572 3325 4641 scripserant
3386 4567 3752 4638 potissimum,

2191 4670 2492 4738 posteritati
2523 4668 2940 4737 consignarunt;
2970 4665 3116 4719 velut
3139 4662 3520 4731 Hieronymus,
3551 4657 3751 4712 Genna-

2193 4758 2331 4819 dius,
2365 4758 2522 4819 Beda,
2560 4757 2895 4826 Sigebertus,
2918 4763 3047 4816 etc.,
3078 4751 3129 4805 id
3161 4758 3421 4822 praestare
3448 4762 3555 4802 non
3573 4746 3752 4805 absre.

2194 4850 2437 4917 quinimo
2461 4847 2800 4917 profuturum
2835 4850 3057 4904 duxere.

2624 4960 2714 5013 AD
2752 4955 3013 5012 LIBRUM
3046 4950 3335 5008 PRIMUM.

2265 5049 2353 5119 ('3)
2385 5047 2513 5103 Car.
2546 5048 2584 5101 Ι.
2619 5078 2689 5088 -
2716 5048 2845 5101 Cum
2868 5048 3003 5117 quod
3040 5057 3274 5105 emanas,
3301 5037 3545 5092 omnibus
3564 5034 3757 5088 debeas.

2195 5139 2308 5194 Hoc
2338 5150 2441 5203 est,
2465 5139 2650 5208 gratia:
2691 5153 2755 5191 ac
2783 5135 3063 5198 beneﬁcia,
3092 5148 3212 5202 qua:
3241 5147 3309 5186 ex
3352 5132 3577 5185 decreto
3612 5132 3760 5190 atque

2195 5244 2260 5284 ex
2288 5243 2548 5297 congruo,
2571 5243 2676 5281 non
2700 5241 2768 5281 ex
2797 5225 3061 5293 condigno
3091 5224 3172 5291 (ut
3192 5223 3489 5290 loquuntur
3522 5209 3760 5279 theologi)

2198 5322 2253 5375 in
2285 5319 2529 5375 homines
2562 5318 2769 5372 intinita
2802 5326 2889 5371 tua
2920 5316 3155 5380 bonitas,
3188 5310 3476 5367 clementia
3507 5307 3758 5365 immensa

2198 5410 2458 5466 continuo
2523 5408 2722 5462 emittit
2787 5407 3031 5477 (verbum
3082 5411 3292 5458 emanat
3340 5415 3405 5456 eo
3456 5396 3558 5452 loci
3598 5391 3758 5447 active

2202 5501 2515 5571 usurpatur)
2556 5509 2612 5555 et
2659 5497 2902 5563 effundit,
2957 5494 3208 5550 omnibus
3256 5492 3419 5562 plane
3484 5486 3754 5542 debentur.

2213 5591 2398 5646 Nonne
2420 5590 2656 5646 universi
2699 5589 2845 5645 orbis
2870 5586 3127 5644 Conditor
3149 5599 3270 5640 cum
3300 5583 3396 5649 sit,
3438 5578 3597 5636 rebus
3642 5588 3673 5628 a
3707 5578 3752 5621 ιε

3967 1544 3969 1687 l

3969 1702 3971 1821 ψ

3972 1862 3973 1941 ι
