3982 6346
162 246 331 305 1049

1382 238 1595 298 DOMNl
1633 238 1694 292 L.
1731 236 2070 294 D’ACliERY
2110 239 2341 297 ΝΟΤᾸΞ.

3286 248 3423 307 1650

159 361 360 418 creatis
387 375 493 416 nou
524 356 991 416 Conservationem
1015 357 1193 423 modo,
1222 356 1349 427 quin
1374 365 1429 410 et
1454 354 1738 424 perfectio-
1767 356 1815 412 Α
1841 354 2093 411 scientias
2118 357 2278 421 Galli,
2302 357 2479 428 Angli,
2508 357 2646 425 ltali,
2675 366 2730 414 et
2759 358 2847 413 alii
2877 359 3105 417 hausere
3136 364 3422 433 quamplu-

160 469 285 508 nem
327 461 517 523 sponte
556 452 752 507 debere
798 451 966 506 Deum
1028 450 1225 505 clamat
1274 457 1485 513 natura,
1542 447 1738 500 divinae

162 547 463 615 Scriptura:
496 546 849 599 asseverant?
877 544 945 597 At
993 544 1045 597 in
1091 558 1270 596 rerum
1304 550 1492 594 natura
1537 540 1580 594 si
1624 554 1740 608 gra-

159 638 363 692 tuitum
400 636 731 705 ejusccmodi
767 636 1004 690 debitum
1032 634 1365 703 agnoscitur,
1385 647 1509 685 num
1541 630 1736 701 potiori

156 734 373 789 ratione
403 732 454 787 in
487 739 629 785 statu
654 729 864 799 gratiae,
893 743 1015 783 cum
1045 726 1116 781 sit
1143 725 1287 789 fons,
1327 725 1500 793 inquit
1529 731 1737 786 auctor,

161 847 180 880 ι
217 843 247 881 a
281 841 389 895 quo
410 824 592 879 omnia
614 822 754 876 bona
776 820 1094 888 procedunt,
1129 836 1147 869 ι
1174 817 1431 887 quidquid
1462 814 1740 869 hominum

155 915 322 970 saluti
354 911 782 983 perfectionique
804 907 1076 971 convenit,
1108 905 1278 971 illum,
1316 924 1334 956 (
1369 903 1521 972 cujus
1548 912 1742 957 natura

151 1007 391 1070 bonitas,
420 1005 572 1073 cujus
599 1000 972 1056 miserationes
995 1013 1156 1067 super
1178 999 1358 1052 omnia
1379 1011 1541 1065 opera
1569 994 1736 1063 ejus,»

152 1107 415 1149 emanare
447 1090 782 1153 necessario,
809 1089 933 1158 quia
981 1089 1036 1144 id
1083 1104 1267 1144 secum
1297 1088 1363 1141 ab
1401 1096 1605 1141 aeterno
1636 1095 1744 1139 sta-

152 1185 343 1251 tuerit,
376 1182 535 1237 fateri
568 1196 855 1238 necessum
896 1181 1011 1235 est?

230 1273 300 1327 Et
332 1274 446 1328 haec
491 1286 624 1327 sane
672 1286 780 1326 non
821 1271 893 1324 ita
935 1271 1165 1324 obscure
1215 1269 1392 1323 innuit
1448 1267 1743 1323 Guibertns

149 1362 253 1419 lib.
286 1378 383 1417 vm
440 1363 493 1419 in
530 1362 729 1417 Cenes.
776 1374 897 1430 cap.
934 1376 1061 1414 xxxi
1098 1361 1164 1413 ad
1204 1374 1343 1414 vers.
1369 1359 1417 1412 7.
1458 1377 1476 1408 ι
1512 1356 1617 1412 Sed
1644 1372 1741 1427 pa-

152 1466 246 1510 ter
266 1463 447 1510 vester
474 1454 833 1508 circumvenit
863 1469 966 1519 me,
1000 1473 1018 1504 ι
1053 1462 1159 1508 etc.
1208 1453 1297 1506 Ait
1339 1468 1355 1505 :
1399 1471 1418 1503 ι
1462 1450 1577 1505 Non
1613 1466 1741 1520 per-

159 1544 313 1599 misit
348 1559 472 1598 cum
498 1543 641 1597 Deus
665 1551 725 1597 ut
752 1550 970 1597 noceret
996 1542 1148 1608 mihi,
1187 1542 1238 1596 id
1276 1549 1379 1607 est,
1409 1555 1529 1595 cum
1558 1541 1629 1593 sit
1660 1555 1745 1595 es-

150 1633 468 1688 sentialiter
499 1633 662 1695 Deus,
716 1633 1104 1701 propriumque
1133 1632 1245 1686 Deo
1274 1632 1347 1686 sit
1391 1640 1452 1685 ut
1491 1632 1564 1685 sit
1599 1632 1739 1700 pius,

149 1727 275 1796 ipsa
299 1740 396 1781 sua
417 1725 682 1779 naturalis
714 1725 888 1795 gratia
919 1741 1027 1779 non
1058 1724 1190 1779 sinit
1215 1740 1337 1778 eum
1367 1733 1425 1779 ut
1453 1726 1739 1779 imminens

150 1814 469 1869 tentationis
527 1812 769 1883 prmlium
822 1814 1165 1884 permitteret
1213 1814 1352 1867 verti
1404 1814 1456 1868 iu
1511 1814 1737 1869 exitium

148 1907 282 1961 mei.
316 1926 337 1958 ι

223 1997 316 2067 (³³⁸)
344 1996 475 2049 loto.
506 2025 577 2035 —
612 1992 825 2061 Quoties
851 2011 943 2065 per
964 1995 1214 2064 peccandi
1235 1996 1591 2049 necessitatem
1622 2011 1741 2065 pec-

144 2106 272 2142 care
296 2087 595 2156 compellor.
630 2087 701 2140 Ea
725 2088 1051 2141 necessitate
1073 2103 1232 2156 quam
1257 2088 1496 2157 gentium
1519 2087 1737 2143 Doctor.

146 2181 218 2236 al
253 2178 411 2234 Rom.
441 2194 517 2234 vu
563 2177 725 2233 deﬂet
757 2198 769 2232 :
806 2196 825 2230 ι
858 2177 974 2233 Non
1018 2181 1163 2234 enim
1209 2180 1353 2250 quod
1386 2180 1504 2235 volo
1538 2180 1738 2234 bonum

152 2272 265 2325 hoc
316 2270 459 2326 facio
492 2290 505 2324 :
539 2270 631 2325 sed
677 2258 821 2339 quOd
868 2270 992 2326 nolo
1027 2271 1226 2325 malum
1274 2271 1377 2326 hoc
1425 2285 1546 2340 ago.
1575 2290 1593 2324 ι
1630 2271 1736 2326 Et:

163 2380 185 2413 ι
223 2361 395 2417 Video
430 2360 586 2415 aliam
616 2360 788 2432 legem
820 2362 875 2415 in
906 2362 1169 2417 membris
1205 2374 1596 2434 repugnantem
1635 2362 1737 2434 legi

147 2452 354 2508 mentis
386 2467 540 2519 meae,
577 2461 632 2507 et
657 2453 926 2521 captivum
958 2466 1044 2508 me
1067 2442 1353 2508 ducentem
1380 2454 1434 2506 in
1465 2453 1581 2523 lege
1614 2468 1740 2521 pec-

156 2543 290 2606 cati,
324 2562 343 2595 D
395 2552 501 2598 etc.
552 2543 705 2599 Unde
745 2543 1080 2612 Augustinus
1121 2543 1496 2613 Simpliciano,
1553 2545 1650 2598 lib.
1698 2560 1736 2609 ι,

147 2642 345 2702 quaest.
375 2634 400 2687 1
446 2632 545 2689 sub
589 2633 847 2699 medium,
878 2632 1231 2701 respondens,
1267 2632 1416 2687 Pauli
1445 2632 1609 2687 verba
1642 2646 1737 2687 ex-

146 2723 341 2790 planat
372 2739 385 2776 :
421 2740 439 2773 ι
477 2722 590 2777 Hoc
620 2732 799 2777 autem
832 2721 952 2776 ideo
980 2729 1148 2776 totum
1178 2721 1394 2789 dicitur,
1430 2730 1486 2775 ut
1520 2721 1742 2776 demon-

148 2823 358 2869 stretur
403 2814 607 2869 honini
650 2814 865 2882 captivo
907 2827 1014 2868 non
1068 2827 1190 2867 esse
1214 2811 1644 2881 praesumendum
1674 2812 1740 2867 de

146 2903 357 2958 viribus
398 2903 531 2971 suis,
581 2911 689 2980 etc.
734 2902 848 2958 Hoc
897 2903 1040 2959 enim
1094 2913 1263 2958 restat
1304 2903 1356 2957 in'
1388 2904 1491 2958 ista
1524 2903 1737 2958 mortali

146 2996 263 3052 vita
292 2996 464 3050 libero
491 2996 734 3063 arbitrio,
784 3010 887 3049 non
930 3004 987 3049 ut
1032 2995 1251 3064 impleat
1288 2997 1448 3051 homo
1474 2995 1736 3064 justitiam

150 3100 275 3140 cum
297 3085 551 3150 voluerit,
584 3085 675 3140 sed
707 3093 764 3138 ut
787 3100 848 3139 se
876 3084 1101 3155 supplici
1131 3086 1329 3155 pietate
1357 3095 1641 3141 convertat
1672 3087 1740 3141 ad

154 3192 275 3232 eum
302 3177 455 3247 cujus
483 3177 623 3230 dono
653 3191 774 3230 eam
803 3176 972 3244 possit
1020 3176 1263 3245 implere.
1302 3195 1322 3229 ι
1354 3176 1418 3231 Ει
1444 3176 1741 3234 Primasius

153 3273 207 3326 in
239 3285 360 3341 cap.
392 3286 467 3324 vn
508 3270 575 3324 ad
628 3260 782 3325 Rom.
823 3287 841 3320 ι
875 3268 990 3323 Non
1035 3271 1177 3325 enim
1221 3269 1362 3338 quod
1413 3268 1553 3335 volo,
1605 3280 1737 3338 etc.,

152 3360 417 3416 Vincente
441 3361 832 3415 consuetudine
856 3360 997 3429 quod
1037 3359 1160 3415 nolo
1189 3358 1350 3414 facio.
1384 3360 1590 3415 Facere
1610 3376 1739 3430 ergo

147 3470 208 3509 se
240 3454 395 3517 dixit,
424 3460 480 3508 et
502 3454 734 3522 operari,
786 3467 894 3507 non
935 3451 1126 3507 affectu
1170 3453 1537 3508 consentiendi
1561 3464 1615 3507 et
1638 3454 1741 3507 im-

146 3544 354 3614 plendi,
380 3545 474 3598 sed
515 3544 632 3613 ipso
670 3552 816 3598 motu
840 3543 1275 3612 concupiscendi.
1304 3542 1420 3598 Non
1453 3559 1574 3614 ego,
1611 3544 1738 3613 quia

149 3632 384 3697 invitus;
410 3634 503 3687 sed
526 3632 765 3703 egoquia
790 3633 905 3702 ipse
931 3632 1060 3688 mihi
1087 3633 1246 3699 hanc,
1274 3647 1368 3702 per
1386 3632 1494 3687 vim
1511 3647 1739 3688 consue-

152 3724 376 3789 tudinis,
406 3723 638 3792 imposui
666 3706 1068 3779 necessitatem.
1105 3743 1123 3776 ι
1160 3722 1324 3779 Suam
1354 3725 1579 3796 ipsemet
1600 3724 1737 3782 Gui-

148 3814 337 3867 bertus
382 3820 619 3866 mentem
661 3814 834 3883 aperit.
880 3814 974 3868 lib.
1022 3830 1083 3869 ιιι
1122 3814 1177 3869 in
1203 3814 1475 3885 Genesim,
1507 3832 1628 3888 cap.
1659 3832 1735 3887 vr,

151 3917 298 3957 vers.
338 3902 406 3957 19
447 3921 461 3957 :
511 3922 529 3955 ι
564 3902 726 3969 Quasi
771 3905 1036 3960 femineos
1066 3907 1246 3960 carnis
1282 3917 1478 3975 motus,
1535 3924 1602 3963 ex
1648 3924 1737 3963 nc-

150 3994 408 4050 cessitate
474 3995 767 4063 peccandi,
814 3994 1042 4048 velimus
1103 3995 1421 4064 plerumquc
1482 3996 1733 4064 nolimus,

149 4087 334 4141 animo
354 4086 703 4140 admovemus
736 4104 748 4139 :
777 4085 870 4140 sed
900 4094 1080 4141 tamen
1118 4085 1264 4140 illico
1295 4085 1405 4152 juri
1446 4086 1590 4141 illius
1623 4103 1737 4141 ma-

148 4175 291 4230 sculi
316 4174 705 4243 mancipamus,
737 4173 900 4245 579
933 4175 1159 4230 rationis
1197 4175 1466 4242 videlicet,
1504 4175 1657 4245 cujus
1685 4177 1734 4230 vi

150 4266 219 4320 ad
248 4266 489 4336 regulam
519 4266 979 4335 constringantur,
1013 4283 1031 4317 ι
1064 4275 1167 4321 etc.

1843 448 1961 500 rimi
1996 448 2139 502 haud
2175 449 2410 519 vulgaris
2447 450 2707 506 doctrinae
2751 450 3077 522 pietatisque
3118 453 3244 519 viri,
3280 469 3419 525 quo-

1844 555 1961 593 rum
1992 540 2058 592 ad
2089 556 2206 610 cap.
2241 542 2270 593 7
2307 542 2543 610 prmfatze
2577 544 2711 600 Vita:
2739 546 3023 599 nonnullos
3049 546 3349 617 attigimus.

1914 628 2146 685 Posthac
2178 632 2231 684 in
2260 631 2432 686 Gallia
2465 634 2739 689 restitutas
2791 649 2911 689 esse
2937 633 3291 706 ﬂoruisseque
3336 638 3424 693 lit-

1844 732 1988 775 teras
2014 723 2249 792 produnt
2276 725 2571 793 scriptores
2601 744 2612 778 :
2643 727 2736 780 sed
2765 727 2999 781 maxime
3035 726 3276 783 Lauduni
3303 729 3425 785 Cla-

1843 818 1973 883 vati,
2024 816 2244 870 doctore
2308 816 2604 882 Anselmo,
2660 816 2864 873 Glossa:
2916 818 3278 876 interlinearis
3330 837 3425 895 au-

1844 920 2035 974 ctore,
2093 908 2185 977 qui
2246 907 2423 977 Magni
2477 908 2758 973 Anselmi,
2814 909 3104 965 Lanfranci
3144 912 3420 982 discipuli,

1845 999 2061 1055 auditor
2092 998 2401 1053 exstiterat.
2455 998 2679 1053 Parisiis
2708 1015 2920 1069 quoque
2960 1002 3304 1068 Abaelardus,
3357 1020 3423 1061 ac

1848 1091 2115 1144 Robertus
2145 1089 2356 1154 Pullus,
2401 1096 2523 1161 post
2550 1090 2765 1143 modum
2798 1091 3088 1147 cardinalis
3117 1102 3173 1148 et
3212 1095 3424 1151 cancel—
3514 1125 3519 1129 -

1845 1178 2012 1233 larius
2036 1177 2092 1232 S.
2120 1178 2184 1231 ιι.
2216 1178 2277 1232 Ε.
2300 1179 2401 1233 sub
2425 1178 2704 1234 lnnocent.
2735 1179 2798 1233 ll.
2828 1178 2946 1245 Quo
2985 1183 3149 1239 etiam
3181 1192 3424 1255 tempore

1846 1268 2041 1324 schola:
2068 1268 2123 1322 S.
2160 1268 2391 1323 Victoris
2417 1269 2588 1323 Paris.
2619 1269 2947 1325 celebriores
2976 1284 3215 1325 evasere.
3261 1274 3423 1327 Abte-

1846 1362 2007 1426 lard.,
2041 1364 2198 1429 epist.
2238 1366 2285 1429 l,
2340 1363 2459 1417 Vita
2488 1362 2545 1417 S.
2580 1361 2825 1429 Gosuini,
2864 1378 2981 1433 cap.
3013 1363 3067 1417 4.
3111 1364 3186 1419 De
3225 1365 3426 1420 scholis

1847 1456 2299 1509 monasteriorum
2327 1454 2432 1510 late
2460 1455 2670 1523 egimus
2694 1455 2965 1510 observat.
2997 1456 3063 1510 ad
3090 1471 3205 1526 cap.
3238 1457 3271 1510 4
3289 1457 3426 1513 Vita:

1846 1544 1988 1599 beati
2011 1545 2320 1608 Lanfranci,
2344 1561 2462 1616 pag.
2487 1547 2576 1601 55.

1918 1637 2007 1708 (²⁸)
2046 1637 2171 1692 CAP.
2217 1637 2325 1691 Vll.
2379 1666 2449 1676 ——
2480 1635 2831 1691 Contendebat
2863 1638 3084 1707 denique
3111 1646 3276 1691 mater
3307 1655 3424 1693 mea

1843 1728 2203 1782 ecclesiasticis
2246 1728 2516 1795 beneficiis
2559 1744 2640 1781 me
2695 1744 2905 1798 quoque
2970 1730 3120 1782 modo
3177 1730 3419 1784 inSerere.

1843 1818 1995 1884 Quod
2045 1818 2193 1871 virus
2239 1818 2433 1871 mirum
2486 1818 2538 1871 in
2583 1820 2799 1873 modum
2826 1819 3076 1889 serpebat
3108 1819 3207 1874 sub
3234 1820 3424 1875 eadem

1842 1920 2084 1981 tempora
2112 1929 2125 1963 :
2152 1924 2214 1966 ac
2236 1920 2523 1980 propterea
2552 1910 2800 1967 Urbanus
2825 1911 2868 1966 ll
2889 1912 3094 1967 Concil.
3120 1912 3310 1967 Roma.
3340 1928 3423 1978 Ill,

1842 2015 1969 2054 ann.
2003 2000 2137 2055 l099
2168 1999 2463 2066 celebrato,
2495 2001 2724 2056 sancivit
2750 2016 2870 2071 cap.
2894 2001 2926 2055 ὅ
2962 2020 2975 2055 :
3010 2001 3099 2067 Ut,
3137 2020 3154 2053 ι
3196 2003 3425 2071 quicun-

1841 2105 1946 2160 que
1976 2090 2271 2160 cupiditate
2301 2100 2605 2159 parentum,
2637 2108 2758 2147 cum
2786 2093 2962 2147 adhuc
2991 2103 3172 2148 essent
3191 2094 3423 2163 parvuli,

1841 2181 2101 2235 ecclesias
2147 2181 2231 2236 vel
2305 2181 2656 2236 ecclesiarum
2710 2181 2971 2237 beneficia
3025 2199 3120 2253 per
3166 2185 3426 2253 pecunias

1842 2269 2020 2337 adepti
2059 2278 2210 2335 sunt,
2263 2279 2549 2339 postquam
2594 2286 2687 2326 eas
2737 2272 2963 2327 omnino
2995 2273 3337 2335 dimiserunt,
3376 2273 3424 2326 si

1842 2359 1895 2413 in
1914 2359 1979 2413 iis
2007 2359 2266 2415 canonice
2288 2360 2469 2416 vivere
2496 2361 2783 2426 voluerint,
2810 2376 2906 2430 pro
2934 2361 3307 2417 misericordia
3325 2362 3427 2418 ibi-

1844 2452 1966 2508 dem
1992 2466 2085 2507 eos
2107 2468 2229 2507 esse
2249 2453 2617 2516 concedimus,
2656 2472 2675 2505 ι
2711 2462 2815 2507 etc.
2844 2453 2951 2509 Sed
2972 2453 3135 2508 libeat
3159 2456 3424 2511 strenuis-

1841 2544 2038 2599 simum
2084 2544 2467 2599 ecclesiasticae
2488 2544 2782 2614 disciplinae
2803 2554 3253 2615 propugnatorem
3295 2546 3427 2600 Ber-

1843 2630 2091 2694 nardum,
2135 2629 2393 2684 Guiberto
2432 2627 2715 2697 aequalem,
2765 2630 2953 2685 audire
3002 2630 3160 2698 epist.
3190 2630 3279 2696 42,
3309 2630 3426 2686 sive

1844 2726 2061 2774 tractat.
2086 2718 2163 2773 De
2185 2719 2425 2774 moribus
2453 2728 2508 2774 et
2534 2718 2709 2784 olIicio
2737 2721 2903 2789 episc.
2942 2720 3125 2776 «Nunc
3147 2736 3273 2777 vero
3297 2722 3424 2791 quia

1840 2808 1955 2865 sola
2005 2809 2298 2863 attenditur
2337 2807 2527 2877 gloria,
2585 2817 2640 2864 et
2683 2825 2790 2864 non
2839 2824 3019 2879 paena,
3073 2826 3265 2881 purum
3302 2825 3426 2866 esse

1842 2900 2097 2955 clericum
2124 2900 2463 2955 erubescitur
2495 2902 2547 2954 in
2586 2899 2852 2964 Ecclesia,
2884 2915 3048 2969 seque
3082 2900 3213 2955 viles
3244 2908 3298 2955 et
3336 2900 3422 2954 in-

1844 2990 2044 3060 glorios
2108 2990 2199 3058 qui
2255 3003 2582 3058 quocunque
2635 2990 2982 3045 eminentiori
3038 2991 3092 3045 in
3138 2991 3259 3044 loco
3315 3005 3424 3044 non

1843 3077 2045 3132 fuerint
2086 3076 2381 3133 sublimati.
2436 3077 2723 3134 Scholares
2774 3081 2962 3147 pueri,
3008 3087 3064 3133 et
3117 3078 3424 3148 impuberes

1842 3166 2227 3223 adolescentuli
2269 3167 2340 3223 ob
2369 3168 2651 3238 sanguinis
2680 3168 2997 3238 dignitatem
3033 3177 3423 3238 promoventur

1841 3260 1908 3314 ad
1934 3259 2335 3314 ecclesiasticas
2369 3260 2685 3330 dignitates,
2715 3269 2770 3314 et
2813 3275 2846 3315 e
2896 3261 2994 3314 sub
3035 3258 3206 3314 ferula
3249 3269 3423 3315 trans-

1841 3348 2090 3404 feruntur
2119 3350 2185 3403 ad
2218 3348 2632 3419 principandum
2672 3350 3002 3421 presbyteris
3036 3366 3049 3403 :
3085 3349 3317 3404 ltetiores
3343 3350 3423 3403 in-

1844 3440 2004 3493 terim
2035 3440 2178 3509 quod
2208 3440 2389 3511 virgas
2432 3441 2726 3504 evaserint,
2759 3456 2920 3510 quam
2959 3442 3102 3511 quod
3133 3442 3423 3495 metuerint

1840 3533 2223 3602 principatum,
2265 3553 2283 3585 ι
2321 3542 2427 3588 etc.
2470 3533 2642 3600 Quam
2678 3543 2802 3603 apte
2832 3534 3018 3611 isthcec
3054 3542 3253 3588 nostra:
3288 3548 3421 3602 qua-

1840 3624 1999 3679 drant
2042 3624 2222 3679 aetati!

1911 3717 2000 3789 (’9)
2043 3717 2172 3772 lBlD.
2214 3747 2283 3758 -—
2313 3714 2444 3771 Erat
2476 3734 2536 3787 ea
2564 3726 2864 3786 tempestate
2886 3733 3018 3771 nova
3048 3734 3204 3788 super
3225 3733 3421 3770 uxoru-

1840 3811 1907 3865 tis
1931 3811 2241 3880 presbyteris
2268 3809 2568 3879 apostolica:
2603 3809 2739 3863 sedis
2764 3808 3001 3862 invectio.
3035 3808 3259 3864 Concilii
3292 3808 3422 3862 Mel-

1838 3899 1987 3953 fitani
2036 3915 2155 3967 cap.
2205 3901 2240 3954 2
2287 3909 2343 3953 et
2378 3900 2460 3967 l2,
2493 3900 2573 3954 vel
2608 3899 3011 3956 Claromontani
3070 3915 3185 3968 cap.
3238 3898 3293 3964 9,
3352 3900 3422 3954 ab

1843 3989 2060 4046 Urbano
2086 3989 2128 4043 ll
2165 3992 2510 4058 habitorum;
2544 3993 2656 4048 sive
2688 3993 2853 4047 etiam
2886 3992 3081 4048 coneil.
3116 3991 3420 4046 Pictavien-

1837 4083 1912 4139 sis
1935 4099 1976 4148 ι,
2015 4098 2132 4152 cap.
2181 4082 2212 4137 9
2245 4092 2299 4136 et
2329 4084 2416 4144 lO,
2457 4084 2555 4138 sub
2581 4085 2825 4139 Paschali
2868 4084 2930 4137 ll.
2965 4085 3135 4139 Porro
3162 4082 3419 4146 antehac,

1838 4176 1941 4230 hoc
1967 4182 2049 4229 est
2074 4189 2161 4228 an.
2194 4172 2353 4239 1074,
2379 4183 2641 4229 statuerat
2668 4174 2836 4227 multa
2865 4174 3157 4243 Gregorius
3186 4174 3271 4228 ιἰι
3320 4173 3417 4226 ad-

1838 4279 2029 4320 versus
2064 4264 2386 4321 clericorum
2440 4263 2908 4318 incontinentiam.
2949 4260 3007 4315 S.
3061 4261 3251 4317 Petrus
3308 4263 3413 4316 Da-

224 4356 317 4428 ("j
356 4358 488 4412 Car.
526 4357 617 4413 Ν.
657 4358 882 4412 —Erat
929 4358 1091 4428 paulo
1143 4368 1263 4413 ante
1324 4360 1377 4412 id
1430 4370 1652 4430 tempus,
1682 4372 1731 4416 et
1761 4395 1809 4453 ο
1837 4357 2023 4420 mian.,
2065 4357 2222 4424 epist.
2270 4353 2334 4408 16
2381 4354 2449 4409 ad
2503 4352 2777 4409 Nicolaum
2827 4349 3063 4453 pontifzi
3115 4349 3411 4453 Ordericus

149 4449 327 4501 adhuc
382 4450 576 4517 partim
631 4448 725 4501 sub
794 4465 904 4502 meo
959 4459 1186 4518 tempore
1255 4449 1730 4505 Grammaticorum

148 4540 403 4605 Charitas,
436 4542 539 4593 etc.
571 4538 723 4605 Quod
754 4540 896 4594 inter
927 4547 1154 4595 czeteros
1196 4551 1584 4597 commemorat
1606 4542 1731 4598 Milo

147 4630 435 4698 Crispinus
464 4629 599 4684 Vitae
639 4630 697 4682 B.
727 4629 1040 4696 Lanfranci,
1069 4632 1327 4700 operibus
1356 4633 1528 4703 ipsius
1559 4634 1732 4704 praeli-

150 4733 253 4785 xzn,
297 4721 475 4790 capite
509 4720 532 4772 1
569 4736 582 4772 :
615 4738 634 4770 ι
674 4717 799 4771 Fuit
828 4717 912 4771 vir
934 4734 1160 4788 magnus
1190 4720 1341 4774 Italia
1365 4729 1540 4787 ortus,
1567 4735 1727 4791 quem

149 4810 416 4867 Latinitas
441 4813 494 4867 in
522 4811 800 4881 antiquum
819 4811 1059 4867 scientiae
1083 4822 1282 4868 statum
1305 4815 1375 4869 ab
1394 4828 1460 4869 eo
1481 4814 1729 4869 restituta

151 4910 285 4965 tota,
319 4917 631 4970 supremum
658 4902 840 4957 debito
866 4916 989 4956 cum
1020 4917 1205 4958 amore
1227 4912 1282 4960 et
1318 4904 1525 4960 honore
1559 4919 1727 4973 agno-

150 4992 254 5043 scit
298 4992 638 5060 magistrum,
670 4991 892 5046 nomine
940 4991 1329 5059 Lanfrancum,
1362 5003 1466 5049 etc.
1497 4994 1564 5048 Et
1608 5008 1731 5063 per-

151 5082 443 5143 transiens,
472 5081 761 5139 Franciam
785 5083 968 5152 plures
993 5085 1172 5154 magni
1196 5085 1429 5139 nominis
1451 5085 1726 5140 scholares

148 5184 332 5225 secum
381 5170 606 5239 habens,
660 5173 715 5227 in
751 5171 1201 5229 Northmanniam
1249 5176 1532 5245 pervenit;
1579 5188 1633 5231 et
1672 5176 1727 5229 in

146 5261 524 5316 Abrincatensi
552 5261 770 5318 civitate
796 5265 1129 5333 demoratus,
1154 5281 1250 5335 per
1271 5266 1489 5335 aliquod
1518 5276 1729 5335 tempus

146 5351 347 5407 docuit.
384 5371 406 5405 ι
431 5352 671 5424 Itemque
714 5370 832 5424 cap.
865 5356 942 5409 4:
987 5375 1005 5407 ι
1045 5357 1381 5411 Lanfrancus
1409 5372 1622 5426 quoque
1664 5357 1730 5412 li-

146 5443 326 5497 centia
357 5445 574 5500 abbatis
624 5446 732 5514 sui,
766 5447 962 5503 iterum
1012 5448 1224 5504 scholas
1258 5448 1447 5503 tenuit.
1488 5448 1544 5502 ιιι
1588 5448 1723 5503 Βορο

148 5534 297 5589 censi
348 5535 602 5593 videlicet
655 5540 986 5595 monasterio
1025 5539 1292 5594 ccenobita
1336 5538 1529 5596 factus.
1571 5559 1589 5591 ι
1645 5539 1722 5593 Ex

150 5638 255 5695 qua
304 5623 556 5685 Bccecnsi
612 5629 791 5686 schola
847 5630 990 5686 velut
1036 5645 1066 5685 c
1126 5629 1498 5701 limpidissimo
1553 5632 1718 5697 fonte,

1835 4444 1997 4501 Vital.
2028 4443 2120 4497 lib.
2155 4459 2183 4497 v
2217 4443 2420 4497 llistor.
2457 4458 2520 4497 ac
2550 4442 2643 4496 lib.
2674 4457 2773 4507 xu,
2806 4455 2928 4510 pag.
2967 4439 3073 4495 866
3118 4448 3173 4495 et
3204 4439 3328 4519 888,
3360 4451 3416 4496 et

1832 4536 1959 4591 alibi
1993 4548 2155 4604 saepe.

1903 4629 2259 4700 Presbyteros
2313 4626 2731 4683 concubinarios
2783 4624 3033 4695 graviter.
3070 4624 3416 4693 reprehendit

1832 4722 2022 4778 beatus
2078 4719 2388 4775 Bernardns
2441 4715 2984 4787 protocmuobiarcha
3048 4713 3409 4787 Tyronensis,

1829 4812 1933 4867 hoc
1961 4810 2152 4866 eodem
2184 4807 2402 4872 saeculo,
2453 4807 2672 4863 circiter
2706 4823 2794 4861 an.
2836 4807 2995 4874 1108,
3037 4816 3097 4862 ιιι
3141 4807 3292 4863 testis
3330 4817 3414 4862 est

1829 4898 2103 4956 Goffridus
2140 4900 2376 4954 Grossus
2409 4895 2540 4951 Vitae
2566 4895 2710 4950 illius
2746 4910 2865 4966 cap.
2894 4895 2961 4949 7:
2997 4914 3016 4946 ι
3047 4895 3152 4949 Pro
3180 4911 3409 4951 consue-

1831 4992 2016 5047 tudine
2044 5000 2171 5046 tunc
2195 4990 2455 5059 temporis
2480 5002 2578 5058 per
2609 4996 2774 5041 totam
2803 4985 3279 5049 Northmanniam,
3310 4986 3410 5040 hoc

1830 5092 1963 5145 erat,
2000 5091 2059 5137 ut
2088 5082 2387 5153 presbyteri
2415 5080 2627 5149 publice
2654 5092 2850 5132 uxores
2879 5079 3163 5142 ducerent,
3194 5075 3410 5143 nuptias

1830 5174 2186 5237 celebrarent,
2220 5188 2284 5227 ac
2327 5172 2463 5226 tilios
2491 5178 2862 5241 procrearent,
2897 5167 3092 5235 quibus
3131 5164 3409 5220 haeredita-

1831 5266 1911 5319 rio
1933 5265 2056 5333 jure
2090 5275 2212 5334 post
2253 5264 2459 5318 obitum
2512 5278 2667 5317 suum
2712 5259 2972 5315 ecclesias
3022 5258 3406 5327 relinquerent,

1828 5366 1933 5412 etc.
1977 5357 2177 5411 Contra
2203 5357 2344 5409 hanc
2379 5352 2712 5408 mortiferam
2745 5350 3191 5406 consuetudinem
3216 5364 3408 5404 servus

1828 5451 1920 5504 Dei
1955 5449 2261 5503 Bernartius
2284 5448 2339 5503 in
2368 5434 2754 5500 conventiculis
2787 5442 3132 5499 sacerdotum
3164 5442 3406 5498 studioso

1826 5537 2150 5606 disputabat,
2186 5546 2239 5591 ct
2270 5546 2327 5591 ut
2366 5550 2484 5591 eam
2513 5534 2879 5604 relinquerent
2924 5532 3247 5604 magnopere
3297 5541 3403 5591 sat-

1826 5630 2038 5701 agebat,
2072 5638 2175 5684 etc.
2209 5628 2451 5695 Quadam
2499 5627 2583 5683 dic
2619 5626 2742 5681 dum
2772 5626 2825 5680 in
2856 5623 3185 5681 Constantiis
3206 5622 3402 5695 populo
