4018 6324
586 263 713 321 1051

1540 256 1626 308 AD
1664 251 1811 307 OPP.
1861 250 2014 303 VEN.
2042 250 2365 306 GUIBERTI
2390 252 2476 306 DE
2500 252 2890 307 NUVIGENTO

3689 264 3791 321 1051

582 380 796 450 publice
820 364 1164 447 praedicaret,
1212 371 1430 440 quidam
1475 367 1887 422 archidiaconus
1930 379 2153 419 uxorem
2186 369 2232 420 A
2259 373 2460 419 sancta:
2492 365 2924 420 conversationis
2959 374 3214 429 aestuans,
3264 364 3322 423 S.
3365 368 3589 441 Eligius,
3630 372 3794 431 deside

582 472 808 535 habens,
844 478 897 522 et
929 468 1087 529 filios,
1123 480 1243 519 cum
1282 478 1475 532 magno
1515 460 1953 529 presbyterorum
1985 458 2154 511 comi-

583 570 694 615 tatu
736 557 974 620 advenit,
1029 563 1086 609 et
1128 569 1225 608 cur
1276 553 1389 621 ipse
1439 550 1755 612 monachus,
1808 548 1911 617 qui
1955 547 2155 601 mundo

580 662 829 706 mortuus
856 657 996 713 erat,
1031 646 1334 701 viventibus
1367 643 1707 713 prmdicaret,
1756 640 2053 709 requisivit.
2088 640 2156 693 At

581 741 884 795 Bernardus
917 738 1093 807 lepide
1133 735 1409 806 respondit
1444 754 1455 787 :
1491 733 1696 799 Nonne,
1732 731 1900 786 frater
1940 731 2154 784 charis-

576 830 733 901 simp,
761 828 813 881 in
842 826 1121 896 Scriptura
1149 824 1321 895 legisti
1349 808 1490 893 quod
1546 822 1776 876 Samson
1807 821 1895 875 ille
1917 819 2152 874 fortissi-

578 934 697 974 mus
728 918 794 973 de
828 917 1137 972 mandibula
1167 915 1303 969 asini
1335 914 1529 970 tnortui
1555 913 1801 968 inimicos
1828 926 1957 966 suos
1983 912 2152 965 inten-

576 1010 749 1065 fecit?
788 1029 810 1063 ι
843 1008 997 1081 (Jud.
1042 1024 1131 1075 xv,
1212 1007 1324 1077 15.)
1373 1007 1440 1061 Ει
1488 1017 1609 1077 post
1644 1020 1812 1075 pauca
1852 1018 1866 1057 :
1900 1022 1920 1056 ι
1953 1004 2154 1058 Asinus

576 1108 823 1155 mortuus
869 1098 1171 1170 simplicem
1223 1098 1475 1169 populum
1523 1096 1903 1162 obedientem,
1966 1094 2151 1165 jugum

575 1207 742 1248 suave
772 1191 1000 1258 Christi,
1027 1200 1081 1247 et
1112 1208 1248 1247 onus
1275 1192 1392 1262 ejus
1420 1191 1539 1246 leve
1568 1198 1893 1260 portantem,
1939 1188 2163 1243 humili-.

576 1281 703 1336 tatis
732 1281 847 1337 vias
883 1290 1214 1346 sectantem,
1257 1280 1782 1345 mundotmortuum,
1811 1278 1864 1332 id
1909 1286 1993 1333 est
2023 1290 2160 1347 pec-

573 1372 714 1428 catis
736 1381 791 1427 et
808 1371 954 1428 vitiis
982 1372 1389 1437 mortificatum,
1414 1381 1473 1427 ut
1500 1371 1583 1425 ait
1601 1370 1881 1439 Scriptura
1917 1387 1929 1423 :
1958 1368 2164 1424 Mortui.

575 1464 721 1518 enim
751 1464 905 1530 estis,
933 1471 989 1519 et
1010 1463 1118 1518 vita
1139 1472 1317 1518 vestra
1343 1461 1660 1518 abscondita
1688 1468 1770 1515 est
1792 1476 1911 1515 cum
1936 1458 2154 1515 Christo

575 1555 629 1610 in
659 1554 770 1611 Deo
802 1554 939 1626 (Col.
969 1571 1050 1623 ru,
1078 1555 1156 1626 ὅ),
1199 1575 1217 1607 ι
1268 1564 1374 1610 etc.
1413 1552 1583 1609 Viden
1626 1552 1692 1608 ad
1722 1551 1851 1622 quid
1899 1551 2163 1607 monachi.

575 1647 777 1702 mundo
812 1647 921 1703 sint
950 1646 1186 1702 mortui?

646 1739 738 1810 (³ο)
778 1738 906 1792 lato.
931 1768 1001 1779 —-
1024 1737 1135 1793 Sub
1158 1737 1545 1806 prwstolatione
1569 1735 1707 1789 enim
1735 1734 1920 1789 aliena:
1947 1735 2151 1788 martis.
2186 1713 2228 1767 Β

575 1830 971 1886 Beneficiorum
1006 1829 1238 1885 nefanda
1289 1829 1485 1899 cupido
1521 1842 1628 1882 non
1658 1826 1902 1882 Guiberti
1957 1824 2152 1879 saeculo

579 1927 807 1982 tantum,
861 1933 1049 1972 verum
1104 1918 1263 1972 etiam
1312 1917 1366 1971 iu
1420 1916 1587 1972 multa
1641 1914 2049 1985 subsequentia,
2085 1912 2157 1967 ad

580 2008 834 2065 Ecclesiae
878 2011 1107 2065 dedecus
1155 2011 1470 2074 maximum,
1502 2009 1739 2077 irrepsit,
1784 2008 1891 2062 imo
1922 2016 1976 2061 et
2002 2021 2154 2077 gras-

578 2108 693 2154 sata
729 2108 832 2154 est.
862 2098 1012 2165 Quod
1051 2100 1385 2154 mercimonii
1431 2114 1619 2170 genus,
1678 2107 1863 2169 postea
1902 2112 2151 2154 reserva-

578 2194 782 2247 tionum
808 2202 862 2247 et
886 2193 1183 2264 gratiarum
1212 2193 1710 2261 exspectativarum
1738 2192 1974 2255 nomine,
2002 2206 2032 2245 a
2060 2192 2154 2245 be-

577 2283 897 2337 neﬁciorum
940 2285 1236 2351 aucupibus
1282 2293 1365 2339 est
1425 2284 1747 2339 factitatum.
1790 2284 1905 2349 Qua
1983 2285 2038 2338 in
2092 2298 2153 2338 re

575 2375 840 2430 Antonius
858 2377 921 2429 de
945 2376 1279 2446 Raymundia
1306 2376 1637 2431 Benedictini
1660 2376 1780 2430 0rd.
1799 2391 1906 2430 non
1932 2376 2159 2446 ignarus

574 2467 793 2528 Asceta,
849 2464 1098 2518 Tractatu
1171 2477 1355 2518 conm:
1410 2467 1781 2519 reservatioues
1825 2465 2073 2533 speciales
2103 2475 2151 2519 et

575 2552 860 2607 uominales
886 2553 1115 2606 omnium
1154 2553 1262 2621 fere
1300 2553 1726 2623 prwlaturarum,
1757 2564 1866 2608 etc.
1899 2571 1914 2609 :
1944 2553 2152 2624 plangit

575 2644 643 2698 ad
706 2644 849 2696 hunc
904 2644 1120 2697 modum
1188 2645 1557 2698 miserandum
1608 2644 1863 2700 Ecclesia:
1927 2653 2147 2713 statum,

579 2753 599 2787 ε
632 2734 755 2788 llaec
781 2736 948 2803 pestis
969 2744 1050 2789 est
1076 2751 1103 2787 a
1133 2736 1329 2789 nostris
1370 2736 1536 2789 invisa
1565 2736 1835 2805 patribus;
1875 2737 2000 2791 licet
2025 2736 2150 2791 olim

574 2826 699 2879 nixa
728 2826 888 2880 fuerit
913 2826 978 2880 de
1006 2825 1321 2895 corporibus
1345 2826 1511 2881 aridis
1532 2827 1808 2881 hominum
1831 2827 1966 2881 velle
1994 2827 2151 2881 emit-

575 2927 689 2969 tere
717 2915 1002 2985 plantulas,
1034 2926 1085 2970 et
1114 2917 1361 2985 palmites
1381 2917 1747 2971 infructuosos
1772 2916 2009 2983 coalere,
2034 2917 2151 2987 ipso

572 3017 694 3061 ortu
745 3024 775 3060 a
823 3007 1044 3062 Patrum
1079 3016 1389 3061 sanctorum
1446 3009 1731 3078 prudentia
1776 3010 1841 3063 de
1878 3009 1993 3078 ipso
2023 3024 2152 3080 agro

575 3100 847 3163 Ecclesiae,
872 3110 1124 3169 tanquam
1150 3101 1310 3155 arbor
1333 3100 1569 3168 spinosa,
1589 3101 1831 3169 protinus
1854 3109 1939 3155 est
1967 3100 2152 3155 avulsa
2180 3091 2221 3147 C

574 3191 845 3257 (videlicet
895 3191 1192 3245 reservatio
1241 3191 1580 3261 dignitatum,
1640 3190 2051 3260 praelaturarum
2097 3199 2153 3246 et

573 3284 802 3338 aliorum
835 3282 1242 3350 beneficiorum,
1287 3298 1515 3353 quorum
1562 3284 1794 3338 ministri
1837 3299 1902 3338 ac
1946 3284 2149 3353 prazlati

574 3377 750 3430 adhuc
779 3376 965 3429 vivunt
987 3376 1041 3429 in
1072 3375 1347 3445 corpore),
1384 3377 1550 3447 580
1582 3376 1706 3442 quia
1736 3377 2017 3430 materiam
2057 3390 2153 3446 pav

576 3467 729 3522 rabat
761 3467 1051 3532 scandulis,
1078 3476 1133 3521 et
1162 3476 1342 3523 votum
1372 3468 1535 3521 dabat
1564 3468 1875 3521 hominibus
1902 3465 2153 3535 captandi

575 3558 799 3613 alterius
833 3568 1083 3625 mortem,
1134 3559 1187 3613 in
1233 3574 1388 3614 sacro
1434 3558 1785 3614 Lateranensi
1831 3557 2059 3611 concilio
2088 3556 2156 3610 ab

577 3650 880 3705 Alexandro
928 3651 991 3704 [ll
1042 3652 1316 3706 celebrato
1368 3662 1641 3720 perpetua:
1674 3651 1772 3704 fuit
1806 3650 2151 3720 prohibitioni

576 3739 837 3805 subjecta,
856 3740 1106 3795 videlicet
1129 3742 1179 3796 in
1203 3758 1319 3811 cap.
1348 3742 1383 3795 2
1407 3742 1471 3796 de
1489 3743 1837 3796 concessione
1858 3741 2151 3809 prmbend.,

577 3836 682 3883 etc.
720 3829 905 3883 Miram
937 3831 1079 3884 enim
1109 3847 1221 3885 rem
1254 3833 1452 3887 nostris
1481 3832 1799 3901 lacrymosis
1824 3840 1879 3885 et
1904 3830 2154 3885 infaustis

583 3917 934 3986 temporibus,
962 3920 1129 3973 oculis
1152 3922 1525 3989 perspicimus,
1550 3920 1692 3989 quod
1726 3920 1907 3989 aliquo
1937 3920 2157 3988 praelato

578 4008 1086 4079 quinquagesimum
1125 4012 1214 4065 vix
1263 4027 1461 4064 annum
1504 4010 1823 4080 attingente,
1856 4010 1972 4079 ejus
2021 4025 2158 4079 prte-

583 4100 753 4154 latura
782 4101 867 4155 vel
903 4101 1134 4170 dignitas
1173 4104 1225 4156 in
1276 4102 1515 4157 favorem
1558 4102 1786 4157 alterius
1826 4108 2153 4165 reservetur,

580 4200 769 4245 contra
823 4193 1057 4262 regulam
1107 4194 1391 4249 charitatis
1458 4194 1619 4248 dandi
1675 4193 1749 4248 illi
1811 4194 2159 4262 exspectandi

580 4282 903 4337 desiderium
951 4285 1145 4339 mortis
1192 4285 1403 4350 alicntn,
1433 4295 1491 4338 ut
1521 4287 1690 4354 possit
1721 4286 1773 4340 in
1821 4286 1998 4341 locum
2043 4286 2161 4355 ejus

583 4374 854 4430 substitui.
902 4374 1069 4445 Magis
1104 4385 1282 4431 tamen
1324 4378 1651 4441 mirandum,
1696 4376 1969 4447 quomodo
2002 4377 2155 4446 prin-

579 4465 728 4534 cipes
778 4464 1071 4520 Christiani
1134 4483 1229 4535 pro
1309 4478 1418 4521 tam
1477 4467 1702 4521 scelesta
1763 4467 1989 4521 materia
2047 4482 2154 4521 non

583 4566 839 4612 verentur
864 4574 1024 4614 aures
1060 4560 1254 4615 summi
1280 4559 1555 4629 pontificis
1594 4575 1689 4628 per
1735 4561 2071 4629 importunas
2105 4569 2160 4615 et

585 4650 653 4716 (si
680 4649 703 4701 l'
707 4665 765 4704 as
795 4659 875 4704 est
902 4650 1103 4721 dicere)
1136 4652 1447 4706 inhonestas
1473 4666 1669 4705 vexare
1694 4664 1899 4720 preces,
1938 4649 2160 4703 mirabi-

586 4741 798 4809 liusque
852 4745 994 4810 quod
1042 4745 1155 4812 ipse
1196 4758 1441 4799 summus
1485 4743 1792 4813 reipublicm
1835 4744 2161 4798 Christianze

583 4832 892 4898 hicrarcha,
926 4842 982 4887 et
1022 4836 1114 4902 qui
1159 4836 1304 4890 vices
1332 4836 1471 4905 gerit
1494 4834 1779 4903 justissimi
1803 4835 2001 4905 judicis
2032 4835 2161 4889 Jesu

583 4928 787 4983 Christi
826 4928 1019 4984 talibus
1071 4929 1251 4999 inique
1300 4931 1603 4999 postulatis,
1637 4940 1824 4985 contra
1855 4944 2014 4985 omne
2056 4929 2160 4995 fas,

576 5018 685 5087 jus,
724 5029 779 5075 et
816 5022 1081 5076 rationem
1127 5021 1432 5075 naturalem
1460 5031 1513 5075 et
1542 5022 1831 5091 positivam
1876 5034 2163 5075 assensum

585 5114 809 5181 praebet,
844 5132 863 5165 ι
910 5122 1011 5168 etc.
1045 5113 1318 5169 Hactenus
1346 5115 1534 5169 doctor
1571 5114 1659 5168 ille
1702 5113 1794 5167 Dei
1821 5112 2166 5167 aemulatione

586 5215 913 5260 οχωδιυίιιιε.

656 5298 749 5369 (³¹)
789 5298 919 5353 CAP.
962 5300 1090 5355 Vlll.
1125 5331 1194 5341 —
1242 5301 1536 5357 Luxovium
1586 5303 1639 5355 in
1692 5300 1890 5355 Gallia.
1925 5302 2001 5355 De
2058 5318 2166 5372 quo

586 5388 750 5445 Jonas
786 5389 918 5445 Vitae
957 5390 1014 5445 S.
1048 5392 1366 5448 Columbani
1397 5409 1519 5462 cap.
1558 5394 1623 5447 10
1658 5411 1671 5447 :
1722 5392 1946 5448 Celebre
1978 5408 2167 5449 mona—

590 5483 814 5536 sterium
844 5483 1184 5539 Luxoviense
1215 5486 1379 5539 veluti
1413 5487 1652 5554 paradisi
1698 5485 1821 5541 fons
1855 5494 2023 5540 totam
2068 5501 2165 5541 sua

591 5572 815 5641 pietate,
855 5575 1128 5643 religione,
1175 5578 1420 5631 doctrina
1462 5576 1690 5631 Calliam
1723 5578 1986 5648 irrigavit.
2028 5577 2166 5632 San—

593 5669 711 5714 ctus
740 5662 1027 5719 Audocnus
1054 5666 1184 5721 Vitae
1210 5668 1264 5721 S.
1300 5667 1452 5734 Eligii
1483 5683 1598 5734 cap.
1626 5669 1713 5731 2|,
1744 5669 1833 5722 lib.
1870 5686 1904 5723 ι.
1947 5690 1961 5721 (
1998 5668 2167 5723 Nimis

2186 4419 2235 4477 D

2260 456 2362 520 rio,
2397 456 2507 523 ipse
2534 471 2747 525 quoque
2771 457 3096 524 properabat
3123 459 3187 510 ad
3219 460 3467 514 cmnobia
3496 463 3796 533 maximeque

2258 550 2573 605 Lussedium
2600 550 2949 622 [Luxovium]
2970 552 3113 619 quod
3133 562 3253 606 erat
3275 568 3341 608 eo
3367 562 3607 623 tempore
3627 559 3797 612 cunctis

2260 642 2586 697 eminentius
2614 651 2777 711 atque
2807 643 3120 708 districtius,
3160 663 3179 696 ι
3209 656 3316 698 etc.
3346 632 3351 635 i

2326 732 2552 801 insuper
2616 732 2971 787 Luxoviensis
3046 734 3359 789 monasterii
3418 735 3795 803 primordiorum

2256 821 2511 890 graphica
2539 831 2621 875 est
2668 822 2961 891 descriptio
3007 824 3060 877 in
3110 825 3440 894 perantiqua
3486 828 3656 881 sancti
3690 829 3819 898 Agili,

2256 911 2467 967 abbatis
2495 913 2855 968 Resbacensis
2887 913 3008 968 Vita
3044 931 3147 970 ms.
3187 934 3203 966 ι
3238 916 3315 971 Eo
3343 926 3587 987 tempore
3606 920 3684 972 vir
3708 922 3797 975 reli-

2256 1002 2429 1073 gionis
2471 1005 2816 1067 venerandae,
2865 1004 3231 1060 Columbanus
3277 1006 3520 1073 nomine,
3563 1009 3626 1063 ab
3646 1008 3797 1064 Hiber-

2256 1091 2367 1157 nia,
2397 1092 2612 1147 Christo
2654 1094 2907 1158 ducente,
2958 1094 3012 1148 in
3043 1094 3247 1151 Gallias
3277 1098 3597 1163 advenerat,
3634 1100 3797 1157 deside-

2256 1196 2386 1236 rans
2414 1192 2546 1237 nutu
2588 1184 2771 1239 divino
2799 1200 2828 1240 a
2861 1186 3153 1242 serenitate
3188 1187 3399 1257 νεωτειὶ
3430 1190 3579 1260 regis
3616 1191 3817 1261 adipisci.

2253 1272 2455 1342 locum,
2485 1289 2592 1345 quo
2618 1278 3008 1333 monasterium
3035 1277 3331 1335 aedificaret
3360 1281 3673 1337 monasticae
3702 1282 3795 1337 reli-

2254 1363 2469 1435 gionis,
2528 1373 2635 1422 etc.
2699 1367 2899 1424 Audito
2951 1368 3261 1425 vehementi
3327 1372 3514 1427 studio
3581 1372 3823 1443 principis.

2252 1454 2541 1527 Agnoaldi,
2572 1473 2694 1513 eum
2738 1460 2892 1515 adire
2917 1461 3184 1518 deliberat
3219 1478 3389 1534 seque
3415 1479 3676 1534 suamque
3707 1481 3798 1533 pre-

2254 1562 2372 1604 cem
2441 1549 2518 1605 illi
2569 1552 2968 1608 commendat:
3023 1554 3116 1624 qui
3180 1571 3307 1610 mox
3383 1555 3533 1612 talis.
3584 1556 3821 1613 desiderii:

2255 1656 2620 1709 arcanum,.ae
2647 1643 2693 1698 si
2714 1642 2975 1699 divinitus
3002 1644 3103 1699 sibi
3129 1646 3483 1702 commissum
3512 1646 3817 1717 suscipiens,

2254 1735 2573 1803 quantocius
2626 1735 2737 1807 regi
2793 1745 3095 1806 opportune
3153 1738 3369 1794 intimat
3399 1779 3416 1805 ,
3474 1740 3803 1811 eamdemque

2252 1822 2642 1879 Columbanum
2688 1824 2762 1879 illi
2809 1826 3129 1896 gratiosum
3159 1827 3377 1893 elIieit;~
3409 1843 3514 1885 nec
3572 1843 3676 1884 non
3730 1831 3801 1900 qui

2252 1914 2735 1986 aptabilemipsius
2759 1930 2975 1987 precem
3007 1919 3284 1985 exaudiat,
3306 1920 3611 1976 submissus
3637 1922 3800 1993 emugi-

2253 2014 2349 2060 tat.
2368 2006 2438 2060 At
2456 2023 2549 2061 rex
2574 2008 3034 2077 magnanimitatis
3060 2010 3645 2081 modestiajucundans
3674 2028 3800 2083 super

2253 2112 2501 2152 sermone
2524 2098 2854 2168 hujusmodi,
2879 2100 3149 2169 postulata
3178 2100 3539 2157 libentissime
3560 2101 3797 2171 indulget;

2253 2188 2470 2257 insuper
2506 2190 2736 2243 necdum
2784 2190 2949 2259 petita
2981 2190 3167 2258 largiri
3196 2191 3485 2262 magnifice
3521 2192 3796 2261 promittit:

2253 2287 2493 2333 castrum
2547 2294 2781 2349 namque
2840 2280 2982 2335 inter
3031 2290 3184 2335 vasta
3247 2282 3421 2336 eremi
3476 2291 3663 2351 septa,
3706 2298 3798 2352 qua:

2259 2366 2493 2422 Vosacus
2546 2369 2775 2434 dicitur,
2839 2369 3021 2425 fuerat
3075 2369 3438 2425 fanaticorum
3492 2370 3656 2425 cultui
3697 2373 3817 2428 olim.

2253 2457 2581 2524 dedicatum,
2612 2461 2704 2514 sed
2730 2468 2857 2514 tunc
2882 2462 2951 2515 ad
2982 2460 3155 2515 solum
3185 2476 3357 2531 usque
3388 2462 3659 2527 dirutum;
3687 2464 3819 2533 quod.

2253 2547 2425 2602 saltus
2470 2548 2633 2617 hujus
2675 2549 2883 2615 incolae,
2919 2566 3247 2621 quamquam
3300 2552 3484 2620 ignoto
3525 2554 3792 2624 praesagio,

2254 2638 2552 2693 Luxovium
2580 2641 2949 2695 nominavere.

2329 2757 2346 2789 ι
2392 2737 2524 2792 lllud
2552 2739 2801 2807 equidem
2833 2739 3193 2794 considerans
3217 2739 3636 2808 benignissimus
3655 2740 3793 2807 Agna

2256 2830 2405 2885 aldus
2438 2830 2676 2885 velocius
2723 2846 2880 2899 posse
2926 2831 3240 2897 restaurari,
3291 2840 3346 2885 et
3390 2844 3617 2885 cernens
3668 2829 3817 2882 situm.

2254 2926 2358 2982 loci
2407 2927 2797 2981 monachorum
2856 2927 3055 2996 agmini
3088 2938 3304 2996 aptum,
3365 2927 3476 2982 imo
3531 2925 3795 2996 intelligens

2254 3016 2609 3084 praerogativa
2655 3016 2800 3081 ﬁdei,
2833 3024 2888 3070 et
2932 3016 3215 3085 sapientiae
3260 3016 3466 3071 lumine
3516 3016 3793 3080 illustratus,

2254 3107 2501 3161 eumdem
2540 3106 2717 3161 locum
2746 3106 2858 3161 Deo
2904 3107 3109 3161 sacrari
3134 3106 3137 3109 ’
3162 3115 3439 3175 oportere,
3491 3116 3545 3161 et
3574 3106 3655 3159 ubi
3696 3106 3794 3160 olim

2255 3196 2480 3267 profano
2512 3197 2617 3252 ritu
2642 3205 2849 3252 veteres
2876 3197 3157 3252 coluerunt
3188 3198 3331 3262 fana,
3368 3198 3443 3252 ibi
3480 3196 3671 3252 Christi
3696 3195 3793 3264 tige-

2256 3297 2442 3343 rentur
2464 3303 2595 3355 arm,
2619 3288 2961 3358 erigerentur
2988 3288 3205 3353 vexilla,
3235 3296 3398 3357 atque
3431 3287 3795 3342 celebrarentur

2254 3377 2536 3447 mysteria,
2573 3377 2808 3431 obtinuit
2831 3378 2943 3433 suis
2974 3378 3227 3446 precibus
3255 3393 3285 3431 a
3317 3377 3644 3432 sublimitate
3665 3376 3803 3445 regis,

2257 3480 2313 3522 ut
2339 3483 2436 3538 per
2465 3469 2650 3538 scripti
2689 3470 2909 3535 seriem,
2946 3469 3317 3524 habitaculum
3348 3470 3460 3524 Deo
3493 3468 3795 3523 militantium

2255 3559 2566 3628 perenniter
2586 3560 2950 3631 delegaretur;
2982 3576 3091 3630 quo
3114 3562 3375 3615 adversus
3400 3576 3558 3614 aeras
3585 3568 3789 3629 potesta-

2257 3657 2358 3715 tes,
2395 3650 2456 3703 B.
2486 3650 2822 3707 Columbano
2850 3652 3201 3718 instituente,
3246 3636 3575 3705 ’dimicarent
3615 3648 3796 3718 superni

2258 3741 2401 3809 regis
2441 3749 2681 3811 tyrones,
2718 3757 2854 3811 quos
2901 3743 3119 3796 demum
3170 3750 3293 3811 post
3323 3741 3538 3795 diversa
3572 3740 3811 3794 exercitia.

2258 3834 2543 3899 virtutum,
2579 3843 2637 3887 ut
2670 3834 2921 3889 robustos
2955 3832 3248 3888 bellatores
3271 3832 3359 3885 lux
3393 3840 3642 3901 perpetua
3671 3830 3797 3885 Chri-

2259 3934 2345 3978 sto
2390 3939 2511 3978 cum
2566 3924 2745 3993 palma
2805 3925 2999 3994 gloriae
3049 3940 3147 3979 suo
3217 3923 3541 3993 corrspicuos
3589 3922 3799 3977 redderet

2259 4014 2532 4085 paradiso.
2571 4035 2590 4067 ι

2332 4106 2422 4175 (³⁸)
2456 4104 2583 4159 luto.
2614 4137 2680 4147 -—
2717 4106 2972 4171 Qurvdam
2994 4106 3147 4161 ctiam
3180 4107 3233 4159 in
3276 4106 3552 4160 Neustria.
3576 4105 3813 4160 Nimirum

2262 4195 2552 4261 Beccense,
2580 4195 2914 4250 Cadomense
2945 4195 3002 4249 S.
3041 4195 3324 4265 Stephani,
3363 4197 3620 4267 Sagiense
3646 4194 3800 4249 Sancti

2263 4284 2519 4349 Martini,
2581 4295 2687 4340 etc.
2738 4288 2892 4354 (qua:
2940 4284 3042 4339 illis
3105 4286 3440 4355 temporibus
3490 4289 3817 4352 sumpserunt.

2265 4375 2440 4446 initia)
2476 4385 2530 4429 et
2574 4375 2758 4430 Sancti
2795 4375 3020 4439 Ebrulft,
3050 4375 3448 4441 Gemeticense,
3482 4374 3659 4430 Sancti
3684 4370 3798 4421 Van-

2261 4466 2533 4535 dregesili,
2559 4476 2691 4533 etc.,
2723 4466 3052 4535 postliminio
3078 4466 3146 4519 ad
3178 4466 3468 4534 pristinum
3501 4463 3804 4534 splendorem

2263 4567 2538 4620 revocata,
2568 4565 2621 4610 et
2665 4558 2769 4610 alia
2802 4556 3198 4625 quamplurima
3220 4596 3233 4621 ,
3274 4572 3394 4625 qua:
3441 4558 3496 4610 in
3528 4551 3731 4608 Roberti
3755 4551 3809 4602 de

2264 4646 2443 4701 Monte
2474 4657 2707 4701 tractatu
2740 4648 2812 4701 De
2858 4647 3238 4700 immutatione
3272 4645 3393 4701 ord.
3433 4646 3808 4701 monachorum.

2265 4747 2396 4803 etc.,
2435 4749 2849 4793 enumerantur.
2898 4739 3030 4793 Vide
3068 4748 3189 4807 post
3217 4737 3581 4806 Appendicem
3612 4752 3638 4789 a
3680 4733 3811 4786 nobis

2266 4829 2489 4883 editam.
2544 4830 2851 4884 Cltrunicon
2909 4830 3179 4884 Beccense
3234 4828 3483 4882 meminit
3533 4824 3810 4881 earumdem

2267 4921 2676 4987 emnobiorum;
2747 4921 2997 4977 Orderic.
3063 4920 3224 4974 Vital.
3286 4919 3491 4974 llistor.
3571 4917 3657 4971 lib.
3724 4913 3814 4968 lll.

2306 5032 2388 5069 aa.
2420 5013 2545 5068 Mil.

2306 5032 2333 5069 a
2378 5057 2388 5068 .
2420 5031 2545 5068 aut.

2267 5031 2301 5086 Ρ
2339 5032 2429 5176 ξπ)
2480 5105 2611 5158 lum.
2653 5125 2715 5141 -ι
2771 5100 2979 5155 Sancta:
3031 5100 3441 5154 conversationis
3494 5096 3684 5166 refrixit
3712 5094 3811 5144 clm-

2270 5201 2422 5267 ritas,
2461 5209 2512 5252 et
2556 5213 2727 5251 rerum
2760 5194 3025 5263 opulentia
3064 5194 3323 5263 quasdam
3350 5190 3667 5262 postmodum
3712 5200 3811 5237 sm-

2271 5298 2369 5351 sim
2400 5295 2626 5349 deseruit
2657 5291 2924 5346 ecclesias.
2971 5289 3177 5342 Morum
3222 5302 3353 5357 ergo
3392 5283 3709 5356 perversitas
3749 5278 3815 5343 gi:

2272 5388 2389 5459 gnit
2442 5393 2770 5456 egestatem,
2833 5382 2888 5434 in
2947 5379 3334 5435 ecclesiasticis
3394 5376 3625 5429 maxime
3674 5368 3811 5459 viris;

2271 5458 2458 5536 contra
2488 5492 2616 5532 vero
2666 5474 2983 5531 facultatum
3039 5470 3354 5540 productrix
3378 5469 3552 5521 virtus
3597 5472 3689 5518 est.
3730 5458 3811 5511 Ec-

2273 5572 2610 5629 clesiasticus
2649 5569 2827 5639 capite
2870 5583 2993 5632 xm,
3042 5565 3130 5618 30.
3168 5583 3185 5613 ι
3228 5563 3373 5616 Bona
3411 5570 3495 5615 est
3522 5549 3811 5613 substantia.

2278 5666 2360 5721 cui
2393 5680 2497 5720 non
2530 5674 2609 5719 cst
2655 5674 2931 5721 peccatum
2971 5660 3022 5712 in
3056 5656 3406 5719 conscientia,
3439 5663 3485 5707 et
3521 5643 3815 5720 ncquissin's
