4018 6324
232 340 360 401 1055

229 458 500 531 paupertas
526 445 580 500 in
608 455 700 497 ore
728 437 928 507 impii.»
964 433 1044 488 Ad
1398 423 1624 527 Strabus
1652 416 1778 531 Fui:
1805 423 1851 482 Α

230 515 401 606 densis
438 538 606 610 glossa
638 531 909 588 ordinaria
943 545 955 580 :
986 546 1003 576 ι
1033 524 1239 579 Divitiae
1261 519 1455 574 habitae
1477 515 1619 584 juste
1652 520 1776 568 sunt

229 603 782 694 materia'exercendae
818 619 1032 674 virtutis
1058 630 1154 686 per
1187 626 1348 681 opera
1392 603 1776 663 misericordiae

231 715 642 782 etliberalitatis.
681 733 699 766 ›
724 712 822 768 Cui
847 707 1176 765 simillimum
1197 713 1279 758 est
1307 699 1433 756 illud
1459 698 1600 754 beati
1646 697 1775 750 Am-

230 814 379 874 brosii
410 810 646 866 ell'atum.
683 823 703 856 ‹
746 802 956 858 Divitiae
986 807 1054 852 ‘ut
1095 794 1472 866 impedimenta
1499 787 1774 858 improbis,

230 910 300 963 ita
327 901 477 959 bouis
504 907 628 953 sunt
649 895 953 966 adjumcnta
980 886 1216 950 virtutis,
1249 903 1269 936 ι
1317 882 1381 936 ad
1412 895 1532 950 cap.
1565 892 1696 932 xvnt
1724 885 1781 931 et

227 1009 317 1051 vix
341 991 470 1046 Luc.
499 985 592 1042 lib.
621 999 740 1040 vru.
789 981 926 1049 Quin
953 975 1198 1034 Juvenal.
1233 973 1416 1048 satyr.
1445 972 1479 1026 5
1512 989 1528 1025 ε

364 1078 456 1136 Ml
483 1077 635 1134 habet
661 1073 844 1148 infelix
876 1078 1155 1142 paupertas
1195 1067 1250 1120 in
1282 1081 1358 1131 se,

365 1167 534 1232 Quam
560 1163 700 1234 quod
725 1157 972 1215 ridiculos
996 1157 1227 1212 homines
1253 1152 1405 1223 facit.

231 1260 297 1316 Et
328 1253 640 1313 Guillelmus
685 1247 1048 1306 Flaviacensis
1091 1245 1258 1300 abbas
1285 1242 1374 1312 (de
1416 1255 1522 1312 quo
1553 1237 1690 1296 infra
1725 1237 1780 1292 in

231 1344 538 1423 compendio
567 1341 704 1396 Hist.
739 1337 976 1408 ejusdem
1005 1331 1259 1403 coenobii)
1289 1329 1576 1423 consulens
1601 1327 1783 1423 prima:

229 1449 282 1493 et
307 1415 572 1492 constanti
617 1428 1001 1487 monachorum
1037 1419 1457 1485 conversationi,
1485 1417 1588 1472 ait:
1613 1435 1631 1468 ‹
1655 1415 1784 1485 Ege-

229 1537 336 1585 stas
358 1525 501 1582 enim
545 1519 862 1583 murmuris,
909 1524 964 1571 et
1007 1511 1376 1587 impatientiae,
1423 1516 1584 1583 atque
1621 1505 1784 1562 etiam

233 1619 536 1692 cupiditatis
563 1626 947 1682 nonnunquam
975 1615 1058 1663 est
1089 1605 1321 1660 occasio.
1358 1621 1376 1654 ι

295 1685 466 1778 λιῳιθ
497 1705 630 1759 adeo
669 1700 811 1756 haud
831 1700 1093 1754 bonorum
1119 1691 1490 1764 temporalium
1517 1685 1784 1778 opulentia

1404 309 1614 369 DOMNI
1640 305 1699 361 L.
1739 297 2074 358 DACIIERY
2119 291 2345 350 NOTAS.

3302 243 3440 332 ius:

1880 419 2092 473 scatur,
2137 421 2236 460 nos
2274 404 2418 472 ipsos
2467 397 2904 453 remuneratione
2945 393 3110 446 etiam
3161 387 3440 458 temporali

1880 509 2255 558 remunerare;
2314 506 2434 545 cum
2468 500 2522 542 et
2561 488 2838 558 apostolici
2878 498 3032 556 reges
3068 493 3123 537 et
3151 481 3438 552 principes,

1877 585 2226 644 felicitatibus
2251 581 2502 636 Ecclesiae
2531 577 2892 647 eongratulari
2919 575 3171 638 delectet,
3199 585 3440 643 gemma-

1878 694 1996 733 rum
2029 675 2415 746 pretiosarum,
2440 669 2557 723 auri
2583 679 2639 723 et
2665 668 2895 738 argenti,
2921 665 3200 736 palliorum
3231 671 3284 716 et
3312 661 3443 714 aliu-

1877 785 2002 826 rum
2042 763 2532 823 ecclesiasticorum
2575 767 3014 813 ornamentorum
3045 753 3312 809 allluentia
3347 768 3442 806 ex-

1878 860 2002 915 inde
2027 857 2306 918 exuberet,
2357 859 2417 904 ut
2463 857 2613 903 recte
2658 847 2838 902 dicere
2887 846 3170 899 valeamus.
3222 859 3236 894 :
3281 839 3445 894 Vene-
3539 879 3551 888 .

1878 957 1998 1003 runt
2017 946 2146 1000 mihi
2175 942 2348 998 omnia
2377 940 2508 994 bona
2533 938 2727 1006 pariter
2748 952 2865 990 cum
2893 934 2984 989 illa
3007 933 3167 1006 (Sap.
3202 948 3299 998 vn,
3334 932 3442 1000 ll).

1877 1038 1996 1105 Quo
2047 1032 2416 1103 experimento
2469 1025 2652 1098 gloriae
2696 1026 2890 1080 futura:
2943 1025 3066 1089 Dei,
3115 1009 3312 1077 fratres
3353 1036 3448 1076 n.0-

1879 1135 2024 1182 stros
2059 1133 2405 1178 successores
2437 1123 2653 1172 nostros
2677 1113 2995 1169 obtestando
3023 1127 3118 1182 per
3160 1111 3254 1166 Dei
3282 1111 3418 1166 misc

1880 1212 2201 1277 ricordiam,
2253 1219 2308 1262 et
2354 1206 2594 1262 terribile
2628 1202 2746 1273 ejus
2773 1201 3036 1271 judicium
3075 1202 3448 1268 sollicitantes,

1882 1318 1952 1359 ne
1995 1311 2239 1359 sanctam
2284 1298 2620 1369 religionem,
2666 1309 2785 1364 quae
2809 1302 2865 1348 et
2913 1293 3158 1348 homines
3194 1301 3248 1347 et
3282 1291 3450 1347 neum

1882 1391 2156 1456 conciliat,
2209 1386 2486 1444 confracta
2535 1384 2859 1450 consolidat,
2905 1382 3114 1452 perdita
3161 1389 3452 1450 restaurac,

1883 1488 2255 1552 paupertatem
2304 1477 2509 1546 opimat
2537 1516 2553 1542 ,
2602 1486 2877 1546 tepescere
2927 1473 3280 1544 permittant,
3327 1472 3456 1542 quia

1885 1571 2025 1627 sicut
2055 1568 2372 1624 timentibus
2401 1566 2686 1621 Dominum
2719 1563 2851 1618 nihil
2881 1562 3065 1626 deest,
3111 1575 3217 1615 non
3257 1561 3453 1615 timen-

1891 1663 2032 1718 tibus
2068 1661 2232 1717 etiam
2279 1658 2496 1728 regibus
2535 1655 2712 1711 omnia
2735 1694 2751 1720 ,
2794 1653 2896 1725 ipsi
2927 1665 3142 1723 quoque
3179 1650 3281 1705 sibi
3312 1650 3456 1705 defi-

231 1755 554 1854 Benedictiui
581 1791 784 1849 ordinis
808 1787 1088 1858 perniciei,
1122 1785 1264 1855 quod
1290 1781 1584 1852 obgannire
1612 1777 1784 1834 solent
1815 1762 1862 1823 Β
1886 1755 2054 1809 θίυηῑ·
2090 1770 2106 1803 ι

230 1887 456 1960 gurgites
510 1884 586 1940 illi
633 1891 687 1939 et
716 1880 996 1936 helluones
1050 1891 1232 1932 rerum
1268 1875 1380 1929 Deo
1430 1879 1784 1933 sacratarum,

231 1991 386 2033 causa
417 1974 644 2040 exstitit,
680 1973 787 2027 imo
819 1986 848 2025 a
876 1979 1062 2025 sancta
1095 1965 1502 2024 conversatione
1524 1961 1784 2025 deviatio;

231 2066 382 2124 simul
408 2067 553 2120 enim
584 2073 743 2134 atque
771 2061 1104 2132 paenitentiae
1133 2057 1378 2130 perttesi,
1419 2053 1624 2123 decepti
1658 2050 1788 2106 deli-

231 2158 353 2223 ciis,
394 2164 518 2224 post
546 2152 1006 2226 concupiscentias
1029 2165 1152 2206 suas
1181 2148 1292 2203 iere
1319 2145 1588 2209 monachi,
1619 2157 1786 2196 saecu-

230 2248 551 2314 laribusque,
583 2244 824 2299 solitaria
861 2251 916 2297 et
957 2251 1105 2296 are-ta
1162 2240 1247 2293 via
1291 2236 1617 2309 posthabita,
1672 2248 1791 2288 sese

231 2339 366 2392 ultro
393 2337 737 2392 immiscuere
777 2335 1022 2406 negotiis,
1063 2350 1083 2384 ι
1121 2339 1320 2386 sanctae
1366 2326 1790 2384 conversationis

231 2428 434 2483 refrixit
461 2428 736 2493 charitas;
784 2445 802 2479 ι
838 2437 892 2481 et
935 2424 1190 2493 corrupti,
1218 2430 1377 2491 atque
1407 2420 1791 2474 abominabiles

232 2519 352 2573 facti
377 2505 786 2572 evanuerunt'in
809 2513 1218 2584 cogitationibus
1239 2511 1371 2574 suis,
1396 2523 1618 2580 qumque
1643 2509 1792 2577 prius

233 2623 331 2662 non
363 2605 462 2661 sibi
502 2613 710 2660 tantum
738 2604 804 2658 ad
836 2604 1034 2658 victum
1073 2610 1128 2655 et
1159 2601 1412 2655 vestitum
1457 2598 1648 2660 collata
1687 2597 1795 2650 fuc—

236 2708 372 2765 rant,
397 2697 493 2752 sed
545 2703 598 2749 et
642 2696 708 2749 ad
755 2694 999 2764 gloriam,
1035 2706 1142 2761 quo
1174 2705 1277 2745 non
1307 2704 1461 2745 secus
1489 2703 1552 2742 ac
1591 2687 1794 2742 domini

235 2785 384 2856 581
445 2792 714 2853 potentes,
767 2791 822 2838 et
867 2781 1136 2852 principes
1171 2779 1401 2844 terreni,
1445 2793 1507 2832 ea
1553 2777 1791 2842 caeteris,

235 2877 410 2946 egenis
439 2877 740 2945 praecipue,
780 2872 979 2928 affatim
1019 2879 1334 2941 erogarent,
1381 2885 1530 2924 versa
1581 2876 1704 2922 sunt
1739 2867 1793 2920 in

234 2979 495 3019 venenum
528 2973 580 3020 et
603 2964 968 3034 approbrium,
994 2968 1359 3030 veneruntque
1388 2958 1545 3014 alieni
1573 2967 1626 3012 et
1649 2972 1797 3012 com-

235 3054 452 3110 ederunt
499 3056 666 3109 robur
729 3068 935 3108 eorum.
979 3050 1050 3106 Ut
1093 3051 1286 3104 merito
1332 3063 1455 3103 cum
1539 3047 1792 3113 Jcremia,

1955 1866 2212 1921 Rationes
2243 1873 2420 1919 autem
2455 1860 2771 1917 assertionis
2813 1858 3052 1929 praefata:
3088 1871 3220 1912 meae
3255 1856 3460 1911 submi-

1886 1954 2082 2008 nistrat
2124 1962 2344 2007 sanctus
2375 1950 2719 2012 Benedictus,
2762 1948 3032 2017 siquidem
3069 1947 3182 2016 ipse
3221 1960 3456 2015 evange-
3513 1997 3522 2002 .

1887 2043 2008 2096 lit-ae
2031 2042 2378 2112 perfectionis
2405 2041 2754 2104 instaurator,
2778 2038 3274 2104 monachorumque
3298 2035 3460 2090 Occi-

1889 2131 2064 2186 dentis
2102 2132 2407 2196 institutor,
2455 2130 2724 2201 prsecipue
2775 2129 3041 2193 decrevit,
3083 2141 3276 2196 nempe
3311 2136 3462 2181 ante-

1889 2238 2048 2292 quam
2077 2222 2462 2292 professionem
2511 2221 2712 2274 tirones
2735 2219 3001 2287 emittant,
3031 2227 3086 2272 ut
3113 2233 3176 2272 ex
3206 2220 3462 2273 omnibus

1891 2329 2010 2384 qua:
2055 2313 2403 2383 possidebant
2440 2311 2512 2364 nil
2559 2310 2662 2365 sibi
2707 2319 3015 2372 reservent,
3049 2324 3169 2377 cap.
3206 2309 3293 2362 58.
3331 2309 3464 2362 Item

1891 2418 2010 2472 cap.
2061 2402 2346 2472 sequenti,
2390 2401 2454 2456 de
2491 2400 2618 2454 filiis
2668 2413 2832 2468 agens
2885 2398 3164 2460 nobilium,
3211 2407 3464 2466 parentes

1892 2495 2211 2557 obtestatur,
2249 2511 2266 2543 ι
2304 2491 2636 2546 Promittant
2664 2491 2764 2544 sub
2785 2488 3141 2558 jurejurando
3174 2489 3297 2556 quia
3330 2505 3464 2542 nun—

1892 2597 2052 2650 quam
2091 2597 2187 2652 per
2217 2597 2296 2646 se,
2352 2589 2482 2644 etc.,
2527 2579 2651 2632 filiis
2683 2579 2924 2632 tribuant
2973 2578 3310 2631 occasionem
3364 2579 3466 2630 ha-

1892 2674 2050 2728 bendi
2080 2690 2094 2738 ;
2143 2691 2161 2722 ι
2191 2688 2308 2740 cap.
2336 2671 2428 2735 35,
2454 2669 2526 2722 nil
2578 2669 2856 2738 proprium
2889 2669 3088 2722 habere
3115 2669 3244 2722 sinit
3281 2683 3468 2722 mona—

1893 2764 2085 2826 chum,
2121 2781 2138 2813 ‹
2171 2762 2350 2815 omnia
2372 2775 2501 2814 vero
2543 2759 2846 2814 necessaria
2889 2773 2918 2811 a
2968 2758 3126 2812 Patre
3153 2758 3466 2811 monasterii

1896 2866 2142 2921 sperare;
2178 2870 2194 2902 ι
2231 2865 2350 2920 cap.
2379 2850 2447 2902 54
2487 2867 2499 2901 :
2540 2867 2557 2900 ι
2590 2849 2928 2902 lnlirmorum
2957 2863 3084 2902 cura
3115 2858 3240 2902 ante
3265 2849 3468 2911 omnia,

1896 2955 1951 2998 et
1995 2959 2156 3012 super
2194 2942 2374 2995 omnia
2405 2941 2708 2993 adhibenda
2761 2947 2860 3002 est,
2890 2948 3018 3002 etc.,
3045 2940 3284 2992 carnium
3316 2955 3468 3002 usus,

1897 3043 1952 3088 et
1987 3035 2328 3097 balneorum,
2364 3051 2382 3084 ι
2425 3040 2478 3086 et
2513 3031 2774 3099 quidquid
2829 3029 3058 3082 infirmis
3111 3028 3468 3082 necessarium

237 3144 428 3200 Thren.
458 3160 516 3211 v,
547 3144 683 3210 2,6,
717 3145 769 3209 7,
795 3143 1041 3198 occinere
1072 3138 1360 3194 debeamus
1389 3155 1402 3191 :
1440 3156 1458 3188 «
1501 3108 1798 3193 Haereditas
1822 3108 1864 3163 Ο
1901 3125 2084 3190 Γηοτῖῑς
2116 3123 2477 3187 concedatur;
2515 3136 2634 3190 CaP-
2668 3121 2760 3185 59,
2788 3119 2858 3172 4ο
2895 3119 3058 3174 9155-
3091 3119 3269 3172 ViCIUS
3300 3125 3356 3171 ει
3380 3131 3472 3170 V0-

237 3246 412 3291 nostra
441 3249 596 3289 versa
622 3242 704 3288 est
735 3233 803 3288 ad
831 3232 1054 3299 alienos,
1084 3231 1272 3284 domus
1306 3236 1504 3282 nostra;
1535 3227 1599 3282 ad
1620 3235 1799 3282 extra-

238 3340 379 3381 neos.
420 3323 614 3393 Pupilli
655 3322 780 3376 facti
812 3336 996 3376 sumus
1027 3321 1230 3387 absque
1264 3326 1433 3388 patre,
1467 3325 1667 3371 matres
1698 3332 1798 3371 no-

239 3425 359 3470 stra:
382 3415 540 3483 quasi
567 3413 756 3469 viduae.
789 3411 979 3466 Patres
1007 3409 1173 3464 nostri
1209 3415 1590 3476 peccaverunt,
1617 3417 1672 3461 et
1694 3422 1799 3461 non

239 3514 383 3569 sunt;
421 3515 476 3560 et
502 3519 598 3559 nos
630 3504 940 3573 iniquitates
979 3519 1164 3558 eorum
1193 3503 1544 3573 portavimus.
1577 3521 1595 3553 ι

309 3595 510 3649 Verum
555 3595 644 3649 ubi
681 3595 824 3664 viget
869 3595 1134 3670 regularis
1177 3595 1539 3658 observantia,
1577 3606 1641 3646 ex
1683 3607 1802 3646 sen-

241 3687 401 3740 tentia
430 3685 660 3740 allluunt
687 3685 968 3750 universa;
992 3685 1133 3754 quod
1155 3685 1322 3755 probe
1345 3684 1624 3738 adnotavit
1653 3682 1804 3752 Hugo

241 3777 664 3831 Flaviniacensis
704 3776 757 3830 in
806 3776 1073 3832 Chronico
1117 3777 1351 3830 nondum
1403 3775 1567 3839 edito,
1610 3775 1676 3827 ad
1714 3789 1801 3828 an.

243 3869 396 3932 1078,
429 3875 586 3938 gesta
622 3867 882 3922 exhibens
935 3867 1144 3922 abbatis
1190 3866 1548 3930 Divionensis,
1584 3864 1641 3919 S.
1666 3864 1807 3916 Guil-

244 3959 405 4025 Iclmi,
438 3959 534 4028 qui
584 3968 769 4028 postea
817 3959 1143 4014 Fiscanense
1184 3957 1326 4012 rexit
1375 3955 1802 4011 monasterium:

247 4066 265 4097 ι
300 4046 539 4103 Noverat
584 4048 707 4115 quia
760 4062 884 4102 cum
936 4054 1208 4102 cresceret
1263 4046 1490 4100 interius
1533 4043 1809 4114 religionis

245 4139 516 4204 studium,
573 4138 862 4194 exterioris
915 4153 1124 4207 quoque
1169 4123 1811 4192 substantiae-accederet

245 4232 701 4300 supplementum.
742 4251 759 4282 ι
793 4231 858 4284 Ει
899 4229 965 4284 ad
995 4245 1083 4282 an.
1117 4229 1254 4284 1088
1285 4246 1298 4281 :
1341 4247 1358 4279 ι
1395 4227 1620 4296 Vigebat
1657 4226 1710 4279 in
1747 4239 1811 4278 eo

245 4323 414 4377 virtus
443 4322 747 4386 charitatis,
778 4335 897 4390 qua:
941 4327 1087 4373 tanta
1137 4326 1272 4384 erat,
1316 4324 1376 4371 ut
1401 4330 1704 4386 quanquam
1748 4329 1812 4369 eo

1901 3215 2152 3272 stimenta
2199 3213 2648 3282 suppeditentur;
2701 3224 2822 3277 cap.
2855 3209 2924 3262 53
2963 3217 3018 3262 et
3056 3208 3123 3261 56
3157 3225 3170 3260 :
3217 3225 3234 3256 ι
3274 3205 3474 3261 Omnes

1903 3303 2339 3373 supervenientes
2389 3302 2632 3371 hospites
2690 3309 2944 3368 tanquam
3011 3299 3260 3352 Christus
3304 3297 3472 3351 susci-

1903 3403 2137 3470 piantur.
2178 3420 2196 3452 ι
2236 3400 2303 3453 Ει
2333 3400 2546 3453 tandem
2593 3412 2713 3466 cap.
2749 3395 2856 3448 66:
2913 3414 2930 3445 ι
2967 3393 3352 3448 Monasterium
3395 3392 3475 3446 ita

1904 3492 2060 3545 debet
2095 3490 2365 3554 construi,
2399 3495 2456 3541 ut
2495 3486 2680 3541 omnia
2711 3484 3014 3539 necessaria
3036 3524 3050 3548 ,
3093 3483 3146 3536 id
3193 3490 3272 3536 est
3309 3496 3470 3548 aqua,

1905 3583 2115 3645 hortus,
2146 3580 2452 3649 pistrinum,
2486 3577 2567 3630 vel
2598 3584 2741 3629 artes
2769 3575 2992 3628 diversae
3021 3574 3160 3626 intra
3188 3579 3460 3626 monaste-

1906 3670 2045 3723 rium
2097 3676 2472 3728 exerceantur,
2518 3676 2577 3718 nt
2609 3681 2714 3718 non
2766 3665 2836 3716 sit
2875 3664 3168 3716 necessitas
3199 3659 3478 3716 monachis

1904 3757 2134 3826 vagandi
2183 3756 2348 3819 foras,
2391 3755 2515 3824 quia
2563 3753 2783 3807 omnino
2812 3769 2915 3808 non
2947 3751 3163 3821 expedit
3192 3749 3479 3804 animabus

1907 3862 2112 3902 eorum.
2157 3867 2176 3898 ο

1979 3955 2235 4025 Nunquid
2281 3955 2366 4009 his
2395 3969 2459 4009 ex
2493 3953 2626 4008 lucis
2673 3952 2982 4007 necessario
3012 3950 3368 4021 colligendum
3400 3957 3477 4004 est

1910 4046 2156 4102 coenobia
2200 4059 2377 4098 rerum
2409 4043 2559 4111 cupia
2597 4041 2715 4096 fore
2741 4041 2995 4106 dotanda,
3019 4048 3287 4108 quatenus
3304 4039 3372 4093 ad
3392 4055 3482 4091 un-

1911 4151 2068 4207 gnem
2099 4135 2420 4188 observetur
2457 4131 2642 4201 regula
2668 4130 2690 4183 ?
2721 4129 2976 4183 nimirum
3009 4138 3066 4182 ut
3096 4130 3292 4194 victus,
3322 4129 3472 4182 vesti-

1912 4236 2106 4292 tusque
2147 4223 2438 4290 unicuique
2470 4221 2770 4285 tribuatur;
2811 4237 2828 4270 ι
2862 4219 3096 4272 lnlirmis
3129 4218 3270 4272 sicut
3298 4231 3482 4270 revera

1913 4315 2150 4378 Christo,
2180 4315 2252 4366 ita
2285 4313 2581 4375 serviatur;
2612 4329 2629 4361 ι
2679 4324 2944 4379 pauperes
2990 4322 3180 4362 omnes
3208 4307 3370 4377 (quod
3399 4320 3480 4360 so-

245 4427 410 4479 anno,
438 4413 641 4481 ubique
671 4411 1004 4480 tempestatis
1033 4409 1315 4472 violentia,
1346 4419 1572 4461 matura:
1605 4417 1811 4476 segetes
1839 4431 1890 4490 Β
1916 4406 2092 4460 lemne
2137 4420 2202 4457 ac
2244 4404 2554 4472 religiosum
2612 4401 2665 4453 in
2716 4400 2927 4462 ordine,
2975 4397 3236 4468 quamdiu
3281 4395 3483 4449 reditus

247 4503 300 4557 in
346 4505 536 4572 spicis,
588 4511 642 4558 et
670 4504 853 4557 vinum
910 4503 963 4554 in
1011 4500 1257 4564 racemis,
1305 4499 1484 4554 omnia
1518 4508 1813 4568 prostrata,

245 4601 300 4648 et
343 4609 574 4663 prorsus
611 4594 860 4647 damnata
887 4599 1086 4655 essent,
1139 4589 1212 4644 nil
1245 4597 1420 4644 tamen
1452 4589 1628 4643 minus
1668 4588 1817 4642 ﬁeret

247 4683 299 4736 in
337 4685 627 4738 refectorio
683 4691 737 4736 et
777 4682 1141 4750 eleemosyna,
1187 4695 1311 4734 cum
1344 4678 1537 4733 fratres
1566 4687 1815 4733 centena-

248 4769 384 4821 rium
429 4768 543 4822 ferc
578 4767 898 4822 excederent
945 4780 1249 4830 numerum,
1285 4783 1304 4817 ι
1345 4773 1449 4819 etc.
1493 4763 1610 4817 Huc
1647 4762 1818 4831 perti-

250 4867 379 4912 nent
411 4874 534 4928 qua:
568 4858 632 4911 de
659 4871 717 4911 se
747 4855 916 4910 refert
957 4856 1214 4925 Sugerius
1255 4856 1308 4909 in
1340 4853 1816 4909 Ludovici-Grossi

253 4951 371 5004 Vita
404 4993 418 5017 ,
476 4961 604 5005 tom.
669 4941 737 5004 Ν
796 4947 937 5004 llist.
988 4949 1184 5003 Franc.
1236 4949 1464 5003 Andreae
1509 4947 1816 5008 Duchesne,

222 5054 373 5118 pag.
420 5039 549 5092 5H.
609 5057 627 5089 ‹
683 5035 936 5092 Ordinem
989 5045 1232 5092 sanctum
1279 5035 1434 5105 plene
1489 5033 1818 5099 reformavit,

219 5129 456 5182 “sanctae
487 5127 765 5197 religionis
805 5127 1141 5197 propositum
1181 5141 1288 5194 quo
1327 5125 1393 5178 ad
1430 5125 1595 5180 Deum
1639 5124 1821 5177 fruen-

254 5220 380 5275 dum
415 5220 748 5289 pervenitur,
801 5220 1004 5286 absque
1048 5216 1304 5272 seandalo
1337 5224 1391 5270 et
1421 5215 1822 5285 perturbatione

257 5309 516 5374 fratrum,
545 5310 671 5364 licet
697 5326 802 5365 non
831 5307 1236 5372 consueverint,
1271 5305 1492 5375 pacifice
1522 5303 1817 5358 constituit.

257 5400 422 5466 Cujus
449 5401 743 5455 voluntatis
771 5399 962 5455 divinae
997 5397 1310 5458 efficaciam,
1346 5404 1506 5450 tanta:
1531 5394 1821 5456 libertatis,

259 5491 412 5543 bonae
459 5491 617 5546 fama:
645 5532 658 5555 ,
710 5500 763 5546 et
820 5501 1044 5545 terrenze
1081 5488 1366 5558 opulentia:
1402 5485 1687 5539 subsecuta
1743 5495 1825 5539 est

262 5577 558 5646 affluentia,
591 5591 651 5636 ut
680 5582 842 5635 etiam
887 5578 1352 5649 inpresentiarum,
1385 5591 1489 5644 quo
1534 5575 1703 5643 magis
1733 5589 1825 5628 n0-

261 5678 372 5724 stra
416 5674 685 5728 excitetur
728 5671 1161 5742 pusillanimitas,
1204 5668 1597 5738 quodammodo
1625 5682 1822 5734 cegno-

1918 4494 2368 4548 monasteriorum
2398 4507 2427 4544 a
2471 4489 2825 4544 saecularibus
2855 4489 2990 4542 viris
3037 4487 3256 4540 minime
3284 4485 3474 4540 distra-

1917 4584 2206 4645 hcbantur,
2249 4595 2462 4661 semper
2487 4577 2721 4649 exstitit)
2754 4577 2902 4632 velut
2933 4576 3182 4630 Christus
3214 4574 3478 4642 excipian-

1921 4683 2027 4739 tur,
2082 4672 2452 4736 subleventur,
2511 4668 2747 4732 alantur,
2800 4667 3102 4720 vestiantur
3153 4666 3252 4734 (de
3297 4664 3485 4734 quibus

1919 4779 2044 4818 mox
2080 4761 2286 4833 infra).
2319 4761 2660 4830 Quapropter
2696 4757 2754 4812 S.
2805 4756 3068 4812 Junianus
3122 4771 3152 4810 a
3201 4771 3328 4827 rege
3369 4755 3486 4810 Clo-

1923 4855 2062 4907 tario
2109 4854 2149 4917 l,
2182 4851 2333 4920 cujus
2367 4848 2721 4920 professionis
2776 4863 2839 4902 ac
2879 4846 3042 4901 studii
3085 4855 3245 4910 esset,
3302 4845 3474 4900 scisci-

1922 4953 2086 5009 tatus,
2141 4943 2219 4997 sic
2251 4939 2630 5011 conquerendo
2665 4937 2987 5008 respondit:
3042 4953 3061 4986 ς
3110 4934 3180 4989 Se
3226 4935 3324 4989 sub
3371 4948 3486 4988 mo-

1921 5035 2130 5090 nastico
2157 5031 2348 5088 ordine
2375 5033 2542 5086 vitam
2568 5031 2783 5100 degere,
2815 5037 2869 5082 et
2900 5025 3178 5080 monachis
3205 5023 3488 5093 praelatum

1922 5134 1976 5181 et
2025 5125 2247 5180 beatiss.
2287 5121 2560 5177 Benedicti
2613 5120 2859 5174 instituta
2905 5129 3151 5179 servare,
3187 5112 3489 5180 regularem

1923 5217 2038 5285 ejus
2079 5216 2242 5270 vitam
2281 5214 2592 5277 observare,
2625 5210 2725 5265 nisi
2757 5208 2898 5278 quod
2933 5214 3154 5275 propter
3180 5203 3489 5272 angustiam

1925 5308 2024 5362 loci
2058 5322 2163 5361 non
2208 5319 2325 5359 eam
2369 5301 2682 5373 plenissime
2712 5298 2991 5354 custodire
3044 5311 3165 5350 cum
3215 5295 3328 5349 suis
3357 5293 3480 5348 vale

1925 5405 2028 5450 ret.
2065 5416 2083 5446 ι
2130 5395 2195 5448 Ει
2246 5393 2432 5461 paucis
2462 5388 2756 5456 interjectis
2788 5406 2800 5441 :
2830 5389 2877 5438 ἰ
2913 5385 3120 5452 Quibus
3145 5385 3366 5448 auditis,
3396 5398 3489 5437 rex

1927 5483 2106 5536 statim
2137 5482 2211 5534 ait
2245 5495 2258 5532 :
2289 5479 2345 5534 Si
2389 5495 2454 5534 ex
2483 5477 2681 5546 przedio
2713 5475 2826 5530 fisci
2879 5475 3050 5530 nostri
3091 5473 3290 5544 aliquid
3342 5471 3490 5525 vobis

1927 5572 2160 5626 vicinum
2183 5579 2286 5634 est,
2319 5578 2372 5624 ct
2398 5568 2499 5623 loci
2539 5567 2942 5638 opportunitate
2965 5580 3285 5634 congruum,
3323 5577 3479 5632 quan-

1931 5670 2040 5717 tum
2079 5669 2180 5714 tuae
2211 5660 2475 5715 sanctitati
2506 5658 2698 5728 placet,
2739 5666 2788 5712 et
2835 5657 2952 5722 tibi,
3000 5656 3209 5724 tuisque
3249 5653 3492 5710 sufficere

3983 5237 3985 5266 |

3981 5395 3985 5446 ξ

3981 5487 3985 5548 l

3983 5639 3985 5696 Ι
