4018 6324
518 264 679 321 1055⁷

1465 256 1555 308 AD
1595 255 1743 311 ore.
1779 230 1933 310 Vss.
1973 234 2301 312 GUIBERTl
2331 256 2417 310 nr.
2456 253 2855 312 NOVIGENTO'

3625 263 3747 323 1056

519 380 712 450 possit,
763 386 869 432 tam
900 377 951 431 in
982 374 1239 430 exercitio
1265 373 1465 442 operis,
1493 390 1658 452 quam
1692 375 1854 428 etiam
1905 373 1955 425 in
1997 387 2082 441 pa-
2113 376 2160 434 Α
2189 368 2490 439 implendo,
2516 371 2597 424 vel
2628 370 2730 424 alia
2769 372 3021 441 quaelibet
3048 374 3353 444 hujusmodi
3387 377 3526 433 bona
3553 385 3746 450 agendo

518 466 1034 534 scuajumentorum
1079 471 1133 516 et
1180 476 1436 529 pecorum
1483 463 1853 517 necessarium
1900 476 2090 516 conce-

518 556 727 621 dimus,
779 556 846 608 ad
878 568 1006 607 usus
1031 551 1279 607 videlicet
1325 564 1604 606 servorum
1649 553 1766 619 Dei,
1803 562 1907 608 etc.
1943 573 1962 605 ›
2000 553 2090 608 Sic

519 649 627 702 vita
644 654 811 700 manu
840 652 1084 697 exarata.

587 737 674 806 (⁸⁸)
710 733 838 787 lntn.
866 763 936 773 -—
970 731 1110 785 Bene
1137 735 1573 790 conversantium.
1604 735 1728 787 dum
1767 745 1813 789 et
1841 736 1949 803 ipse
1973 752 2088 788 nta-

448 868 455 871 .
516 841 672 878 nuum
722 824 873 877 labor
932 823 1132 877 sorduit
1184 824 1327 892 facta
1381 835 1454 878 est
1495 827 1705 879 raritas.
1757 845 1775 875 ι
1832 826 2092 884 Otiositas

513 917 655 971 enim
686 914 904 968 inimica
943 923 1026 968 est
1051 914 1245 967 aninmo
1277 932 1290 967 :
1323 923 1376 968 et
1401 915 1521 968 ideo
1550 916 1715 971 certis
1759 918 2087 984 temporibus

512 1005 767 1073 occupari
797 1004 1000 1059 debent
1044 1004 1240 1058 fratres
1286 1004 1338 1058 in
1382 1005 1563 1059 labore
1594 1022 1844 1059 manuum
1878 1026 1896 1057 ι
1935 1008 2087 1062 docet

513 1095 570 1149 S.
598 1095 919 1149 Benedictus
962 1094 1096 1163 Reg.
1142 1109 1259 1164 cap.
1292 1095 1381 1150 48.
1412 1094 1538 1150 Inde
1588 1095 1846 1161 inferunt,
1880 1096 2086 1150 volunt-

512 1201 618 1256 que
667 1186 915 1240 nonnulli
966 1188 1281 1250 monachos,
1336 1201 1444 1254 quo
1492 1186 1615 1241 vitae
1665 1188 1968 1242 necessaria
2006 1187 2086 1239 lu-

509 1280 761 1341 crentur,
827 1291 1083 1329 manuum
1129 1276 1299 1330 teneri
1338 1277 1550 1331 labore.
1602 1277 1672 1329 At
1718 1275 2087 1346 ohjurgatores

509 1365 840 1433 ejusccmodi
870 1365 1096 1419 multum
1133 1365 1475 1431 hallucinari,
1505 1365 1810 1434 duplicique
1846 1374 2083 1418 tantum-

510 1455 672 1509 modo
699 1455 766 1509 de
811 1470 973 1508 causa
1009 1470 1136 1530 suos
1164 1454 1464 1523 astringere
1492 1454 1617 1508 huic
1643 1454 1790 1522 operi
1822 1453 1882 1506 Β.
1913 1453 2084 1506 Bene-

510 1546 733 1613 dictum,
764 1547 1055 1614 indigitant
1082 1546 1353 1615 Rupertus
1374 1546 1563 1612 abbas,
1593 1547 1887 1616 Petrusque
1911 1546 2084 1600 Vene-

509 1638 695 1695 rabilis
721 1678 736 1704 ,
775 1648 834 1693 ut
874 1640 1158 1710 segnitiem
1200 1638 1437 1709 fugiant,
1480 1638 1760 1693 sublevent
1793 1648 2083 1707 pauperta-

508 1742 612 1785 tem
621 1769 635 1784 .

548 1823 735 1877 .Prior
757 1824 934 1889 itaque
960 1823 1055 1875 lib.
1081 1838 1161 1887 ιιι,
1197 1820 1261 1873 ad
1285 1836 1401 1891 cap.
1426 1820 1549 1874 illud
1593 1820 1827 1888 Regulze,
1864 1833 1987 1886 cap.
2014 1821 2035 1871 1
2067 1835 2081 1871 :

513 1932 531 1962 ι
567 1913 796 1980 Capituli
825 1912 981 1978 hujus
1010 1912 1214 1969 idcirco
1245 1910 1497 1973 memini,
1525 1924 1645 1963 cum
1675 1909 1740 1962 de
1786 1907 2088 1961 ministerio

512 2002 702 2057 altaris
746 2002 928 2056 dicere
978 2001 1372 2069 proposuerim,
1406 2015 1501 2053 cur
1530 1998 1851 2052 Benedictus
1902 1998 1953 2050 in
2001 2010 2086 2071 re-

513 2091 633 2161 gula
685 2091 819 2144 nihil
860 2091 1227 2154 ordinaverit;
1270 2089 1398 2157 quia
1448 2087 1699 2141 videlicet
1742 2086 1900 2140 hodie
1950 2101 2089 2138 non-

519 2182 694 2237 nullas
724 2184 932 2237 aninas
966 2181 1266 2253 ignorantia
1298 2179 1378 2233 sui
1414 2179 1748 2247 negligentes
1783 2178 1913 2231 facit
1942 2176 2084 2230 illius

506 2274 734 2328 interna:
786 2272 1245 2342 pulchritudinis,
1312 2280 1532 2339 propter
1589 2284 1751 2337 quam
1804 2267 1965 2337 582
2018 2266 2083 2320 ad

505 2368 646 2420 sacri
678 2366 861 2420 altaris
892 2364 1124 2419 cilicium
1160 2373 1480 2417 meruerunt
1519 2362 1736 2417 ascisci.
1786 2361 1919 2414 Nam
1954 2361 2080 2429 quia

506 2458 755 2512 monachi
788 2466 944 2524 sunt,
979 2467 1031 2510 ct
1063 2456 1254 2509 beatus
1305 2454 1630 2508 Benedictus
1668 2454 1946 2506 monachis
1992 2466 2083 2504 or-

503 2551 707 2606 dinavit
757 2565 892 2619 opus
945 2565 1196 2603 mannmn
1229 2588 1243 2613 ,
1296 2562 1433 2617 pene
1480 2546 1876 2599 obliviscuntur
1934 2542 2081 2611 quod

502 2642 815 2696 sacerdotes
841 2648 985 2704 sunt,
1020 2646 1127 2692 ctc.
1156 2637 1525 2706 Relinquenda
1577 2637 1683 2690 illis
1721 2644 1866 2691 esset
1895 2642 2081 2688 nostro

503 2730 720 2785 siientio
768 2744 863 2784 sua
911 2728 1164 2788 intentio.
1194 2727 1319 2795 quia
1373 2728 1568 2781 intenti
1614 2726 1759 2780 circa
1785 2739 1918 2793 opus
1965 2738 2081 2777 ma-

507 2837 699 2886 nuum,
733 2822 798 2875 de
825 2820 1137 2889 quotidiana
1174 2820 1540 2873 celebratione
1587 2818 1906 2880 missarum,
1954 2831 2077 2885 par-

505 2927 632 2965 vum
666 2920 760 2965 aut
805 2911 916 2964 fere
965 2910 1169 2963 nullum
1205 2909 1393 2963 dicunt
1443 2910 1645 2963 habere
1693 2909 1930 2963 studium
1976 2907 2079 2959 nisi

504 2999 907 3055 sollicitarent.»
949 2999 1084 3053 Tum
1103 3014 1225 3067 cap.
1265 3001 1300 3052 2
1344 3018 1355 3052 :
1390 3017 1408 3049 σ
1438 3000 1602 3069 Igitur
1632 3014 1964 3068 quascunque
1994 3013 2074 3063 es,

506 3105 540 3143 ο
575 3089 785 3143 anima!
844 3104 962 3158 quae
992 3088 1201 3142 sollicit:
1222 3089 1300 3144 ris
1343 3103 1373 3142 a
1401 3089 1704 3143 dicentibus
1737 3104 1748 3141 :
1783 3087 1895 3142 Non
1924 3097 2076 3157 potes

503 3178 593 3233 hic
639 3178 872 3245 salvari,
932 3179 1056 3247 quia
1091 3179 1158 3233 de
1208 3178 1392 3233 labore
1437 3193 1693 3232 manuum
1728 3186 1939 3230 tuarum
1971 3192 2074 3230 non

502 3268 660 3334 vivis,
692 3278 910 3339 propter
939 3278 990 3324 te
1020 3270 1122 3324 hoc
1152 3286 1182 3323 a
1215 3286 1301 3324 me
1329 3269 1535 3324 dictum
1572 3278 1698 3337 puta
1733 3282 1747 3321 :
1780 3268 1837 3322 Si
1862 3268 2078 3337 ignoras

506 3371 579 3427 te,
619 3376 651 3414 ο
679 3362 1045 3431 pulcherrima
1079 3362 1220 3416 inter
1256 3362 1533 3427 mulieres,
1572 3362 1850 3431 egredere,
1899 3369 1953 3414 et
1989 3360 2077 3415 abi

503 3464 621 3520 post
652 3454 872 3522 vestigia
905 3468 1155 3523 gregum,
1201 3462 1256 3506 et
1285 3467 1444 3521 pasce
1489 3454 1669 3507 haedos
1697 3453 1850 3520 juxta
1900 3451 2080 3505 taber-

500 3541 691 3595 nacula
721 3550 1021 3609 pastorum,
1057 3561 1075 3593 ι
1107 3550 1212 3596 etc.
1241 3542 1307 3596 Et
1338 3542 1499 3609 infra,
1523 3558 1641 3611 cap.
1668 3542 1699 3594 4
1727 3559 1738 3594 :
1769 3560 1786 3593 ι
1816 3541 1890 3594 De
1915 3556 2079 3609 opere

505 3643 782 3697 manuum,
814 3645 920 3698 quo
960 3630 1195 3685 maxime
1235 3632 1409 3686 victus
1445 3631 1766 3701 acquiritur,
1809 3631 1951 3698 quod
1994 3639 2081 3684 est

501 3734 679 3784 arare,
717 3720 1009 3784 seminare,
1061 3728 1116 3773 et
1163 3729 1388 3787 metere,
1439 3722 1728 3791 sylvasque
1776 3721 2075 3786 succidere,

502 3809 849 3879 perspicuum
892 3819 973 3863 est
1003 3810 1127 3878 quia
1158 3825 1261 3863 non
1286 3822 1370 3865 est
1409 3810 1687 3864 Benedicti
1726 3821 2075 3879 przeceptum,

507 3900 601 3952 sed
644 3900 1013 3965 tantummodo
1051 3900 1374 3969 permissum
1403 3939 1419 3966 ,
1466 3900 1581 3954 sive
1626 3901 1901 3969 patientim
1940 3899 2079 3954 sola-

504 3986 669 4044 tium.
729 4006 747 4038 ι
812 3997 915 4039 etc.
968 3987 1207 4057 Denique
1252 4003 1370 4057 cap.
1437 3988 1467 4040 7
1554 3988 1827 4058 Exemplis
1887 3990 2077 4057 probat

502 4075 601 4131 SS.
632 4077 891 4147 Gregorii,
921 4077 1123 4142 Mauri,
1155 4086 1259 4132 etc.
1290 4096 1307 4127 ι
1344 4076 1447 4143 Qui
1475 4077 1815 4131 monasteriis
1852 4078 1965 4132 suis
2003 4084 2080 4132 tot

500 4179 557 4225 et
592 4180 739 4225 tanta
777 4171 979 4241 pranlia
1019 4169 1390 4239 providerunt,
1436 4170 1522 4224 vel
1567 4178 1940 4238 susceperunt,
1972 4183 2077 4223 non

503 4263 617 4320 fore
648 4265 1028 4319 necessitatem
1060 4263 1343 4317 monachis
1382 4262 1583 4316 victum
1611 4261 1711 4315 sibi
1742 4274 1983 4329 qumrcre
2012 4259 2079 4312 de

501 4357 683 4412 labore
718 4372 976 4411 manuum
1014 4372 1273 4420 suarum,
1318 4364 1373 4408 et
1415 4369 1523 4408 non
1561 4352 1711 4423 argui
1754 4352 1856 4406 hoc
1887 4359 2073 4405 contra

502 4448 561 4502 Β.
598 4448 875 4503 Benedicti
904 4448 1101 4502 fecisse
1133 4446 1457 4500 institutum.
1490 4462 1510 4497 ›
1705 4449 1714 4459 ’

572 4536 826 4592 Secundo
856 4539 975 4592 loco
1006 4538 1200 4591 Petrus
1227 4536 1315 4590 ille
1346 4536 1611 4590 Venerab.
1642 4534 1808 4587 abbas
1831 4531 2071 4587 Cluniae.

499 4626 941 4681 Cistcrtiensium
1008 4627 1402 4695 objectionibus
1469 4625 1796 4693 respondet,
1861 4624 1953 4678 lib.
2018 4640 2073 4688 ι,

501 4715 661 4784 epist.
686 4715 758 4769 28
792 4733 805 4769 :
850 4733 869 4766 t
909 4716 1219 4781 Videamus,
1256 4714 1448 4782 inquit,
1481 4728 1588 4767 non
1620 4721 1825 4766 tantum
1851 4712 1981 4781 quid
2010 4713 2077 4766 de

501 4821 667 4876 opere
711 4824 968 4863 manuum
1019 4809 1202 4879 regula
1224 4805 1553 4877 'pratcipiat;
1586 4805 1680 4859 sed
1712 4805 1872 4860 etiam
1909 4820 2076 4873 quare

501 4895 630 4952 illud
659 4900 957 4967 prcecipiat.
1006 4898 1287 4961 Otiositas,
1326 4896 1426 4959 ait,
1474 4895 1692 4950 inimica
1737 4905 1820 4949 est
1850 4896 2073 4960 animar,

501 4997 556 5041 et
613 4988 734 5043 ideo
797 4990 961 5044 certis
1020 4989 1353 5057 temporibus
1402 4987 1599 5041 debent
1654 4986 1908 5055 occupari
1963 4986 2075 5038 fra-

502 5089 634 5145 tres,
691 5100 710 5131 ι
769 5088 877 5135 etc.
924 5079 1128 5133 Deinde
1160 5087 1282 5147 post
1311 5093 1481 5146 pauca
1527 5097 1538 5129 :
1598 5097 1615 5128 ι
1661 5076 1720 5131 Si
1766 5077 1888 5130 aliis
1920 5074 2077 5131 bonis

497 5172 747 5241 operibus
778 5188 1046 5241 occupare
1091 5186 1304 5241 semper
1338 5171 1503 5226 totius
1547 5171 1653 5226 diei
1693 5171 1926 5239 spatium
1962 5184 2077 5222 mo-

500 5262 657 5317 nachi
686 5273 945 5333 possunt,
999 5279 1121 5318 cum
1164 5267 1230 5321 ad
1282 5266 1384 5320 hoc
1431 5273 1640 5318 tantum
1673 5278 1739 5317 ne
1776 5262 1934 5317 otiosi
1971 5262 2079 5316 sint

504 5356 718 5422 operari
765 5356 1179 5425 praecipiantur;
1227 5373 1405 5413 nonne
1448 5356 1542 5411 illa
1570 5365 1790 5426 agentes
1818 5370 1849 5409 a
1871 5370 2078 5424 praeva-

504 5445 764 5501 ricatione
803 5446 1000 5517 regula:
1052 5447 1274 5501 omnino
1321 5447 1481 5501 alieni
1528 5430 2080 5514 permanent?'Plane

505 5535 597 5601 ita,
632 5545 778 5591 certe
811 5537 884 5591 ita
938 5558 947 5590 :
992 5538 1179 5605 velint,
1228 5538 1398 5591 nolint
1438 5535 1755 5600 adversarii,
1789 5545 1894 5591 etc.
1937 5537 2077 5606 Ergo

509 5625 553 5680 si
606 5626 843 5695 orando,
897 5627 1139 5696 legendo,
1194 5627 1486 5695 psallendo,
1540 5625 1778 5695 injuncta
1832 5627 2078 5697 religiose

2192 462 2403 515 animus
2436 468 2761 530 occupatur,
2813 464 2994 534 regula
3045 468 3282 536 perfecte
3322 480 3591 524 servatur.
3630 491 3647 524 ι
3689 473 3749 529 Et

2189 560 2308 622 post
2331 552 2435 606 alia
2462 552 2528 606 de
2563 561 2751 607 sancto
2778 553 2964 609 Mauro
2986 571 3168 628 agens,
3209 561 3433 630 ejusque
3456 565 3745 631 monachis,

2189 643 2304 697 haec
2356 640 2657 694 subiufert:
2696 660 2714 692 ι
2756 642 2824 698 Ut
2866 645 2991 713 quia
3040 647 3119 702 eis
3156 649 3275 705 sine
3312 651 3532 720 proprio
3581 652 3747 710 labore
3766 670 3779 691 θ

2189 743 2379 788 cuncta
2424 737 2730 793 necessaria
2764 738 3212 807 suppeditabant,
3258 743 3462 797 omisso
3506 758 3746 799 manuum

2190 824 2392 895 labore,
2428 829 2799 899 spiritualihus
2846 830 3151 896 exercitati,
3182 833 3342 886 otiosi
3383 848 3490 886 non
3540 844 3745 898 essent;

2190 918 2374 987 sicque
2408 919 2508 973 sibi
2539 934 2709 988 nuper
2748 934 2777 972 a
2818 929 3007 974 saneto
3047 920 3338 976 Benedicto
3369 924 3627 977 traditam
3656 924 3748 980 Be-

2188 1005 2392 1074 gnlam,
2427 1007 2565 1059 bona
2598 1022 2813 1076 semper
2844 1009 3140 1076 operando,
3171 1012 3372 1079 Optime
3403 1023 3698 1067 servarent.
3727 1035 3742 1066 ι

2188 1096 2261 1149 Ita
2298 1098 2651 1162 Venerabilis,
2679 1099 2769 1168 qui
2803 1108 3007 1154 statuto
3035 1116 3131 1155 suo
3154 1102 3243 1167 58,
3265 1111 3321 1155 ut
3351 1103 3741 1165 monachorum,

2187 1201 2372 1240 eorum
2422 1188 2656 1242 maxime
2704 1190 2796 1257 qui
2833 1192 3080 1246 conversi
3134 1191 3390 1246 dicuntur
3419 1232 3435 1256 ,
3502 1192 3745 1247 desidiam

2185 1278 2529 1347 propelleret,
2562 1279 2801 1333 laborem
2829 1296 3084 1333 manuum
3128 1281 3375 1350 imperat.

2258 1368 2426 1434 Quam
2460 1369 2515 1421 in
2547 1384 2660 1422 rem
2686 1379 2908 1425 sanctus
2938 1370 3300 1441 Hieronymus
3331 1371 3397 1425 ad
3435 1370 3741 1427 Rusticum:

2192 1477 2208 1509 ι
2250 1457 2624 1529 JEgyptiorum
2664 1463 2991 1516 monasteria
3034 1464 3176 1517 hunc
3205 1478 3411 1517 morem
3462 1474 3669 1529 tenent,
3696 1477 3747 1519 ut

2186 1550 2392 1602 nullum
2443 1550 2645 1619 absque
2673 1553 2852 1621 operis
2884 1553 3065 1608 labore
3118 1556 3444 1625 suscipiant,
3500 1572 3605 1609 non
3652 1565 3765 1609 tam‘

2186 1650 2406 1710 prepter
2455 1643 2628 1697 victus
2660 1645 3072 1709 necessitatem,
3105 1662 3264 1715 quam
3310 1657 3532 1717 propter
3570 1649 3746 1703 anima:

2119 1713 2159 1771 Β
2189 1729 2438 1792 salutem,
2490 1746 2557 1785 ne
2595 1744 2826 1801 vagetur
2868 1713 3189 1802 perniciosis
3244 1713 3658 1807 cogita—tionibus
3699 1747 3765 1792 ct.

2188 1821 2362 1875 instar
2396 1821 2716 1877 fornicantis
2746 1822 3046 1879 Jerusalem
3087 1828 3234 1881 omni
3279 1830 3583 1882 transeunti
3614 1829 3748 1882 diva-

2188 1908 2322 1963 ricet
2347 1912 2508 1978 pedes
2540 1927 2687 1967 suos.
2724 1932 2741 1964 ι
2776 1913 3002 1967 Clericis
3032 1915 3199 1969 nimio
3227 1917 3340 1970 otio
3364 1930 3432 1971 ne
3458 1915 3769 1983 aliiuerent,.

2186 2013 2249 2052 ac
2280 2010 2582 2068 torperent,
2615 2016 2767 2070 atque
2795 2018 2858 2057 ac
2892 2004 3172 2058 monachis
3207 2005 3336 2059 olim
3378 2021 3633 2059 manuum
3674 2007 3745 2060 in-

2185 2088 2361 2143 dictus
2390 2090 2541 2143 labor
2572 2108 2599 2143 a
2634 2090 2691 2144 S.
2721 2092 2998 2147 Clemente
3029 2092 3294 2159 Romano,
3322 2094 3512 2150 Const.
3545 2096 3596 2159 1,
3634 2110 3742 2166 cap.

2185 2179 2275 2245 67,
2306 2182 2502 2235 concil.
2544 2183 2797 2253 Carthag.
2828 2201 2882 2239 tv
2912 2226 2927 2251 ,
2979 2200 3100 2240 can.
3145 2186 3205 2241 51
3235 2195 3288 2242 et
3312 2187 3413 2253 52;
3445 2187 3501 2242 S.
3533 2187 3761 2257 August.

2183 2267 2238 2334 2,
2270 2278 2490 2325 rctract.
2517 2273 2607 2337 21,
2638 2282 2691 2325 et
2719 2272 2857 2327 aliis.

2256 2359 2342 2429 (³⁸)
2367 2360 2495 2413 Ιωι).
2539 2391 2610 2401 -
2638 2361 2827 2415 Rerum
2863 2362 3145 2433 antiquitus
3170 2366 3414 2419 datarum
3446 2367 3744 2420 exuberante

2183 2452 2350 2519 capia.
2401 2451 2573 2518 Quam
2618 2453 2687 2508 ob
2729 2469 2948 2508 causam
2989 2454 3463 2512 Benedictinorum
3516 2458 3743 2513 emnohia

2184 2542 2435 2597 maximis
2476 2543 2670 2614 opibus
2713 2543 2915 2602 fuerint
2957 2548 3166 2612 orbata,
3206 2548 3550 2603 ostendimus
3575 2562 3742 2617 supra.

2183 2632 2378 2688 Paucis
2419 2650 2562 2689 nunc
2600 2650 2706 2706 qua
2732 2637 2945 2692 ratione
2976 2638 3028 2691 in
3067 2647 3274 2692 tantum
3302 2639 3510 2693 divitiis
3539 2654 3743 2694 crevere

2182 2725 2490 2779 dicendum.
2532 2727 2771 2782 Diversis
2813 2729 3111 2784 attribuere
3147 2728 3324 2785 solent
3353 2730 3534 2784 causis
3571 2739 3757 2783 auctoo.

2185 2829 2270 2869 res
2302 2833 2315 2869 :
2350 2816 2440 2869 alii
2469 2832 2654 2884 regunt
2693 2818 3065 2888 principumve
3125 2819 3434 2885 beneficiis,
3461 2818 3743 2889 opulentio-

2184 2908 2331 2962 ribus
2362 2909 2467 2963 illis
2506 2910 2618 2973 alii,
2649 2911 2741 2980 qui
2775 2910 3095 2965 monachum
3121 2910 3407 2965 induentes
3430 2911 3743 2965 monasterio

2180 2998 2379 3066 praedia
2418 2999 2694 3069 complura
2733 2999 3112 3068 acquircbant;
3152 3000 3392 3056 nonnulli
3434 3001 3739 3055 Ascetarum

2180 3087 2421 3158 diligenti
2454 3103 2515 3143 ac
2551 3088 2749 3143 sedulae
2776 3088 3263 3154 administrationi;
3297 3104 3402 3144 non
3429 3088 3588 3158 pauci
3628 3103 3749 3142 vero.

2181 3178 2279 3243 iis,
2298 3178 2386 3247 qui
2419 3177 2680 3249 singulari
2711 3177 2955 3232 doctrina
2984 3178 3269 3243 florebant,
3300 3178 3516 3248 publice
3546 3177 3741 3230 scholas

2183 3268 2467 3331 tenebant;
2496 3267 2677 3321 caeteri
2713 3267 2928 3321 tandem
2975 3267 3199 3337 integra:
3239 3266 3632 3320 mundanorum
3657 3266 3739 3318 ab-

2179 3355 2457 3421 dicationi,
2497 3371 2560 3410 ac
2588 3355 2843 3426 perfecta:
2883 3357 3271 3410 monachorum
3318 3356 3375 3410 S.
3427 3354 3619 3424 regulae
3654 3355 3735 3408 ob-

2179 3446 2471 3500 servationi
2524 3445 2706 3515 (quod
2744 3454 2800 3500 et
2846 3461 2876 3498 a
2926 3446 3081 3501 nobis
3127 3445 3374 3515 superius
3411 3444 3737 3499 observatum

2178 3538 2309 3604 est).
2364 3538 2435 3591 At
2477 3538 2817 3607 potissimum
2868 3536 3161 3592 solemnem
3215 3546 3378 3606 atque
3418 3535 3735 3606 religiosissi-

2179 3644 2324 3682 mam
2354 3628 2501 3682 illam
2532 3644 2654 3683 cum
2680 3628 2870 3683 ordine
2914 3634 3096 3681 natam
3129 3626 3598 3690 consuetudinem,
3622 3640 3733 3695 pau-

2179 3719 2401 3789 peribus
2483 3720 2876 3790 erogandarum
2940 3718 3194 3773 continuo
3252 3716 3733 3786 'eleemosynarutn,

2180 3798 2559 3883 hospitumque
2587 3813 3072 3882 suscipiendorum,
3099 3813 3253 3883 juxta
3285 3812 3482 3881 regula:
3507 3811 3736 3882 praescri-

2179 3914 2367 3973 ptum,
2413 3905 2755 3959 occasionem
2802 3903 3079 3959 exstitisse
3117 3903 3249 3957 mihi
3296 3903 3636 3972 perspicuum
3669 3900 3732 3952 vi-

2179 3997 2341 4051 detur
2375 4015 2387 4049 :
2421 3998 2618 4066 quippe
2644 4003 2865 4050 sanctus
2914 3994 3239 4049 Benedictus
3266 3993 3560 4063 discipulos
3588 3992 3733 4045 haece

2179 4086 2421 4141 doctrina
2464 4088 2732 4141 imbuerat
2781 4103 2794 4139 :
2853 4104 2872 4136 ‹
2910 4085 3183 4155 Pauperes
3233 4098 3504 4147 recreare,
3553 4082 3729 4134 nudum

2179 4177 2377 4231 vestire
2402 4216 2419 4242 ,
2461 4186 2731 4230 mortuum
2762 4175 3032 4246 sepelire.
3082 4194 3099 4226 ι
3148 4190 3260 4243 reg.
3294 4188 3413 4242 cap.
3445 4171 3511 4238 4;
3556 4170 3727 4224 instra.

2180 4268 2265 4331 14,
2321 4268 2412 4330 15,
2460 4269 2526 4321 16
2567 4286 2580 4321 :
2633 4285 2650 4317 ‹
2685 4282 2876 4321 omnes
2922 4266 3161 4335 hospites
3203 4274 3456 4332 tanquam
3505 4262 3729 4317 Christus

2180 4358 2570 4427 suscipiantur,
2595 4366 2701 4412 etc.
2730 4356 3031 4426 Pauperum
3065 4366 3116 4409 ct
3143 4356 3553 4424 peregrinorum
3583 4351 3729 4406 maxi-

2179 4462 2264 4500 me
2319 4446 2592 4515 susceptio
2632 4445 2776 4500 onmi
2811 4460 2938 4498 cura
2970 4444 3199 4499 sollicite
3241 4443 3584 4508 cxhibeatur,
3621 4441 3727 4509 quia

2177 4538 2349 4608 magis
2396 4538 2449 4592 in
2480 4539 2559 4593 eis
2599 4538 2849 4591 Christus
2873 4537 3167 4606 suscipitur
3198 4556 3216 4589 ›
3260 4552 3384 4605 cap.
3432 4536 3524 4599 53,
3555 4550 3584 4587 a
3625 4547 3726 4587 ma-

2177 4630 2348 4699 gistro
2378 4630 2521 4684 enim
2545 4629 2783 4705 omnium
2813 4643 2877 4682 ae
2905 4627 3135 4682 Domino
3165 4629 3430 4683 didicerat
3455 4644 3469 4678 :
3499 4644 3517 4676 ι
3542 4624 3662 4679 Date
3683 4633 3727 4677 et

2180 4723 2378 4776 labitur
2410 4723 2594 4787 vobis,
2644 4740 2661 4772 ›
2706 4729 2812 4775 etc.
2848 4719 3174 4790 Sciebatque
3212 4720 3583 4788 experimento
3617 4714 3727 4770 illud

2178 4810 2298 4880 (uti
2359 4811 2546 4865 videre
2586 4819 2669 4864 est
2732 4811 2784 4864 in
2813 4810 2927 4877 ejus
2966 4809 3108 4871 Vita,
3154 4808 3357 4877 Dialog.
3419 4807 3478 4860 S.
3521 4806 3726 4873 Gregor.

2178 4901 2270 4955 lib.
2313 4916 2381 4966 Il,
2420 4916 2536 4971 cap.
2564 4901 2623 4954 21
2654 4909 2707 4954 et
2734 4900 2847 4968 29,)
2886 4917 2903 4949 ι
2937 4897 3233 4951 Feueratur
3262 4896 3489 4949 Domino
3527 4894 3613 4963 qui
3645 4892 3727 4944 mi-

2178 4998 2389 5044 seretur
2428 4990 2715 5058 pauperis;
2779 4997 2834 5042 et
2890 4986 3312 5040 vicissitudinem
3364 4985 3555 5038 reddet
3594 4982 3655 5037 ei.
3706 4997 3720 5028 ι

2180 5081 2359 5150 (Prov.
2388 5096 2500 5143 xxx,
2536 5080 2644 5148 17.)

2252 5171 2437 5226 Solcre
2463 5179 2644 5225 autem
2666 5171 2721 5224 in
2744 5169 3088 5224 monasteriis
3114 5182 3464 5236 quoscunque
3489 5178 3723 5237 pauperes

2180 5264 2355 5333 excipi
2410 5278 2475 5317 ac
2508 5260 2692 5326 solari,
2739 5277 2898 5330 supra
2930 5273 3216 5313 numerum
3272 5258 3575 5313 testimonia
3621 5248 3721 5310 cuin

2181 5357 2291 5410 sint
2314 5355 2473 5410 obvia
2502 5394 2518 5420 ,
2571 5352 2818 5409 consulto
2849 5350 3188 5420 prmtcrimus
3216 5366 3229 5401 :
3261 5363 3428 5401 unum
3467 5349 3721 5408 duntaxat,

2181 5457 2236 5500 ct
2281 5445 2508 5508 alterum
2551 5458 2618 5497 ex
2667 5441 2894 5495 vetustis
2948 5438 3281 5493 membranis
3329 5437 3617 5491 eruendum
3649 5433 3722 5488 de-

2182 5537 2366 5591 lectat.
2403 5533 2783 5590 Nobilissimus
2813 5531 2979 5585 abbas
3019 5529 3075 5583 S.
3103 5528 3401 5583 Adalardus
3429 5524 3722 5582 Corbeiense

2185 5642 2377 5697 regens
2406 5624 2707 5684 cwnobium
2742 5624 2925 5679 isthaec
2952 5622 3234 5677 ordinavit.
