3982 6346
254 373 393 429 1057

1466 372 1673 427 DOMNI
1707 372 1769 427 L.
1813 372 2153 427 D’ACIlERY
2184 371 2411 428 NOTAE.

3377 386 3510 442 1058

330 508 348 539 ‹
386 488 789 545 Constituimns
840 487 904 541 ad
950 487 1266 556 hospitalem
1334 503 1646 557 pauperum,
1705 501 1837 556 quo-
1866 491 1911 550 Λ
1944 487 1994 540 id
2043 493 2128 542 est
2177 487 2229 540 in
2260 489 2472 555 vitulis,
2522 491 2572 544 in
2618 490 2953 557 vervecibus,
2985 493 3066 547 vel
3117 496 3366 555 omnibus
3392 512 3512 567 qua:

252 577 383 631 tidie
424 576 551 630 dare
600 590 767 645 panes
825 576 891 631 de
963 577 1187 630 mistura
1250 574 1423 631 laetos
1482 576 1835 646 quadraginta

244 666 509 735 quinque,
536 663 795 718 librarum
826 665 1010 729 trium,
1039 674 1095 719 et
1115 664 1371 728 dimidim,
1402 666 1542 719 etde
1567 664 1835 720 frumento

246 757 333 811 vel
372 756 566 826 spelta,
606 768 775 825 panes
808 755 1050 824 quinque
1082 756 1269 825 quales
1298 755 1496 809 vassali
1531 755 1828 825 accipiunt;

247 857 309 903 ut
358 849 488 902 ﬁant
530 847 692 902 simul
729 847 1140 918 quinquaginta.
1208 845 1312 915 Ipsi
1358 860 1488 900 vero
1525 860 1692 915 panes
1730 846 1833 900 isto

244 938 410 991 modo
436 938 746 1003 partiantur
768 978 782 1002 ,
825 945 884 991 ut
924 936 1203 991 duodecim
1235 951 1518 1005 pauperes,
1547 937 1637 1005 qui
1668 951 1832 1006 supra

244 1034 461 1080 noctem
507 1026 577 1079 ibi
625 1035 866 1090 manent,
906 1026 1178 1094 accipiant
1217 1025 1413 1094 singuli
1464 1026 1833 1095 unusquisque

244 1129 441 1183 panem
497 1132 683 1182 suum;
714 1124 770 1171 et
818 1117 870 1171 in
925 1117 1225 1171 crastinum
1257 1117 1629 1186 unusquisque
1669 1117 1831 1171 dimi-

246 1204 392 1258 dium
422 1206 489 1258 ad
529 1205 808 1259 viaticum.
867 1202 1213 1273 Hospitalarii
1266 1214 1444 1258 autem
1488 1205 1565 1269 ii,
1616 1206 1705 1274 qui
1756 1205 1829 1259 ibi

244 1296 660 1361 deserviuntur,
693 1296 758 1350 de
786 1310 946 1364 supra
973 1295 1176 1364 scripto
1206 1310 1432 1349 numero
1462 1297 1830 1365 unu3(]uisqne

244 1402 441 1456 panem
467 1403 657 1442 unum.
693 1386 826 1440 Nam
872 1402 1039 1456 panes
1082 1385 1319 1456 quinque
1354 1385 1705 1441 frumentacei
1734 1388 1828 1441 dc-

242 1476 379 1532 bent
404 1478 595 1547 partiri
622 1477 763 1532 inter
788 1478 1099 1548 peregrinos
1128 1477 1375 1542 clericos,
1405 1478 1495 1548 qui
1519 1478 1571 1532 in
1599 1478 1832 1534 refec‘to-

229 1567 384 1621 rium
427 1569 719 1637 ducuntur,
744 1571 815 1624 ad
837 1570 1112 1636 viaticum,
1135 1580 1189 1624 ct
1215 1570 1457 1626 inﬁrmos
1487 1570 1576 1640 qui
1604 1570 1678 1625 ibi
1706 1585 1829 1626 sns-

243 1668 541 1717 tentantur.

386 1750 564 1820 Ipsam
618 1761 798 1805 tamen
858 1752 1294 1807 distributionem
1346 1767 1546 1821 panum
1600 1752 1826 1806 arbitrio

1938 578 2138 630 dantur
2161 578 2226 631 de
2250 578 2500 649 gregibus
2525 582 2785 648 porta-rio,
2809 583 2973 637 etiam
3005 582 3057 637 in
3090 584 3331 640 caballis.
3428 592 3438 602 '

2013 685 2032 718 ι
2079 668 2298 739 Insuper
2324 671 2686 740 disposuimus
2708 673 2838 728 dare
2867 675 2967 743 ipsi
2992 690 3152 745 supra
3184 690 3511 732 commemo-

1936 765 2054 811 rato
2082 758 2454 826 bospitalario,
2483 762 2549 815 de
2574 762 2720 818 omni
2753 773 2977 834 argento
3000 765 3256 834 quidquid
3280 768 3351 821 ad
3382 782 3510 836 por—

1936 855 2042 902 tam
2073 849 2303 912 venerit,
2351 850 2594 918 quintam
2650 861 2883 919 partem,
2916 869 3014 924 per
3043 870 3233 910 manus
3282 858 3509 926 portarii

1935 936 2186 1001 senioris,
2216 937 2281 991 de
2305 952 2413 1005 quo
2438 949 2662 1009 argento
2692 942 2852 996 talem
2876 944 3142 999 voluimus
3170 944 3283 1000 ﬁeri
3327 946 3511 1001 distri-

1933 1024 2232 1086 butionem,
2297 1031 2358 1077 ut
2402 1039 2506 1078 non
2569 1026 2748 1081 minus
2797 1031 3037 1096 quotidie
3082 1048 3242 1100 quam
3282 1043 3511 1102 quatuor

1936 1114 2143 1167 denarii
2177 1115 2402 1181 dentur;
2440 1124 2493 1169 et
2530 1118 2786 1172 si'minor
2816 1120 2979 1173 fuerit
3005 1134 3284 1187 numerus,
3307 1126 3372 1181 de
3395 1126 3509 1195 ipsa

1932 1205 2116 1272 quinta
2142 1220 2300 1274 quam
2334 1206 2581 1265 subicere
2609 1208 2783 1276 possit
2811 1210 2877 1262 ad
2911 1211 3045 1264 hanc
3075 1213 3507 1272 distributionem

1933 1293 2302 1361 quotidianam
2330 1294 2654 1358 faciendam,
2689 1298 2856 1353 abbas
2878 1299 2928 1352 si
2973 1300 3087 1352 vult
3146 1304 3389 1371 suppleat
3410 1307 3510 1359 ali-

1932 1383 2100 1447 unde;
2133 1391 2188 1436 et
2214 1384 2259 1437 si
2290 1385 2428 1447 ultra
2453 1388 2705 1451 creverit,
2736 1402 2839 1441 non
2890 1388 3259 1445 subtrahatur.

2008 1491 2029 1524 ι
2073 1472 2239 1543 Ligna
2293 1483 2473 1528 autem
2535 1476 2814 1545 provideat
2861 1480 3131 1546 portarius
3186 1484 3511 1552 pauperibus

1931 1565 2223 1618 secundum
2260 1568 2727 1633 consuetudinem,
2759 1568 2840 1623 vel
2868 1578 3061 1623 caetera
3092 1587 3209 1639 quae
3236 1573 3321 1627 hic
3372 1576 3508 1629 scri-

1931 1663 2021 1723 pta
2051 1670 2157 1709 non
2192 1657 2479 1722 habentur,
2531 1659 2671 1713 sicut
2711 1670 2839 1714 sunt
2891 1663 3052 1729 panni
3083 1663 3393 1728 in_lcetulis,
3423 1668 3506 1720 vel

1930 1761 2058 1799 vasa
2085 1756 2140 1800 et
2178 1756 2375 1801 caetera
2409 1763 2653 1819 quaeque.
2709 1750 2833 1805 llaec
2876 1753 3059 1806 omnia
3094 1768 3255 1823 supra
3304 1757 3507 1832 scripta

240 1842 405 1914 583
435 1844 802 1898 commitimus
837 1844 1206 1913 liospitalarii,
1248 1858 1309 1898 ea
1337 1843 1582 1898 videlicet
1620 1843 1827 1898 ratione
1862 1832 1901 1889 Β
1929 1834 1996 1888 de
2023 1834 2107 1889 his
2128 1850 2246 1903 qua:
2274 1837 2341 1890 ad
2373 1847 2582 1906 ponam
2626 1840 2848 1894 veniunt
2878 1852 3098 1911 propter
3126 1843 3252 1901 illud
3292 1845 3506 1914 supple-

240 1944 304 1989 ut
344 1936 390 1990 si
438 1936 649 1990 venerit
693 1936 865 2006 major
910 1952 1169 1991 numerus
1206 1951 1523 2005 pauperum,
1564 1942 1653 1988 aut
1680 1935 1822 2003 plus,

236 2036 336 2081 aut
379 2029 578 2093 minus,
634 2027 969 2097 indigentes,
1012 2028 1152 2081 sicut
1203 2035 1329 2081 sunt
1377 2026 1553 2079 inedia
1603 2025 1822 2089 defecti,

237 2127 337 2171 aut
391 2118 598 2187 pueruli
659 2118 909 2188 parvuli,
978 2118 1093 2188 ipse
1140 2116 1418 2173 discernat
1465 2114 1623 2184 juxta
1682 2116 1823 2185 quod

237 2218 477 2278 oportet.

313 2318 331 2351 ι
381 2300 531 2367 Quod
567 2300 609 2354 si
660 2298 945 2370 contigerit
988 2297 1167 2368 aliquo
1220 2306 1458 2366 tempore
1509 2296 1686 2351 minus
1732 2309 1824 2350 ve-

231 2388 357 2443 nire
399 2403 689 2458 pauperes,
740 2389 854 2457 ipse
901 2388 1282 2456 bospitalarius
1338 2394 1391 2439 et
1437 2385 1713 2453 magister,
1768 2392 1823 2440 et

235 2478 423 2533 senior
451 2478 723 2547 portarins
752 2480 802 2532 in
832 2480 1150 2533 memoriam
1189 2475 1515 2531 omnimodis
1565 2475 1817 2540 habeant,

218 2578 444 2638 quanto
469 2562 933 2639 de'suprascripto
960 2585 1187 2625 numero
1232 2578 1453 2639 propter
1492 2567 1819 2638 paucitatem

230 2658 567 2713 venientium
601 2657 781 2714 minus
809 2660 1174 2728 dispensatur,
1207 2669 1267 2715 ut
1294 2660 1490 2715 iterum
1534 2672 1658 2713 cum
1701 2657 1821 2728 plu-

224 2762 326 2803 res
348 2749 619 2815 venerint,
645 2750 787 2819 quod
814 2751 1076 2804 remansit
1106 2750 1471 2820 dispensetur.

312 2856 332 2888 ι
375 2826 599 2893 Caateris
628 2854 757 2894 vero
779 2839 1104 2909 pauperibus
1132 2840 1498 2905 venientibus,
1543 2846 1599 2894 et
1626 2839 1814 2895 eadem

235 2927 327 2982 die
377 2929 787 2994 recedentibus,
842 2930 981 2985 solet
1028 2930 1142 2985 dari
1191 2931 1523 3000 quartarius,
1563 2930 1649 2986 vel
1678 2932 1818 2986 sicut

234 3017 493 3086 diximus,
517 3020 671 3090 juxta
694 3021 837 3090 quod
866 3020 1252 3091 bospitalarius
1277 3021 1573 3091 providerit
1605 3022 1659 3076 in
1699 3030 1815 3076 ma-

227 3108 339 3177 jori
382 3108 464 3165 vel
506 3107 706 3164 minori
737 3124 960 3165 numero
989 3120 1081 3164 aut
1113 3111 1438 3165 necessitate
1480 3110 1811 3180 compedirc,

231 3202 674 3270 eompanaticns,
728 3211 819 3256 aut
878 3203 1174 3257 secundum
1219 3202 1665 3257 consuetudinem
1711 3204 1810 3255 tri-

232 3289 446 3345 buatur.

311 3400 330 3433 σ
379 3382 453 3437 De
476 3392 605 3453 potu
646 3392 827 3438 autem
856 3384 1012 3439 detur
1039 3385 1281 3453 quotidie
1303 3383 1513 3439 modius
1538 3383 1810 3449 dimidius,

230 3473 285 3525 id
328 3482 412 3528 est
451 3476 674 3529 sextarii
722 3492 844 3541 tvm,
885 3477 949 3531 de
990 3478 1185 3545 quibus
1224 3476 1534 3530 dividuntur
1587 3491 1699 3529 sex.
1735 3491 1807 3542 iv,

232 3562 375 3616 inter
399 3563 517 3619 illos
550 3581 623 3617 xu
652 3565 1072 3634 suprascriptos,
1105 3566 1178 3619 ita
1221 3574 1280 3617 ut
1321 3564 1690 3633 unusquisque
1721 3580 1811 3619 ac-

228 3654 395 3722 cipiat
440 3655 637 3710 calices
676 3656 829 3710 duos.
876 3656 955 3709 Ex
1003 3657 1122 3710 aliis
1168 3670 1380 3730 quoque
1432 3664 1682 3724 quatuor,
1715 3671 1809 3710 sex

229 3744 430 3797 dantur
461 3744 699 3811 clericis,
732 3746 928 3814 quibus
978 3747 1142 3816 pedes
1184 3746 1432 3800 lavantur
1460 3761 1488 3799 a
1530 3746 1806 3813 fratribus,

222 3836 522 3906 unicuique
562 3838 698 3892 calix
740 3854 903 3899 unus,
938 3847 993 3893 et
1024 3839 1341 3892 Wileranno
1387 3838 1635 3893 servitori
1668 3840 1808 3893 calix

226 3940 399 3992 unus;
431 3929 573 3995 quod
601 3928 874 3982 residuum
900 3926 1082 3991 fuerit,
1131 3927 1184 3980 in
1213 3926 1442 3981 arbitrio
1472 3927 1804 3996 liospitalarii

228 4012 603 4081 relinquimus,
633 4016 901 4083 quomodo
941 4015 1069 4069 illud
1093 4016 1205 4070 sive
1248 4016 1503 4083 inﬁrmis,
1545 4017 1657 4071 sive
1688 4016 1807 4071 aliis

226 4104 553 4172 pauperibus
589 4106 814 4159 dividat.
848 4106 921 4160 De
949 4106 1074 4161 vino
1106 4116 1287 4161 autem
1333 4106 1440 4161 erit
1481 4109 1534 4160 in
1583 4108 1805 4161 arbitrio

222 4191 461 4257 prioris.

302 4301 321 4333 ‹
366 4283 708 4340 lnﬁrmorum
745 4294 922 4341 autem
956 4288 1337 4343 necessitatem
1391 4285 1572 4342 senior
1619 4300 1803 4357 porta-

220 4372 341 4427 rins
386 4375 546 4428 debet
587 4376 740 4445 juxta
792 4378 1207 4447 possibilitatem
1242 4376 1556 4447 providere,
1612 4378 1724 4433 sive
1749 4378 1799 4431 in

216 4461 365 4527 cibo,
402 4462 517 4518 sive
566 4464 619 4518 in
652 4476 801 4533 potu,
846 4466 900 4520 in
940 4467 1024 4521 his
1082 4467 1242 4521 rebus
1276 4481 1396 4536 quae
1450 4467 1800 4536 hospitalario
1834 4499 1876 4552 η

223 4550 420 4605 desunt
442 4551 506 4607 ad
527 4567 661 4622 opus
684 4554 1045 4609 inﬁrmorum.

300 4657 321 4690 ε
366 4641 432 4694 Ει
460 4643 504 4696 si
534 4644 825 4713 contigerit
847 4647 1032 4700 venire
1054 4646 1367 4716 peregrinos
1401 4646 1465 4700 de
1496 4646 1798 4717 longinquis

221 4733 541 4800 provinciis,
573 4736 663 4804 qui
699 4751 859 4805 supra
909 4738 1168 4806 scriptum
1201 4750 1484 4790 numerum
1516 4737 1795 4805 excedant,

222 4824 493 4891 portarius
519 4827 803 4895 provideat
826 4828 905 4883 cis
933 4844 1053 4898 quae
1083 4828 1385 4883 necessaria
1432 4836 1576 4891 sunt,
1626 4828 1697 4881 ita
1741 4836 1797 4883 ut

224 4928 329 4967 non
354 4916 626 4971 minuatur
651 4920 941 4989 quicquam
966 4922 1031 4975 de
1069 4921 1151 4975 his
1184 4935 1304 4990 qum
1331 4919 1662 4990 quotidianis
1685 4919 1798 4974 die-

222 5007 323 5060 bus
349 5007 602 5076 deputata
638 5019 783 5064 sunt.

297 5117 315 5149 ι
363 5100 627 5156 Addimus
656 5103 818 5156 etiam
852 5104 917 5159 de
946 5104 1322 5174 companatico
1350 5104 1403 5158 in
1427 5104 1575 5159 cibos
1598 5116 1798 5174 paupe-

223 5204 341 5243 rum
389 5192 455 5244 ad
492 5207 688 5261 pensas
732 5209 837 5247 xxx
863 5234 879 5259 ,
918 5209 1037 5264 quae
1076 5196 1273 5249 dantur
1318 5195 1458 5249 inter
1483 5209 1699 5249 caseum
1742 5202 1798 5248 et

223 5277 462 5347 lardum,
515 5292 570 5335 et
618 5284 826 5339 modios
868 5300 976 5338 xxx
1016 5285 1082 5339 de
1127 5284 1518 5354 leguminibus;
1549 5286 1793 5353 quintam

223 5378 431 5437 partem
455 5374 519 5425 de
544 5372 775 5439 decima,
802 5389 962 5443 quam
990 5376 1188 5445 accipit
1220 5375 1494 5445 portarius
1518 5389 1546 5427 a
1575 5375 1795 5429 cellera-

222 5461 306 5516 rio
336 5462 402 5515 de
430 5463 698 5533 anguillis,
732 5466 815 5519 vel
858 5479 1017 5521 casco
1062 5475 1301 5532 recente,
1345 5464 1436 5534 qui
1471 5464 1794 5519 constitutus

222 5558 305 5604 est
328 5552 456 5605 dare
481 5553 547 5607 de
580 5555 768 5608 decem
812 5555 1211 5620 berbicariciis;
1267 5568 1363 5608 nec
1410 5569 1514 5608 non
1536 5553 1679 5608 etde
1702 5553 1793 5609 illo

220 5639 314 5706 qui
334 5638 400 5693 de
433 5641 575 5696 villis
604 5643 888 5699 dominicis
927 5646 1086 5700 datur
1109 5644 1161 5698 in
1187 5644 1470 5699 decimam.

297 5748 317 5781 ι
365 5728 628 5788 Similiter
652 5748 864 5790 omnem
892 5739 1135 5805 quintam
1152 5734 1373 5791 decimae
1390 5735 1455 5797 dc
1472 5733 1787 5802 pecudibus,

1928 1935 2169 1981 mentum
2211 1930 2444 1999 argenti,
2476 1930 2614 1986 sicut
2653 1946 2816 2002 supra
2872 1945 3350 1990 commemoratum
3398 1946 3502 2003 est,

1926 2017 2142 2075 dentur.

2001 2126 2019 2159 ι
2064 2107 2288 2179 Insuper
2316 2111 2549 2181 accipiat
2590 2114 2971 2183 liOSpitalarins
3009 2130 3036 2169 a
3085 2120 3389 2173 camerario
3415 2134 3508 2173 ve-

1923 2198 2201 2264 stimenta,
2218 2200 2302 2255 vel
2321 2200 2683 2259 calceamenta
2700 2204 2927 2259 fratrum
2949 2212 3154 2271 vetera,
3180 2208 3504 2277 pauperibus

1925 2287 2205 2344 tribuenda
2239 2295 2531 2346 secundum
2552 2295 3017 2349 consuetudinem.

1984 2393 2003 2427 ι
2048 2374 2410 2435 Obsecramus
2438 2380 2601 2452 igitur
2626 2396 2815 2437 omnes
2862 2382 3055 2450 quibus
3081 2383 3359 2439 ordinandi
3390 2385 3508 2440 mea

1922 2467 1993 2521 rit
2021 2467 2251 2525 cilicium
2301 2472 2353 2525 in
2405 2472 2506 2527 hoc
2553 2474 2901 2540 monasterio,
2938 2484 3018 2539 ut,
3063 2476 3115 2529 in
3147 2460 3392 2545 largitate
3440 2492 3504 2531 ac

1921 2557 2320 2626 distributione,
2356 2563 2450 2618 Dei
2478 2564 2655 2631 potius
2681 2565 2964 2619 attendant
2985 2565 3312 2621 voluntatem
3336 2582 3500 2637 quam

1921 2654 2120 2705 nostra:
2146 2653 2428 2720 parcitatis
2472 2654 2802 2724 exemplum,
2843 2657 3098 2723 quoniam
3131 2658 3501 2728 unusquisque

1902 2748 2003 2794 est
2030 2755 2128 2810 pro
2148 2756 2207 2796 se
2230 2742 2539 2798 redditurus
2567 2746 2853 2800 rationem.
2891 2765 2910 2798 ι

1991 2831 2166 2887 llabes
2191 2846 2319 2903 ergo
2344 2836 2517 2889 saneti
2545 2835 2800 2891 Adalardi
2824 2836 3254 2892 ardentissimum
3288 2839 3339 2893 in
3370 2854 3496 2909 pro-

1918 2920 2121 2975 ximum
2146 2920 2485 2990 charitatem,
2523 2941 2586 2980 ac
2611 2926 2865 2995 pietatem
2892 2928 2957 2982 ad
2985 2943 3248 2997 pauperes
3285 2940 3340 2984 ct
3368 2931 3501 2984 allii-

1917 3018 2090 3065 et‘atos
2119 3012 2434 3081 aegritudine
2470 3014 2846 3079 sublevandos,
2877 3031 2996 3084 qum
3022 3026 3076 3071 et
3115 3033 3273 3086 quam
3305 3019 3499 3073 diutis-

1916 3100 2052 3154 sime
2102 3101 2155 3154 in
2201 3103 2512 3159 Corbeicnsi
2546 3106 2873 3161 monasterio
2920 3106 3166 3177 (servata
3213 3122 3382 3178 usque
3431 3109 3498 3163 ad

1919 3196 2159 3257 tempora
2198 3189 2446 3246 videlicet
2471 3191 2723 3246 abbatum
2745 3196 3348 3265 commendatariorum)
3375 3197 3495 3250 fuit.

1916 3278 2255 3349 Quapropter
2285 3296 2390 3336 non
2438 3283 2596 3337 modo
2642 3284 3075 3351 celeberrimum,
3103 3286 3199 3342 sed
3230 3294 3285 3341 et
3328 3288 3498 3343 evasit

1913 3368 2399 3437 opulentissimum.

1984 3458 2155 3525 Quam
2190 3474 2315 3514 vero
2345 3471 2512 3530 gratae
2546 3464 2646 3518 sibi
2677 3472 2858 3520 essent
2883 3464 3025 3519 beati
3059 3464 3200 3519 illius
3237 3466 3495 3521 antistitis

1912 3550 2294 3621 cleemosynte,
2345 3553 2668 3620 signiﬁcavit
2733 3555 3020 3623 aliquando
3088 3556 3245 3609 Deus.
3294 3576 3312 3607 ι
3359 3557 3492 3612 Cum

1911 3644 2143 3714 quodam
2187 3647 2273 3700 die
2324 3647 2535 3717 (scribit
2565 3648 2822 3704 Paschas.
2855 3650 2907 3702 in
2946 3649 3064 3702 Vita
3088 3648 3226 3717 ejus,
3263 3665 3379 3717 cap.
3415 3650 3490 3721 7,)

1909 3747 2069 3787 omne
2091 3734 2420 3802 pulmentum
2449 3738 2594 3790 casei
2614 3738 2912 3806 hospitibus
2935 3732 3297 3807 expendisset,
3320 3740 3492 3794 illum-

1909 3838 2014 3891 que
2040 3824 2107 3877 ob
2137 3824 2237 3877 hoc
2265 3825 2574 3879 cellerarius
2624 3826 2989 3896 objurgasset,
3046 3829 3323 3897 respondit
3369 3844 3493 3883 san-

1909 3921 2026 3967 ctus
2055 3930 2067 3966 :
2103 3912 2357 3967 Dominus
2384 3915 2547 3968 dabit.
2574 3916 2642 3968 Et
2677 3917 2765 3970 ille
2792 3932 2805 3970 :
2837 3916 2915 3971 Tu
2958 3932 3173 3987 semper
3199 3920 3300 3973 ista
3341 3919 3492 3988 polli-

1907 4003 2069 4069 ceris,
2112 4002 2207 4057 sed
2270 4020 2376 4058 non
2436 4006 2515 4060 sic
2552 4007 2821 4075 extemplo
2860 4008 3095 4073 dabitur,
3140 4011 3282 4078 quod
3311 4020 3490 4067 tamen

1907 4091 2275 4147 ittditfereiiter
2301 4093 2547 4149 edundis.
2578 4097 2792 4150 Interim
2816 4099 2941 4171 dum
2970 4100 3083 4152 lucc
3109 4110 3342 4169 aguntur
3362 4116 3489 4155 ecce

1906 4184 2013 4237 duo
2060 4184 2253 4238 adsunt
2297 4186 2532 4253 plaustra
2560 4202 2671 4255 prie
2697 4189 2923 4254 foribus,
2955 4205 3119 4242 unum
3152 4191 3334 4245 nescio
3360 4192 3487 4258 quid

1904 4273 2083 4328 ferens
2121 4276 2364 4344 piscidm,
2390 4286 2445 4332 et
2484 4279 2627 4333 aliud
2666 4280 2881 4348 plenum
2910 4282 3105 4345 caseis,
3150 4300 3167 4331 ›
3203 4290 3307 4335 etc.
3343 4282 3485 4336 Idem

1904 4364 2103 4416 accidit
2128 4375 2317 4419 sancto
2343 4365 2570 4429 Judoco,
2604 4368 2849 4423 Orderic.
2884 4368 2977 4423 lib.
3005 4385 3084 4431 ιιι,
3115 4368 3247 4423 llist.
3286 4372 3353 4424 ad
3392 4385 3482 4425 an.

1905 4454 2071 4519 1066;
2101 4454 2234 4525 lege,
2254 4456 2298 4509 si
2321 4456 2486 4521 lubet,
2509 4473 2626 4527 cap.
2652 4459 2721 4511 22
2740 4460 2871 4513 Vitze
2894 4459 2949 4513 S.
2976 4459 3236 4515 Bernardi
3255 4460 3479 4529 Tyrum;

1903 4545 2113 4599 Deeret.
2176 4548 2234 4600 Β.
2276 4548 2582 4613 Lattfrattci,
2634 4565 2750 4621 cap.
2801 4552 2855 4617 8,
2897 4551 2925 4622 §
2979 4553 3031 4619 5,
3076 4561 3131 4607 et
3178 4552 3373 4606 Statut.
3413 4551 3483 4607 2-5

1901 4636 2045 4691 Petri
2070 4639 2423 4696 Venerabilis.

1968 4729 2208 4783 Alterum
2237 4733 2379 4799 quod
2436 4748 2554 4787 sum
2608 4736 2914 4804 prolaturus
2974 4737 3363 4802 testimonium,
3413 4753 3478 4793 ex

1901 4822 2134 4891 antiquis
2173 4823 2401 4878 abbatize
2445 4824 2816 4881 Cluniacensis
2869 4827 3367 4893 consuetudinibus
3426 4830 3476 4882 in

1899 4914 2161 4979 ordinem,
2208 4912 2430 4978 jubente
2474 4915 2534 4967 Β.
2574 4915 2797 4985 Hugone
2824 4915 2842 4968 l
2869 4916 3083 4979 abbate,
3112 4930 3144 4968 a
3201 4914 3478 4969 Bernardo

1899 5004 2133 5071 quodam
2165 5006 2430 5061 monacho
2461 5007 2706 5076 digestis.
2737 5008 2945 5061 haurio.
3009 5010 3103 5061 Est
3129 5018 3308 5073 autem
3335 5006 3477 5074 ejus-

1900 5097 2041 5151 modi
2067 5111 2184 5166 cap.
2220 5098 2304 5151 M.

2317 5191 2395 5244 De
2424 5192 2601 5260 ofﬁcio
2628 5192 3046 5261 eleemosynarii.

1973 5299 1992 5333 ι
2037 5280 2500 5348 Quemadmodum
2550 5300 2579 5337 a
2641 5283 2863 5338 custode
2898 5280 3113 5351 hospitii
3139 5279 3473 5349 recipiuntur

1894 5386 2082 5428 omnes
2104 5373 2395 5442 peregrini,
2433 5375 2523 5442 qui
2553 5374 2757 5428 faciunt
2785 5374 2889 5427 iter
2917 5368 3230 5440 equitando,
3278 5367 3467 5421 eodem

1894 5466 2053 5521 modo
2080 5472 2343 5535 quotquot
2370 5465 2575 5533 pedites
2602 5466 2821 5525 vadunt,
2857 5472 3054 5533 praeter
3075 5460 3194 5515 illos
3216 5458 3307 5529 qui
3336 5458 3467 5511 tales

1894 5563 2038 5618 sunt,
2074 5563 2132 5607 ut
2162 5554 2227 5609 ad
2256 5553 2733 5623 eleemosynariam
2764 5554 2839 5607 ire
2868 5569 2973 5606 non
3006 5552 3191 5617 velint,
3227 5550 3297 5605 ab
3324 5548 3465 5604 elet-

1895 5645 2200 5716 mosynario
2232 5646 2545 5711 recipiendi,
2584 5654 2810 5714 excepto
2859 5645 2902 5698 si
2928 5644 3136 5712 legatus
3161 5652 3262 5709 est,
3294 5650 3348 5696 et
3375 5639 3465 5693 lit-

1896 5744 2036 5792 teras
2073 5736 2264 5801 defert,
2299 5735 2395 5789 lios
2424 5736 2624 5804 colligit
2653 5746 2835 5791 custos
2864 5732 3101 5803 hospitii.
