4018 6324
570 367 704 423 1059

1523 356 1610 409 AD
1650 354 1797 409 OPP.
1844 350 2351 406 VEN.GUIBERTI
2383 349 2468 403 DE
2510 348 2902 406 NOVIGENTO

3689 352 3798 410 £060

640 498 661 527 1
702 476 961 544 Rcceptis
982 480 1157 526 autem
1188 469 1427 538 singulis,
1458 467 1652 536 quaerit
1682 464 2139 533 eleemosynarius
2172 469 2216 525 Α
2247 462 2498 532 granario
2527 462 2591 516 ad
2633 462 3047 531 eleemosynam,
3100 475 3189 515 sex
3220 462 3540 530 prmbendze,
3587 480 3700 533 qua:
3725 484 3800 527 vo-

567 568 732 637 m
758 583 785 619 a
813 563 1122 634 granatario
1150 576 1308 615 unam
1356 559 1550 612 libram
1598 558 1751 625 panis
1797 565 1850 611 et
1894 559 2138 625 sequenti

565 661 651 711 die
684 656 911 710 abituris
933 653 1232 715 dimidiam,
1257 663 1618 717 mensuraque
1660 648 1848 702 eadem
1875 648 2140 704 venienti—

564 749 664 801 bus
715 755 769 799 et
822 743 1143 799 abeuntibus
1193 741 1284 795 dat
1335 740 1516 793 vinum
1551 778 1565 803 ,
1617 738 1824 791 scilicet
1862 738 2136 793 dimidiam

560 837 846 906 justitiam,
865 844 917 889 et
936 833 1305 889 recedentibus
1327 832 1557 885 dabatur
1574 827 1701 881 olim
1728 827 1951 897 singulis
1973 844 2136 883 unum

565 924 865 986 denarium,
899 922 942 977 si
976 930 1152 976 tamen
1184 928 1429 975 avertere
1455 924 1688 987 poterat,
1721 916 1863 985 quod
1911 917 1963 970 in
2024 918 2139 972 loco

566 1024 750 1069 nostro
782 1028 1052 1081 nunquam
1087 1010 1313 1079 amplius
1344 1008 1525 1075 fuerit,
1560 1018 1651 1061 aut
1682 1006 1822 1059 infra
1845 1022 2007 1060 unum
2037 1022 2136 1061 an-

566 1124 693 1161 num
726 1122 831 1161 non
860 1106 1087 1160 venerit.

638 1218 659 1252 (
708 1201 847 1269 Ergo
899 1200 952 1253 in
1004 1198 1236 1252 adventu
1290 1195 1525 1259 Domini,
1565 1193 1803 1263 exceptis
1833 1193 1917 1248 his
1952 1193 2137 1249 diebus

562 1293 758 1360 quibus
785 1292 870 1346 bis
898 1290 1222 1355 comeditur,
1255 1299 1309 1345 et
1335 1290 1390 1343 in
1416 1287 1839 1357 Quadragesima
1897 1288 2138 1357 exceptis

565 1380 881 1443 Dominicis,
910 1387 964 1433 et
996 1394 1093 1448 per
1122 1387 1293 1433 totum
1338 1392 1560 1443 annum,
1594 1377 1947 1445 quotiespro
1978 1392 2136 1432 cano-

563 1473 701 1526 uicis
728 1472 986 1525 institutis
1012 1470 1079 1523 ab
1116 1455 1271 1538 adipe
1298 1469 1616 1532 abstinetur,
1647 1476 1706 1521 111
1736 1460 1792 1521 in
1820 1468 2135 1537 Rogationi—

561 1562 681 1624 bus,
712 1562 762 1613 in
796 1559 969 1629 vigilia
1004 1558 1345 1624 Sanctorum,
1377 1567 1430 1613 et
1482 1559 1533 1611 in
1584 1558 1830 1624 Quatuor
1862 1558 2138 1627 Tempori-

560 1650 691 1711 bus;
749 1656 803 1700 et
859 1648 1070 1716 quoties
1125 1646 1294 1702 frater
1346 1647 1398 1701 111
1453 1648 1781 1701 monasterio
1848 1648 2133 1715 sepelitur,

555 1736 814 1805 quidquid
839 1737 905 1791 de
931 1738 1055 1791 vino
1085 1737 1413 1806 superfuerit
1448 1737 1703 1791 fratribus
1746 1737 1797 1789 in
1827 1735 2132 1803 refectorio,

2244 559 2440 604 cantur
2469 552 2825 619 quotidianae;
2856 560 2980 605 sunt
3019 558 3200 605 autem
3248 552 3490 621 quinque
3534 554 3699 622 ipsius
3734 556 3800 614 fa-

2244 641 2399 706 muli,
2433 656 2572 694 unus
2603 639 2775 708 major
2813 642 2902 709 qui
2952 641 3118 695 servit
3166 642 3579 709 prmbendariis,
3613 654 3663 697 et
3704 646 3800 701 aliis

2243 731 2585 802 pauperibus,
2618 742 2672 784 et
2725 732 3056 800 peregrinis;
3106 732 3243 785 alter
3287 733 3548 787 ostiarius
3595 735 3799 792 eleemo-

2242 838 2387 893 synae
2413 822 2622 887 domus,
2648 823 2753 877 duo
2772 823 3011 891 quotidie
3032 822 3283 878 deferunt
3305 824 3450 895 ligna
3472 842 3596 881 cum
3621 828 3798 888 dLOllll!

2241 916 2439 979 asinis;
2495 930 2634 968 unus
2688 925 2770 969 est
2819 915 3067 982 provisor
3124 915 3354 970 duorum
3392 918 3700 985 1111001011,
3747 922 3797 978 de

2241 1008 2439 1076 quibus
2468 1006 2672 1073 aliquid
2712 1005 2936 1060 subsidii
2965 1005 3111 1060 venit
3137 1006 3204 1060 ad
3236 1005 3658 1077 eleemosynam.
3696 1008 3799 1065 0m-

2241 1110 2335 1150 nes
2367 1102 2546 1148 autem
2572 1102 2766 1164 praeter
2800 1094 3059 1164 majorem
3092 1094 3299 1149 vadunt
3326 1110 3426 1164 pro
3449 1096 3636 1162 unico,
3682 1114 3795 1167 quo-

2241 1186 2340 1238 ties
2361 1185 2818 1254 eleemosynarius
2872 1184 3150 1254 praecipit,
3199 1185 3245 1239 si
3296 1186 3552 1255 generale
3599 1186 3795 1243 fratrum

2240 1273 2615 1328 defunctorum
2673 1274 2787 1342 ipsa
2835 1274 2941 1341 die,
2988 1289 3095 1343 qua
3140 1276 3194 1329 in
3225 1276 3465 1345 capitulo
3501 1278 3793 1347 recitantur,

2244 1363 2431 1418 abesse
2463 1362 2549 1434 [f.,
2580 1362 2804 1434 habere]
2835 1380 2941 1419 non
2966 1365 3198 1433 poterit;
3224 1374 3509 1435 computat
3545 1383 3707 1437 usque
3742 1374 3795 1426 ad

2238 1455 2473 1523 aliquam
2501 1470 2789 1518 summam,
2823 1464 2878 1510 et
2912 1464 3039 1510 tunc
3064 1457 3243 1511 reddit
3279 1458 3330 1511 ei
3363 1459 3694 1513 camerarius
3725 1460 3797 1515 de-

2239 1547 2440 1610 narios,
2476 1554 2531 1600 et
2558 1546 2847 1616 aliquoties
2879 1546 3195 1609 cellerarius
3218 1563 3318 1617 pro
3344 1564 3551 1619 genere
3596 1549 3793 1619 piscium

2239 1637 2301 1691 da
2311 1653 2367 1691 re
2397 1637 2540 1692 valet
2561 1652 2775 1693 carnes.

2313 1748 2331 1779 ι
2378 1727 2493 1796 ipse
2538 1743 2751 1798 quoque
2799 1737 3081 1798 comparat
3120 1729 3221 1784 sibi
3277 1745 3401 1784 cum
3447 1730 3699 1794 denariis,
3721 1732 3791 1799 qui

559 1802 727 1880 totum
756 1827 953 1892 accipit
984 1802 1456 1896 eleemosynarius,
1518 1826 1659 1880 sicut
1700 1825 1861 1879 etiam
1902 1826 1967 1880 de
1996 1802 2132 1895 pane
2166 1802 2207 1861 Β
2238 1830 2335 1887 pro
2362 1817 2571 1873 decima
2599 1818 2665 1871 de
2704 1818 2933 1874 ecclesia
2983 1820 3086 1873 sibi
3127 1819 3346 1872 dantur.
3392 1817 3513 1887 lpsc
3553 1819 3692 1871 enim
3719 1820 3793 1873 ba-

554 1928 608 1971 et
636 1933 731 1986 per
761 1926 927 1971 totum
954 1932 1152 1971 annum
1186 1918 1250 1971 de
1281 1918 1573 1986 pigmento.
1605 1916 1720 1970 Hoc
1751 1917 1936 1971 vinum
1984 1917 2133 1971 colli-

557 2007 634 2073 git
659 2016 712 2059 et
750 2016 1011 2071 reservat,
1046 2014 1102 2058 ut
1131 2006 1400 2075 peregrini
1432 2006 1875 2074 supervenientes
1919 2020 2134 2075 semper

556 2098 622 2149 de
650 2099 749 2151 hoc
794 2097 993 2150 habere
1032 2096 1255 2164 possint.
1299 2096 1395 2150 1110
1446 2110 1660 2164 quoque
1694 2096 1780 2151 die
1807 2111 1912 2165 quo
1941 2097 2011 2150 ita‘
2035 2111 2130 2164 pa-

556 2203 681 2242 nem
738 2189 926 2256 recipit
979 2189 1046 2241 de
1099 2186 1407 2251 refectorio,
1458 2203 1562 2242 non
1611 2196 1815 2242 tantum
1863 2189 2057 2256 qugerit
2102 2205 2130 2242 a

554 2280 881 2347 granatario,
916 2281 1010 2333 sed
1045 2280 1111 2332 de
1142 2280 1256 2348 ipso
1285 2295 1422 2348 pane
1451 2289 1529 2335 tot
1572 2288 1701 2349 quot
1749 2281 1987 2349 potuerit
2034 2297 2129 2350 pe-

554 2370 811 2438 regrinis,
862 2379 917 2423 et
973 2368 1114 2437 quod
1163 2371 1266 2423 sibi
1323 2371 1524 2437 deerit,
1574 2373 1676 2427 1100
1724 2388 1755 2426 a
1822 2375 2131 2443 granatario

551 2461 764 2527 quaerit.

627 2570 645 2601 ι
693 2551 820 2604 Item
876 2552 1115 2620 quotidie
1181 2553 1373 2622 accipit
1433 2563 1697 2623 quotquot
1756 2554 2128 2611 defunctorum

552 2640 780 2695 fratrum
803 2653 885 2697 est
923 2644 1350 2710 anniversarius,
1392 2646 1708 2713 prmbendas
1746 2647 1966 2701 totidem
1997 2649 2129 2702 inte-

552 2746 678 2799 gras
718 2731 768 2783 in
798 2747 954 2799 pane,
984 2740 1039 2785 et
1071 2734 1216 2798 vino,
1249 2733 1299 2787 in
1326 2735 1464 2787 fabis
1500 2742 1553 2787 et
1591 2734 1953 2804 generalibus.
1986 2736 2132 2791 Prae-

553 2831 637 2874 ter
688 2822 799 2876 11100
852 2830 951 2891 pro
995 2823 1232 2891 quolibet
1296 2825 1461 2878 fratre
1503 2840 1673 2893 nuper
1723 2825 1997 2892 defuncto,
2038 2830 2128 2898 qui

551 2911 822 2979 professus
846 2923 925 2967 est
950 2924 1147 2969 nostra:
1170 2914 1631 2985 Congregationis,
1662 2916 1965 2986 ubicunque
1983 2920 2129 2974 obie-

552 3004 650 3067 rit,
707 3006 1042 3072 prrebeudam
1096 3007 1362 3076 integram
1414 3022 1511 3075 per
1554 3007 1773 3077 triginta
1837 3010 1971 3065 dies.
2024 3011 2128 3068 Pro

547 3096 799 3149 omnibus
831 3096 1044 3149 insimul
1070 3097 1346 3158 fratribus,
1394 3113 1623 3166 quorum
1655 3100 1833 3154 obitus
1886 3103 2127 3170 qualibet
2155 3137 2199 3198 Ο

549 3186 939 3243 interveniente
964 3189 1283 3258 negligentia
1329 3204 1359 3242 a
1408 3189 1560 3245 nobis
1592 3191 1716 3245 sciri
1748 3207 1849 3245 non
1876 3207 2121 3263 possunt,

548 3277 790 3343 quotidie
815 3278 1013 3345 accipit
1050 3279 1202 3332 duas.

625 3386 642 3417 t
688 3366 954 3422 Przeterca
990 3376 1099 3423 tres
1130 3370 1354 3424 fratrum
1404 3372 1701 3441 prtebenda:
1751 3376 1948 3430 dantur
1988 3394 2121 3447 quo-

548 3456 677 3508 tidie
707 3458 772 3509 ad
823 3458 1243 3529 eleemosynam,
1308 3477 1425 3529 qum
1460 3472 1514 3516 et
1559 3465 1611 3517 iu
1644 3465 1928 3521 refectorio
1966 3485 2125 3539 super

549 3564 786 3600 mensam
817 3550 1163 3618 principalem
1215 3565 1579 3621 apponuntur,
1643 3557 1848 3611 scilicet
1877 3574 1972 3626 pro
2002 3561 2125 3615 bea-

549 3639 758 3691 tissimo
786 3638 946 3692 Patre
971 3638 1223 3705 Odilonc,
1269 3658 1365 3710 pro
1403 3643 1633 3699 llcnrico
1664 3647 1838 3715 primo
1891 3649 2121 3718 impera-

547 3737 694 3793 tore,
726 3744 823 3798 pro
858 3730 1192 3786 Fredelanno
1215 3743 1268 3786 et
1293 3735 1407 3803 ejus
1455 3751 1639 3802 uxore,
1681 3739 1895 3808 regibus
1934 3739 2123 3810 Hispa-

545 3835 774 3873 marum.

624 3928 642 3959 ‹
689 3910 862 3979 Super
890 3912 1003 3967 haec
1051 3915 1231 3968 omnia
1287 3916 1482 3971 dantur
1519 3921 1758 3989 quotidie
1812 3938 1887 3975 xu
1943 3931 2117 3989 tortae,

546 4014 778 4066 quarum
811 4017 1142 4073 unaquazque
1174 4014 1282 4061 tres
1310 4008 1474 4064 libras
1516 4013 1787 4080 appendit.
1841 4013 1965 4069 11100
1994 4029 2121 4069 vero

546 4091 761 4159 pupillis
812 4102 868 4147 et
907 4094 1100 4161 viduis,
1136 4098 1343 4155 claudis
1388 4111 1442 4156 et
1470 4104 1645 4168 caecis,
1686 4105 1906 4161 senibus
1929 4118 1983 4161 et
2007 4109 2122 4163 ani-

543 4182 698 4245 culis,
721 4185 1038 4254 cunctisque
1059 4192 1561 4257 supervenientibus
1589 4205 1715 4249 sunt
1743 4200 2039 4267 eroganda.

618 4292 637 4324 ι
685 4273 856 4330 Habet
878 4292 1089 4346 quoque
1120 4281 1295 4336 adhuc
1329 4284 1572 4352 quotidie
1615 4286 1683 4340 de
1708 4286 2016 4356 refectorio,
2052 4290 2119 4345 de

542 4362 627 4418 his
653 4378 982 4436 quaecunque
1009 4368 1265 4426 fratribus
1292 4382 1602 4442 supersunt,
1627 4389 1690 4430 ac
1719 4376 1783 4430 de
1806 4378 2040 4446 generali
2062 4389 2117 4435 et

2235 1908 2327 1962 bet
2355 1909 2618 1964 decimam
2648 1910 2887 1964 omnium
2941 1909 3290 1964 denariorum
3329 1910 3421 1978 qui
3477 1912 3535 1963 111
3595 1909 3791 1964 ecclesia

2235 1997 2550 2065 offeruntur,
2590 2002 2776 2070 sicque
2802 2002 3051 2070 providet
3101 2010 3160 2054 ut
3206 2016 3428 2055 carnem
3487 1999 3793 2069 frequentius

2235 2091 2363 2145 dare
2385 2093 2556 2160 possit
2593 2094 2916 2161 peregrinis.
2958 2093 3097 2146 Sunt
3142 2102 3322 2147 autem
3362 2090 3661 2145 octodecim
3687 2106 3793 2161 pau-

2233 2199 2390 2252 peres
2419 2185 2795 2253 praebendarii,
2825 2186 3021 2254 quibus
3050 2186 3292 2254 quotidie
3324 2184 3559 2239 famulus
3588 2185 3792 2239 eleemo-

2234 2277 2432 2347 synarii
2474 2277 2667 2346 accipit
2704 2277 2768 2331 de
2796 2276 3015 2331 cellario
3049 2277 3268 2331 totidem
3312 2275 3488 2344 justas
3522 2276 3648 2341 vini,
3677 2286 3725 2330 et
3764 2293 3787 2329 a

2233 2366 2542 2437 granatario
2571 2365 2790 2420 totidem
2828 2365 2993 2419 libras
3030 2364 3186 2434 panis
3213 2373 3267 2419 et
3295 2365 3451 2418 fabas
3481 2365 3549 2418 ad
3590 2374 3789 2433 quatuor

2233 2459 2345 2511 dies
2373 2458 2708 2526 seplimanm,
2739 2458 2975 2526 reliquos
3006 2466 3114 2512 tres
3163 2472 3270 2512 non
3313 2457 3480 2510 habet
3529 2456 3626 2510 nisi
3666 2457 3783 2511 olera

2233 2548 2298 2602 de
2334 2549 2489 2601 horto
2519 2548 2583 2600 ad
2613 2547 3010 2615 eleemosynam
3043 2547 3324 2614 deputata;
3364 2546 3463 2600 sed
3503 2546 3559 2599 in
3597 2546 3782 2615 majori-

2231 2639 2331 2692 bus
2386 2638 2533 2693 festis
2577 2639 2738 2692 habet
2787 2653 3003 2692 carnem
3060 2654 3159 2706 pro
3214 2637 3384 2701 fabis;
3419 2648 3474 2692 et
3495 2653 3589 2706 per
3616 2653 3782 2692 annum

2232 2739 2357 2783 sunt
2389 2730 2606 2798 triginta
2637 2729 2877 2799 quinque
2923 2731 3057 2793 dies,
3112 2729 3165 2783 in
3215 2729 3412 2798 quibus
3461 2730 3653 2784 habent
3687 2743 3786 2783 car-

2232 2838 2374 2875 110111.
2419 2841 2435 2872 ι

2303 2914 2436 2966 Το01
2469 2922 2587 2981 post
2616 2913 2741 2966 alia.

2306 3024 2323 3056 1
2368 3006 2678 3058 Mandatum
2711 3014 2765 3058 et
2798 3004 2898 3059 sia
2935 3004 3233 3059 festivitate
3278 3002 3535 3057 Omnium
3583 3001 3779 3056 Sancto-

2232 3112 2371 3161 rum,
2400 3114 2428 3150 a
2462 3096 2716 3150 fratribus
2743 3114 2847 3150 non
2875 3106 3095 3164 geratur
3120 3109 3292 3163 usque
3322 3094 3375 3148 in
3413 3095 3588 3163 capite
3600 3091 3781 3162 jejunii,

2233 3198 2409 3241 tamen
2474 3187 2812 3254 eleemosyua
2880 3200 3155 3255 nunquam
3224 3193 3517 3249 remanet;
3580 3182 3781 3237 famulus

2231 3280 2373 3332 enim
2410 3279 2821 3349 eleemosynarii
2856 3279 2906 3331 in
2934 3280 3109 3331 hieme
3139 3294 3261 3332 cum
3290 3292 3430 3346 aqua
3461 3277 3631 3331 calida
3649 3275 3781 3344 pedes

2233 3370 2391 3422 trium
2449 3385 2745 3438 pauperum
2796 3369 2958 3432 lavat,
3019 3371 3221 3438 datque
3250 3368 3445 3421 libram
3476 3366 3708 3436 singulis,
3738 3374 3783 3419 et

2224 3462 2511 3530 justitiam,
2543 3471 2597 3516 01
2619 3461 2807 3515 libram
2856 3462 2923 3517 de
2986 3461 3077 3514 tali
3107 3476 3243 3529 pane
3274 3460 3490 3529 qualem
3522 3460 3705 3513 habent
3740 3458 3781 3510 in

2231 3554 2517 3609 refectorio
2539 3553 2754 3609 fratres.

2304 3662 2323 3695 1
2370 3644 2483 3698 1100
2532 3658 2746 3714 quoque
2796 3644 3027 3714 pertinet
3083 3642 3149 3696 ad
3202 3642 3706 3712 eleemosynarium.
3737 3646 3783 3692 ut

2227 3735 2394 3791 semel
2417 3736 2470 3788 in
2494 3734 2828 3789 hebdomada
2861 3745 3027 3789 totam
3062 3735 3243 3788 villam
3276 3734 3587 3803 perlustrct,
3611 3747 3782 3785 assum-

2226 3827 2333 3895 ptis
2366 3841 2548 3880 secum
2580 3826 2795 3880 famulis
2815 3826 2951 3890 suis,
2992 3835 3045 3881 et
3080 3840 3240 3895 pane,
3271 3835 3325 3879 01
3346 3840 3515 3880 carne
3547 3823 3782 3892 100001ιί-

2226 3916 2330 3978 nis,
2361 3924 2417 3970 01
2435 3916 2560 3970 vino
2583 3914 2794 3977 inaliis
2823 3915 3003 3979 vasis;
3036 3916 3266 3969 visitans
3317 3914 3438 3968 illos
3476 3914 3565 3981 qui
3609 3924 3783 3980 paupe-

2226 4018 2315 4059 res
2352 4004 2550 4059 alicubi
2581 4004 2769 4074 jacent
2815 4004 3036 4074 aegroti;
3086 4012 3142 4058 01
3171 4003 3216 4057 si
3270 4002 3548 4057 masculus
3580 4011 3662 4057 est
3688 4000 3784 4068 ipse

2223 4094 2542 4148 visitaturus
2589 4094 2783 4159 intrat;
2839 4095 2884 4148 si
2945 4093 3167 4158 femina,
3219 4102 3328 4148 stat
3380 4094 3449 4147 ad
3501 4094 3710 4157 ostium,
3741 4104 3785 4145 et

2223 4181 2481 4237 famulum
2510 4197 2666 4238 suum
2697 4184 2865 4238 mittit
2890 4184 2958 4239 ad
2998 4198 3137 4238 eam.
3165 4184 3233 4238 Et
3280 4184 3408 4238 dato
3434 4185 3637 4240 eisdem
3663 4185 3786 4254 quod

2215 4273 2414 4329 'melius
2439 4282 2640 4342 potest,
2675 4274 2990 4330 consolatur
3018 4274 3186 4346 ipsos,
3236 4284 3292 4330 et
3339 4275 3387 4329 si
3426 4276 3681 4345 quidlibet
3707 4276 3786 4328 de-

2220 4364 2463 4418 siderant
2499 4373 2697 4434 praeter
2743 4366 2887 4434 quod
2938 4364 3149 4421 dederit
3196 4366 3305 4433 eis,
3361 4366 3408 4421 si
3464 4366 3784 4422 commodum

543 4453 609 4508 de
633 4455 856 4524 pitantia
893 4459 1271 4527 medietatem;
1310 4462 1476 4517 altera
1502 4467 1792 4522 medietate
1832 4469 1987 4524 caecis
2024 4486 2118 4540 po-

2229 4454 2329 4509 ullo
2358 4455 2518 4511 modo
2547 4456 2596 4511 ei
2630 4464 2734 4522 est,
2769 4457 3015 4527 inquirit,
3046 4466 3102 4513 et
3146 4457 3491 4528 postmodum
3529 4457 3690 4512 mittit
3706 4470 3787 4525 per

543 4545 817 4610 pularibus
857 4548 1129 4619 deputata.
1163 4552 1430 4608 Similiter
1469 4557 1538 4610 de
1580 4555 1719 4613 fabis
1749 4560 2114 4631 medietatem,

541 4635 786 4693 bubulcis
832 4639 999 4708 ipsius
1052 4641 1261 4710 decani,
1311 4645 1400 4713 qui
1437 4646 1573 4701 villa:
1602 4659 1817 4717 prmest,
1864 4652 2113 4722 deputata

540 4723 710 4785 altera
737 4727 1041 4783 medietate.

613 4813 758 4880 «.De
802 4814 1034 4872 oleribus
1083 4829 1139 4874 et
1190 4821 1256 4876 dc
1304 4825 1498 4893 pomis,
1552 4835 1607 4881 et
1636 4827 1702 4882 de
1728 4828 1813 4882 bis
1850 4830 2113 4886 similibus

540 4912 729 4959 totum.
763 4906 838 4961 De
868 4908 970 4962 hac
1009 4911 1295 4966 medietate
1325 4930 1447 4984 qum
1494 4917 1596 4972 sibi
1648 4919 1714 4972 de
1752 4921 2108 4989 generalibus,

539 5003 593 5046 et
621 4994 687 5049 de
727 4996 971 5064 pitantiis
1001 5000 1281 5071 contingit,
1317 5004 1454 5059 solet
1502 5007 1886 5074 praabendariis
1913 5023 2009 5079 per
2033 5011 2112 5065 vi-

537 5100 629 5140 ces
672 5088 963 5157 pitantiam
1002 5092 1289 5159 exhibere,
1346 5094 1483 5149 solet
1533 5098 1696 5151 etiam
1756 5098 1971 5154 famulis
2000 5102 2112 5157 suis

537 5175 686 5231 dare.
727 5177 935 5249 Accipit
988 5191 1168 5236 autem
1216 5182 1451 5241 famulus
1485 5186 1603 5255 ejus
1655 5188 1828 5257 major
1872 5193 2111 5259 quotidie

537 5264 726 5319 libram
750 5284 911 5322 unam
936 5271 1301 5337 deGranario,
1336 5275 1456 5330 ideo
1500 5279 1643 5346 quod
1670 5280 2107 5351 recipiatpanem

538 5361 591 5404 ct
629 5356 829 5420 vinum,
874 5360 1014 5426 quod
1067 5362 1225 5416 datur
1272 5365 1678 5433 praebendariis,
1726 5378 1781 5424 et
1830 5370 2108 5426 dimidiam

537 5443 604 5497 ab
632 5446 745 5514 ipso
774 5449 1219 5521 eleemosynario.
1259 5455 1362 5509 Alii
1406 5473 1619 5527 quoque
1667 5460 1858 5530 singuli
1911 5463 2110 5517 habent

539 5537 604 5590 ab
631 5538 1054 5611 eleemosynario
1084 5546 1274 5601 libram
1299 5558 1353 5602 et
1388 5550 1691 5612 dimidiam,
1720 5553 1832 5606 sive
1877 5556 1943 5607 de
1976 5570 2107 5622 quo-

538 5628 774 5694 tidianis,
801 5632 914 5686 sive
940 5634 1006 5689 de
1031 5635 1135 5691 alio
1161 5653 1322 5706 pane,
1356 5640 1399 5693 si
1435 5641 1481 5694 ei
1512 5643 1682 5711 magis
1713 5643 1999 5710 placuerit.

613 5738 630 5770 1
677 5721 883 5775 Dantur
927 5741 1154 5795 namque
1207 5740 1402 5798 prmtcr
1440 5750 1498 5788 ea
1545 5749 1661 5802 qua:
1713 5736 1852 5791 dicta
1886 5748 2008 5792 sunt
2042 5740 2105 5793 de

2221 4544 2450 4601 famulos
2473 4561 2619 4602 suos.
2660 4547 2760 4603 Est
2802 4556 2983 4603 autem
3027 4549 3361 4605 consuetudo
3396 4558 3661 4619 quatenus
3687 4564 3787 4602 mu—

2217 4635 2396 4700 lieres,
2431 4652 2551 4704 quae
2582 4638 2637 4691 in
2663 4638 2912 4694 domibus
2940 4649 3068 4694 sunt
3092 4640 3182 4695 ubi
3222 4639 3429 4695 infirmi
3446 4638 3649 4706 jacent,
3676 4653 3783 4693 mox

2216 4735 2276 4780 ut
2304 4712 2536 4782 viderint
2583 4743 2706 4783 eum
2757 4715 3088 4795 venientem,
3144 4744 3336 4785 omnes
3374 4740 3576 4785 exeant
3613 4746 3626 4782 :
3657 4728 3785 4783 Nun-

2216 4832 2377 4886 quam
2412 4818 2573 4888 585
2601 4820 2746 4874 enim
2770 4820 3007 4889 quandiu
3030 4821 3284 4891 qurelibet
3311 4821 3510 4876 mulier
3534 4821 3671 4875 intra
3706 4821 3786 4874 do-

2216 4924 2361 4963 mum
2391 4909 2571 4976 fuerit,
2606 4912 2956 4981 ingredietur.
3262 4976 3274 4985 ε

2290 5016 2309 5049 ι
2357 4997 2645 5055 Sciendum
2689 5015 2819 5057 vero
2847 5000 3103 5070 quoniam
3148 5003 3470 5073 peregrinis,
3504 5003 3570 5057 de
3609 5002 3784 5071 quibus

2214 5092 2465 5159 superius
2492 5091 2655 5146 locuti
2707 5107 2920 5158 sumus,
2958 5109 3082 5149 cum
3115 5094 3250 5149 libra
3298 5104 3354 5151 et
3406 5078 3555 5155 vino,
3603 5096 3651 5148 in
3685 5095 3779 5161 ipsa

2216 5192 2372 5235 nocte
2405 5197 2511 5251 qua
2572 5183 2816 5248 veniunt,
2863 5185 2930 5240 de
2993 5186 3183 5254 quovis
3230 5186 3336 5240 alio
3384 5186 3566 5241 edulio
3608 5185 3771 5248 dabit;

2213 5269 2419 5324 scilicet
2465 5271 2531 5326 de
2558 5271 2797 5340 piscibus
2834 5273 2916 5327 vel
2946 5273 3252 5343 hujusmodi
3300 5282 3353 5328 et
3400 5274 3701 5344 aliquoties,
3728 5276 3774 5324 It

2211 5360 2523 5429 praedictum
2556 5371 2659 5427 est,
2711 5363 2779 5418 de
2808 5380 2994 5420 carne.
3042 5366 3156 5420 Non
3186 5365 3288 5419 nisi
3320 5380 3450 5419 vero
3490 5366 3556 5419 ad
3584 5372 3771 5435 portam

2211 5452 2383 5505 curtis
2414 5452 2507 5506 dat
2534 5454 2789 5523 cuiquam
2814 5456 3016 5525 justam
3037 5457 3146 5510 vini
3175 5466 3228 5511 et
3259 5456 3454 5511 libram
3484 5457 3651 5527 panis;
3678 5466 3768 5507 non

2212 5542 2355 5594 enim
2384 5543 2764 5612 ingrediuntur
2786 5554 3014 5600 eurtem.

2285 5651 2303 5681 1
2352 5632 2407 5686 Si
2462 5643 2641 5689 autem
2706 5637 2897 5706 aliquis
2951 5639 3357 5707 peregrinorum
3419 5637 3659 5692 habuerit
3706 5632 3760 5686 ad

2208 5720 2493 5789 hospitium
2548 5739 2701 5778 suum
2754 5725 3031 5795 conjugem
3074 5726 3323 5791 debilem,
3375 5728 3459 5782 vel
3506 5728 3745 5787 lassatam,
