4018 6324
223 349 344 450 teet

1394 375 1600 430 DOMNI
1640 375 1704 427 L.
1744 372 2082 428 D‘ACIIERY
2115 374 2340 430 NOTJE.
2427 425 2430 428 .

3299 383 3436 438 I062

221 523 306 562 seu
334 501 552 562 socium,
597 495 790 564 quibus
841 508 944 547 non
987 493 1057 546 sit
1099 489 1437 544 commodum
1487 488 1673 542 venire
1704 488 1769 540 ad
1799 487 1843 543 Α
1871 487 2065 540 eullam
2111 487 2158 541 ei
2187 487 2414 540 dandam
2446 487 2730 543 benedieit.
2769 489 2928 544 Jubet
2976 491 3138 545 etiam
3181 494 3272 548 uni
3319 495 3431 549 fra-

219 599 618 662 eleemosynam,
669 587 826 641 debet
875 587 952 640 eis
1003 582 1429 638 misericordiam
1472 581 1670 643 facere,
1709 586 1765 632 et

219 693 460 756 quantum
491 679 581 730 dat
629 677 748 730 aliis
787 676 1000 728 mittere
1045 688 1141 742 per
1171 687 1356 727 eorum
1403 671 1630 734 socium,
1675 668 1765 736 qui

221 779 506 829 revertetur
541 768 606 821 ad
635 781 747 830 eos,
785 775 1006 834 propter
1047 777 1234 817 eorum
1263 759 1611 816 debilitatem.
1662 757 1766 813 A‘lii

219 878 337 918 vero
361 872 545 913 omnes
569 857 620 910 in
646 853 1064 925 eleemosynaria
1091 851 1392 906 comedunt.

287 972 304 1001 ‹
349 949 476 1003 Cum
515 954 693 999 autem
736 944 941 1013 pedites
972 957 1062 996 seu
1105 955 1368 1010 pauperes
1404 939 1581 994 clerici
1610 953 1766 1009 pere:

217 1040 346 1112 grini
395 1039 459 1090 de
509 1035 796 1104 longinqua
849 1043 994 1088 terra
1050 1032 1270 1086 veniunt
1296 1031 1361 1084 ad
1403 1031 1770 1100 eleemosyna-

217 1135 363 1192 riam,
412 1128 521 1196 ipse
550 1125 679 1179 dicit
721 1135 844 1178 ante
895 1123 1181 1194 prandium
1223 1121 1446 1176 fratrum
1484 1122 1661 1175 abbati
1687 1119 1770 1173 vel

217 1220 396 1292 priori,
436 1226 489 1270 et
516 1224 732 1287 accepta
764 1215 978 1268 licentia
1014 1213 1158 1268 ducit
1185 1228 1278 1266 eos
1326 1213 1378 1266 in
1428 1211 1768 1266 refectorium

215 1324 327 1364 cum
356 1305 496 1376 peris
530 1305 662 1358 suis.
699 1304 817 1358 Istis
845 1317 972 1356 vero
1001 1317 1107 1356 non
1135 1302 1547 1357 commodantur
1586 1315 1772 1371 super-

215 1397 446 1468 pellicia;
508 1409 695 1448 eorum
746 1393 888 1448 enim
935 1402 1140 1447 tantum
1184 1401 1284 1455 est,
1337 1391 1582 1461 quicum
1620 1393 1771 1461 equis

213 1491 421 1544 vadunt.

275 1579 658 1636 Cislercienses
707 1592 920 1648 quoque
964 1591 1024 1632 ea
1053 1577 1117 1632 de
1164 1591 1222 1632 re
1249 1575 1592 1632 commendat
1620 1575 1770 1630 Guil-

211 1671 393 1725 lelmus
422 1667 724 1735 Nangiacus
747 1667 815 1720 ad
845 1682 933 1720 an.
959 1665 1118 1720 H76.
1154 1685 1173 1717 ‹
1210 1666 1438 1720 Maxima
1471 1665 1641 1720 fames
1673 1664 1772 1718 fuit

183 1763 260 1815 'in
300 1759 496 1824 Gallia;
550 1774 648 1827 pro
693 1773 798 1828 qua
840 1763 906 1812 ad
955 1759 1398 1814 sustentationem
1447 1774 1763 1828 pauperum,

210 1848 550 1905 ecclesiarum
584 1847 851 1901 invadiata
881 1856 1006 1901 sunt
1029 1857 1346 1902 ornamenta
1378 1855 1433 1901 et
1461 1857 1766 1901 sanctorum
1801 1850 1840 1907 Β
1878 1839 2005 1892 teris
2041 1840 2274 1907 gratanti
2333 1841 2514 1896 animo
2561 1842 2793 1894 militare
2833 1857 2848 1895 :

213 1938 405 1992 feretra
433 1935 789 1998 defrustrata;
818 1945 872 1990 et
899 1944 1027 1990 tunc
1049 1937 1280 1990 maxime
1306 1936 1549 2006 apparuit
1574 1935 1770 1990 Cister-

190 2028 396 2083 -ciensis
435 2025 642 2081 ordinis
690 2025 1056 2082 munificentia
1095 2026 1146 2080 in
1187 2027 1514 2095 pauperibus
1555 2036 1769 2081 susten-

200 2117 398 2172 tandis.
433 2137 450 2169 ι

212 2229 220 2236 ·
273 2209 383 2265 Νοη
411 2225 543 2279 ergo
571 2211 765 2264 mirum
806 2210 849 2264 si
879 2209 1016 2278 apud
1061 2210 1354 2264 monachos
1388 2209 1520 2264 adeo
1547 2212 1772 2278 opul‘en-

201 2302 290 2355 tite
322 2311 386 2354 -et
430 2315 612 2353 rerum
659 2315 794 2369 pene
823 2301 1063 2354 omnium
1113 2301 1264 2369 copia
1301 2301 1629 2367 exuberarit,
1681 2302 1770 2370 qui

195 2401 309 2445 ttam
335 2390 584 2452 sollicite,
629 2389 890 2443 animilus
936 2398 990 2442 et
1026 2387 1224 2443 affatim
1269 2403 1326 2443 se
1363 2404 1568 2458 suaque
1617 2390 1773 2442 Chri-

208 2490 286 2536 sto
323 2481 608 2534 tradebant
659 2481 887 2533 Domino
939 2480 1353 2557 universorum;
1417 2480 1532 2550 ipse
1573 2481 1771 2534 etenim

189 2579 483 2626 'attestatus
517 2580 599 2624 est
632 2590 642 2623 :
685 2590 702 2620 ι
734 2571 884 2636 Quod
915 2571 1004 2624 uni
1032 2585 1096 2624 ex
1127 2571 1366 2624 minimis
1387 2572 1521 2625 meis
1544 2571 1769 2636 fecistis,

187 2663 329 2716 mihi
381 2662 590 2717 fecistis
620 2661 854 2730 (Matth.
891 2677 1019 2727 xxv,
1055 2661 1187 2731 40);
1223 2681 1241 2713 ι
1273 2669 1326 2716 et
1369 2661 1678 2730 centuplum
1720 2663 1772 2716 in

189 2755 302 2808 'hoc
328 2752 548 2818 smeulo,
580 2763 632 2807 et
671 2755 720 2806 in
754 2753 923 2807 altero
953 2754 1120 2807 vitam
1155 2761 1412 2808 aeternam
1446 2769 1503 2808 se
1533 2754 1775 2809 redditu-

205 2859 313 2896 rum
351 2843 661 2912 spopondit.

271 2933 356 3002 (³⁸)
394 2935 529 2987 CAP.
575 2932 706 2987 VIII.
733 2963 800 2972 —-
825 2931 928 2997 Qui
962 2933 1016 2985 in
1069 2932 1262 2985 eisdem
1315 2941 1587 3000 parentum
1619 2931 1773 2986 devo-

186 3021 335 3072 tione
357 3021 642 3073 conti-aditi
661 3019 724 3072 ab
749 3020 952 3073 ineunte
979 3020 1342 3072 nutriebantur
1360 3030 1530 3074 (etate.
1559 3019 1770 3089 Optima

192 3125 328 3163 sane
377 3109 630 3164 Guiberti
679 3110 1003 3164 observatio.
1046 3109 1230 3180 Longe
1271 3111 1533 3179 siquidem
1579 3111 1775 3165 absunt

1871 583 2009 626 trum
2039 583 2097 627 ut
2134 588 2359 641 puerum
2383 574 2573 630 offerat
2621 577 2673 630 in
2697 577 2816 633 vice
2846 590 3128 648 parentum
3153 581 3288 650 ejus,
3339 583 3432 652 qui

1870 663 2205 731 petitionem,
2253 679 2412 731 quam
2463 666 2701 722 facturus
2747 677 2850 736 est,
2903 672 3157 740 scriptam
3207 673 3430 736 habens,

1869 752 2151 805 confirmat
2181 766 2297 804 eam
2334 753 2488 822 signo
2523 757 2755 826 propria:
2778 773 2992 824 manus,
3015 769 3067 813 et
3095 770 3274 830 postea
3305 762 3434 831 legit

1869 855 1988 894 eam
2014 840 2064 893 in
2097 849 2304 909 aperto,
2333 851 2390 896 et
2419 845 2586 898 mittit
2623 845 2674 898 in
2712 862 2928 902 manum
2959 849 3158 904 domini
3190 852 3430 919 abbatis;

1869 938 1953 984 est
1981 940 2158 983 autem
2191 929 2494 998 hujusmodi
2532 950 2545 985 :
2575 952 2594 984 ι
2619 935 2730 1004 Ego
2758 936 2926 991 frater
2955 937 3020 991 N.
3051 938 3218 994 offero
3251 942 3360 996 Deo
3381 952 3436 996 et

1871 1021 2071 1074 sanctis
2091 1022 2345 1090 apostolis
2365 1024 2482 1092 ejus
2502 1022 2660 1078 Petro
2675 1035 2730 1080 et
2751 1026 2915 1084 Paulo
2937 1030 3078 1084 hunc
3102 1047 3322 1100 puerum
3347 1048 3437 1087 no-

1839 1154 1846 1159 .
1873 1111 2016 1164 mine
2039 1109 2234 1165 Nvice
2259 1122 2540 1178 parentum
2571 1111 2708 1180 ejus,
2737 1129 2856 1167 cum
2878 1117 3147 1174 oblatione
3170 1122 3221 1174 in
3252 1137 3433 1184 manu,

1874 1212 2040 1269 atque
2086 1201 2366 1269 petitione,
2408 1203 2597 1258 altaris
2641 1204 2779 1272 palla
2823 1219 2982 1258 manu
3015 1209 3126 1276 ejus
3173 1212 3430 1278 involuta,

1872 1293 1938 1348 ad
1971 1309 2161 1348 nomen
2193 1304 2505 1349 sanctorum
2534 1311 2761 1364 quorum
2783 1297 2870 1350 hic
2896 1283 3130 1366 reliquiae
3155 1303 3438 1356 continen-

1873 1393 1978 1448 tur,
2011 1394 2064 1438 et
2089 1385 2290 1438 domini
2336 1385 2399 1439 N.
2447 1387 2660 1442 abbatis
2697 1388 3000 1456 praesentia,
3056 1389 3210 1443 trado
3255 1405 3436 1444 coram

1873 1473 2104 1528 testibus
2155 1475 2473 1545 regulariter
2521 1493 2951 1546 permansurum,
3005 1481 3078 1533 ita
3124 1488 3182 1532 ut
3231 1481 3298 1536 ab
3335 1479 3438 1533 hac

1865 1563 1959 1627 die
1999 1579 2104 1618 non
2154 1565 2312 1620 liceat
2344 1567 2414 1619 illi
2448 1567 2642 1622 collum
2674 1569 2740 1624 de
2767 1570 2864 1624 sub
2889 1568 3017 1639 jugo
3045 1579 3301 1624 excutere
3345 1585 3437 1622 re-

1872 1655 2027 1724 gulae,
2057 1657 2150 1711 sed
2183 1658 2351 1727 magis
2380 1657 2619 1725 ejusdem
2647 1659 2844 1730 regulae
2883 1661 3113 1714 fideliter
3154 1675 3212 1714 se
3242 1675 3438 1729 cogno-

1875 1755 1990 1800 scat
2029 1747 2269 1802 instituta
2299 1749 2494 1804 debere
2520 1766 2761 1815 servare,
2793 1761 2848 1804 et
2883 1751 3108 1805 Domino
3159 1768 3278 1806 cum
3337 1766 3441 1804 ca:-

2896 1850 3040 1894 etut
3089 1843 3202 1894 haec
3252 1841 3438 1910 petitio

1872 1927 2029 1979 firma
2065 1937 2400 1996 permaneat,
2457 1945 2614 1982 manu
2649 1946 2768 1984 mea
2824 1930 3242 1994 subterlitmavi,
3283 1930 3436 1982 testi-

1873 2015 2078 2084 busque
2107 2017 2297 2070 tradidi
2337 2019 2712 2072 roborandam.
2743 2038 2763 2069 ι

1947 2123 1965 2156 ι
2013 2105 2227 2175 Accipit
2269 2108 2382 2176 ipse
2430 2123 2562 2176 puer
2603 2124 2725 2164 cum
2769 2107 3043 2163 offertur-io
3092 2119 3337 2178 patenam
3384 2115 3440 2160 et

1873 2197 2116 2264 calicem,
2149 2199 2324 2252 hostia
2357 2201 2628 2268 imposita,
2681 2209 2734 2254 et
2758 2201 2880 2253 vino
2911 2199 3121 2262 infuso;
3175 2208 3226 2253 et
3259 2199 3330 2251 ita
3363 2198 3438 2249 vi-

1872 2289 2050 2344 carius
2082 2289 2169 2344 ille
2213 2291 2435 2345 involvit
2463 2305 2680 2344 manum
2710 2289 2861 2358 pueri
2895 2303 3014 2343 eum
3042 2287 3180 2358 palla
3227 2286 3435 2348 altaris,

1875 2391 1933 2438 ut
1964 2391 2070 2438 tam
2100 2383 2271 2450 ipsum
2311 2396 2535 2451 puerum
2576 2396 2737 2450 quam
2776 2379 2891 2448 ejus
2946 2379 3264 2433 sacriﬁcium
3303 2375 3432 2430 ofl'e-

1875 2481 2016 2526 rata
2067 2471 2349 2526 sacerdote
2405 2471 2790 2538 recipiendum.
2847 2469 3035 2522 Postea
3085 2468 3321 2520 induitur
3345 2480 3442 2520 cu-

1875 2563 2048 2625 culla;
2079 2571 2130 2615 et
2158 2564 2224 2616 de
2249 2571 2446 2616 cmtcro
2493 2561 2796 2615 benedictio
2832 2559 2948 2626 ejus
2993 2557 3234 2612 differtur
3274 2569 3442 2624 usque

1877 2652 1941 2703 ad
1970 2652 2264 2721 legitimam
2294 2658 2531 2708 aetatem,
2561 2649 2612 2702 id
2653 2657 2735 2701 est
2764 2649 2805 2700 si
2832 2663 2936 2700 non
2965 2645 3193 2714 amplius
3227 2643 3311 2697 vel
3347 2657 3440 2696 us-

1875 2757 1980 2810 que
2003 2744 2066 2795 ad
2091 2741 2356 2794 decimum
2384 2738 2627 2808 quintum
2658 2751 2855 2790 annum
2877 2735 3070 2789 aetatis.
3088 2734 3293 2788 Rursus
3320 2746 3444 2787 cum

1877 2833 2107 2886 domnus
2165 2831 2330 2885 abbas
2382 2829 2608 2882 voluerit
2653 2836 2712 2880 ut
2765 2842 2887 2880 cum
2939 2824 3242 2888 benedicat,
3280 2823 3447 2877 refert

1877 2924 1979 2977 hoc
2005 2922 2262 2976 fratribus
2304 2921 2356 2973 in
2384 2918 2620 2988 capitulo
2645 2934 2658 2981 ;
2689 2926 2741 2971 et
2764 2918 2876 2986 ipse
2898 2915 3113 2986 juvenis
3141 2915 3323 2969 statim
3352 2928 3444 2966 ve-

1877 3018 2021 3069 niam
2052 3014 2206 3083 petit,
2236 3021 2289 3066 et
2329 3012 2394 3065 de
2431 3010 2614 3064 schola
2653 3009 2929 3062 absolutus
2960 3008 3102 3061 venit
3129 3006 3193 3059 ad
3236 3004 3398 3073 pedes
3425 3019 3442 3067 ;

1882 3117 2061 3162 tamen
2093 3104 2161 3158 ab
2184 3103 2304 3156 aliis
2335 3102 2520 3171 pueris
2560 3116 2663 3153 non
2704 3099 2905 3153 recedit
2950 3113 3118 3164 usque
3161 3097 3225 3148 ad
3257 3097 3445 3148 horam

204 3199 402 3254 theoria
433 3207 486 3254 et
523 3200 734 3269 praxis;
765 3201 829 3254 de
861 3200 1151 3254 virtutibus
1167 3174 1576 3264 documentum,
1613 3210 1772 3270 atque
1804 3174 1848 3236 δ
1881 3197 2302 3256 benedictionis.
2331 3195 2484 3249 Sicut
2519 3193 2606 3246 alii
2640 3191 2828 3246 novitii
2862 3189 3158 3259 profitetur.
3199 3187 3321 3240 Sola
3352 3200 3448 3238 cu—

189 3291 514 3344 -exercitium
557 3290 892 3345 earumdem.
940 3289 1128 3345 Solent
1168 3290 1363 3360 quippe
1393 3291 1484 3359 qui
1534 3290 1772 3345 solitarie

202 3382 621 3450 innocenterque
664 3380 904 3434 infantia:
933 3395 996 3435 ac
1035 3381 1335 3449 pubertatis
1365 3396 1537 3435 annos
1564 3381 1614 3434 in
1653 3396 1770 3436 mo-

197 3472 442 3525 nasteriis
483 3473 836 3541 transeg'ere,
887 3471 1012 3526 dum
1065 3485 1183 3526 sese
1240 3471 1515 3524 hominum
1561 3470 1773 3541 ﬂagitiis

192 3572 537 3617 assuetorum
585 3563 860 3618 consortio
899 3563 1228 3626 immiscent,
1259 3562 1334 3615 nil
1356 3562 1602 3631 equidem
1643 3562 1771 3616 mali

191 3650 365 3720 prima
399 3651 588 3706 fronte
624 3651 924 3721 suspicari;
980 3659 1037 3704 at
1083 3651 1207 3720 quia
1251 3650 1406 3718 proni
1436 3657 1561 3704 sunt
1585 3659 1774 3718 suapte

197 3748 381 3792 natura
427 3740 492 3793 ad
531 3748 832 3808 peccatum,
875 3753 998 3793 eum
1028 3752 1128 3792 nec
1157 3737 1330 3792 infans
1359 3738 1520 3792 unius
1546 3737 1651 3792 diei
1684 3753 1772 3793 su-

189 3844 290 3898 per
320 3839 529 3884 terram
561 3830 816 3884 immunis
842 3829 914 3884 sit
952 3844 982 3883 a
1027 3830 1203 3893 sorde,
1233 3837 1420 3898 utpote
1448 3829 1502 3883 in
1530 3830 1772 3899 peccatis

191 3921 456 3990 concepti,
491 3919 802 3990 impellente
833 3921 951 3990 ipsa
981 3935 1146 3992 prava
1176 3919 1585 3992 propensione.(
1611 3935 1772 3990 quam

193 4008 434 4065 fomitem
463 4010 706 4081 vocant)
755 4010 1052 4080 proclivius
1089 4017 1143 4064 et
1181 4009 1576 4079 imprudentius
1601 4009 1774 4080 quali-

192 4101 278 4155 bet
319 4102 614 4156 occasione
642 4101 777 4170 (nisi
802 4115 898 4156 eos
937 4103 1182 4156 retrahat
1202 4099 1382 4155 divina
1414 4101 1610 4169 gratia,
1658 4101 1774 4156 sive

190 4189 370 4260 lapsus
400 4192 456 4246 in
486 4191 676 4247 carnis
702 4190 1348 4261 delicias,-voluptatesve
1381 4192 1533 4259 prius
1563 4191 1770 4260 experti

188 4282 461 4338 cautiores
514 4281 782 4352 reddant)
831 4281 1150 4336 irretiuntur
1198 4279 1489 4342 illecebris,
1523 4288 1686 4352 atque
1718 4281 1772 4335 in

193 4372 400 4428 malum
453 4372 844 4444 prolabuntur.
900 4372 1120 4429 Utinam
1171 4371 1274 4426 ista
1307 4371 1627 4441 smpiuscule
1673 4387 1771 4426 usu

186 4478 293 4518 non
335 4465 632 4520 venirent!
679 4462 1042 4530 Quamobrem
1071 4461 1129 4518 S.
1163 4461 1488 4517 Benedictus
1534 4469 1774 4518 rectores

189 4555 495 4610 animarum
526 4556 781 4610 admonet
805 4555 1094 4625 quominus
1153 4569 1249 4610 eos
1296 4554 1388 4624 qui
1430 4554 1629 4609 mundo
1688 4569 1774 4608 re-

187 4647 335 4715 pudii
360 4646 607 4703 libellum
626 4647 908 4712 remisere,
944 4645 1234 4701 identidem
1275 4644 1418 4698 foras
1443 4645 1622 4714 egredi
1654 4660 1772 4714 per-

191 4738 409 4794 mittant
437 4757 452 4793 :
498 4757 518 4791 ‹
547 4737 684 4805 Quia
711 4739 954 4806 omnino,
989 4738 1128 4804 infit,
1157 4754 1262 4793 non
1311 4739 1528 4808 expedit
1559 4739 1770 4793 anima-

191 4830 288 4883 bus
309 4845 524 4895 eorum,
553 4851 574 4884 ι
610 4846 730 4901 cap.
763 4831 832 4885 66
861 4831 1075 4901 regular.

263 4923 336 4974 De
379 4937 674 4989 [tuererum
708 4921 816 4976 Deo
842 4937 872 4976 a
908 4922 1224 4990 parentibus
1254 4921 1555 4976 oblatorum
1602 4922 1768 4992 preli-

191 5011 310 5064 xius
351 5011 565 5079 egimus
598 5010 661 5063 ad
711 5011 770 5064 Β.
826 5010 1111 5064 Lanfranci
1166 5011 1326 5080 epist.
1377 5011 1466 5064 52.
1514 5010 1771 5079 Superest

193 5109 248 5153 ut
291 5101 584 5154 formulam
615 5102 975 5157 sistendorum
1004 5103 1313 5157 earumdem
1352 5117 1450 5170 pro
1485 5103 1638 5156 altari
1677 5119 1770 5172 per

193 5191 521 5244 monachum
551 5193 818 5246 seniorem
849 5192 953 5246 huc
984 5201 1241 5246 attexam.
1384 5200 1390 5206 '

261 5279 406 5334 Puer
449 5295 579 5335 vero
627 5283 720 5350 qui
780 5297 903 5338 cum
955 5283 1130 5338 laicali
1168 5283 1250 5339 vel
1297 5285 1530 5340 clericali
1579 5285 1768 5340 habitu

178 5371 426 5438 venerit,
467 5371 614 5427 hunc
655 5375 988 5428 camerarius
1023 5373 1077 5428 in
1120 5376 1434 5430 vestiarium
1481 5363 1639 5430 ducat
1676 5393 1769 5432 eo-

191 5462 312 5513 dem
331 5459 500 5514 modo
523 5461 854 5516 vestiendum
876 5478 981 5533 quo
1005 5464 1233 5533 quilibet
1260 5467 1490 5520 novitius
1521 5467 1764 5532 vestitur,

191 5558 390 5617 praeter
419 5550 568 5618 quod
605 5551 654 5605 ei
699 5567 805 5607 non
837 5553 1180 5618 stamineum,
1238 5554 1330 5608 sed
1360 5570 1458 5623 pro
1503 5553 1766 5610 staminea

185 5637 409 5692 camisia
455 5637 602 5694 linea
645 5641 822 5696 datur.
854 5643 988 5698 Cum
1035 5644 1211 5699 visum
1249 5643 1411 5698 fuerit
1435 5644 1630 5699 domno
1667 5646 1764 5699 ab-

180 5724 311 5793 bati,
345 5726 627 5797 capellam
669 5732 735 5786 de
777 5731 958 5789 frocco
987 5735 1103 5801 ejus
1133 5733 1286 5803 jubet
1316 5733 1538 5802 auferri,
1576 5745 1630 5790 et
1672 5752 1766 5792 cu-
1805 5813 1814 5817 _

1877 3288 2032 3344 culla:
2077 3285 2379 3340 benedictio
2410 3299 2516 3336 non
2548 3283 2795 3344 iteratur,
2830 3295 2928 3333 nec
2968 3279 3202 3339 exuitur,
3236 3289 3334 3329 nec
3365 3275 3447 3326 in-

1875 3380 2078 3441 duitur,
2119 3375 2218 3428 nisi
2250 3375 2391 3428 sicut
2417 3382 2472 3428 et
2503 3374 2650 3442 prius
2673 3383 2810 3436 erat,
2840 3390 2859 3422 ι
2888 3381 2992 3425 etc.

1945 3471 2026 3524 Ex
2068 3483 2185 3538 cap.
2234 3467 2302 3522 29
2329 3474 2454 3521 stat.
2487 3463 2952 3528 Cluniacensium,
3002 3462 3068 3514 de
3103 3459 3298 3528 quibus
3351 3471 3448 3511 su-

1910 3575 1990 3615 ra.

1910 3578 1990 3615 ra.

1873 3578 1906 3633 p
1945 3651 2036 3722 (³⁷)
2077 3649 2205 3702 Imu.
2231 3679 2300 3688 —
2330 3645 2493 3699 Tanto
2531 3647 2673 3699 intra
2707 3643 3054 3698 coenobiorum
3089 3650 3230 3710 septa
3268 3637 3447 3693 remis-

1873 3747 2009 3801 siore
2037 3744 2209 3797 studio
2234 3739 2556 3794 victitabant.
2587 3737 2639 3792 Id
2668 3737 2768 3791 loci
2797 3736 3096 3789 illustratur
3113 3733 3257 3787 Petri
3284 3731 3450 3801 586

1876 3832 2209 3890 Venerabilis
2255 3840 2502 3885 statuto:
2564 3848 2581 3879 ι
2618 3828 2895 3882 Statutum
2929 3833 3031 3890 est,
3079 3823 3155 3878 ait
3201 3823 3336 3891 ipse,
3387 3829 3450 3874 ut

1871 3917 2080 3993 nullus,
2126 3926 2288 3980 etiam
2335 3939 2402 3978 ex
2441 3921 2815 3986 concessione,
2863 3918 3076 3973 futurus
3127 3915 3442 3974 monachus,

1871 4017 2208 4090 regularibus
2255 4029 2424 4084 usque
2473 4013 2541 4068 ad
2590 4026 2792 4066 annum
2837 4009 3156 4080 vigesimum
3197 4005 3444 4062 vestibus

1874 4109 2146 4165 induatur.
2193 4106 2368 4162 Causa
2404 4104 2634 4160 instituti
2670 4101 2829 4172 hujus
2873 4102 2972 4156 fuit
3013 4101 3325 4164 immatura,
3367 4097 3451 4150 ni-

1875 4202 2084 4268 misque
2136 4197 2280 4252 celer
2325 4195 2610 4249 infantium
2659 4194 2951 4263 susceptio,
2991 4191 3107 4260 qui,
3150 4197 3438 4255 antequam

1873 4290 2078 4360 aliquid
2131 4285 2472 4342 rationabilis
2517 4284 2887 4355 intelligentia:
2940 4283 3144 4336 habere
3200 4285 3443 4350 possent,

1876 4395 2050 4436 sacrae
2098 4376 2376 4445 religionis
2409 4375 2647 4430 vestibus
2693 4373 3074 4436 induebantur,
3123 4378 3176 4426 et
3228 4367 3444 4423 admisti

1881 4469 2023 4535 aliis,
2051 4466 2352 4538 puerilibus
2397 4462 2613 4533 ineptiis
2638 4476 2825 4516 omnes
2846 4459 3234 4530 perturbabant
3264 4475 3276 4510 :
3310 4464 3366 4511 et
3389 4464 3450 4510 ut

1879 4560 2126 4632 quadam
2159 4569 2385 4620 taceam,
2415 4564 2470 4612 et
2500 4553 2666 4610 multa
2695 4552 2933 4608 breviter
2964 4550 3235 4630 colligam,
3263 4557 3319 4603 et
3345 4546 3448 4602 sibi

1879 4648 2015 4705 nihil
2043 4661 2180 4718 pene
2213 4646 2526 4716 proderant,
2557 4649 2611 4697 et
2648 4641 2875 4695 aliorum
2925 4646 3109 4708 postea
3136 4635 3446 4707 religiosum

1873 4739 2206 4810 propositum
2250 4751 2355 4792 non
2396 4749 2612 4806 parum,
2648 4733 2755 4787 imo
2796 4731 3119 4800 quandoque
3160 4727 3449 4799 plurimum

1874 4831 2257 4902 impediebant.
2295 4846 2314 4880 ι
3339 4865 3378 4896 ο

1946 4925 2034 4994 (⁸⁸)
2077 4923 2206 4976 ΙΒΙΙ).
2232 4951 2300 4960 -
2325 4916 2724 4973 Ecclesiasticas
2757 4915 3031 4969 occasione
3079 4911 3274 4982 difﬁcili
3301 4908 3448 4962 dila-

1870 5016 2054 5086 pidare
2077 5015 2344 5083 pecunias,
2381 5020 2492 5066 etc.
2536 5009 2690 5064 Heu!
2741 5023 2902 5078 quam
2950 5007 3001 5060 in
3034 5003 3287 5073 profanas
3330 5001 3448 5072 (ne

1873 5102 2000 5172 quid
2032 5101 2296 5172 gravius.)
2346 5109 2402 5154 et
2431 5098 2611 5152 varias
2659 5096 2929 5165 discerpta
2970 5101 3152 5163 partes
3186 5089 3444 5146 ecclesia-

1873 5209 1993 5249 rum
2023 5192 2583 5258 monasteriorumque
2609 5188 2746 5243 bona
2778 5205 2790 5238 :
2831 5200 2949 5254 quae
2981 5203 2998 5235 ‹
3018 5191 3140 5238 vota
3170 5189 3294 5236 sunt
3321 5179 3447 5238 Iide-

1871 5282 2023 5352 lium,
2052 5293 2106 5339 et
2148 5283 2316 5352 pretia
2337 5281 2713 5352 peccatorum,
2753 5293 2816 5332 ac
2867 5274 3188 5345 patrimonia
3243 5284 3447 5340 paupe-

1872 5390 2014 5438 rum,
2047 5393 2064 5424 ›
2100 5373 2381 5441 scripsisse
2411 5371 2636 5424 traditur
2667 5367 2913 5421 Urbanus
2949 5379 3084 5432 papa
3111 5363 3152 5426 Ι,
3194 5371 3246 5414 et
3277 5360 3448 5430 Edga-

1871 5481 1964 5520 rus
2001 5465 2292 5535 Anglorum
2344 5477 2435 5516 rex
2473 5479 2485 5514 :
2517 5479 2534 5510 ι
2573 5459 2708 5514 Sunt
2759 5457 3080 5528 patrimonia
3127 5467 3447 5522 pauperum,

1872 5569 1936 5608 ac
1966 5553 2186 5623 pretiosi
2213 5551 2414 5607 Christi
2440 5549 2717 5619 sanguinis
2744 5547 2998 5617 pretium.
3023 5565 3041 5597 ›
3073 5544 3307 5613 Quzeque
3342 5543 3450 5595 Deo

1873 5661 1935 5700 ac
1960 5646 2164 5700 sanctis
2202 5643 2349 5708 data,
2386 5653 2445 5696 ut
2477 5642 2561 5696 die
2589 5648 2856 5709 noctuque
2888 5638 3070 5692 laudes
3112 5635 3304 5692 smumi
3335 5648 3450 5687 om-

1873 5739 2022 5794 nium
2075 5737 2350 5794 Creatoris
2414 5735 2782 5801 concinentes,
2844 5734 3076 5788 habeant
3134 5734 3332 5787 victum
3387 5741 3451 5780 ac
