4018 6324
651 347 782 402 1065

1571 350 1656 402 AD
1686 349 1833 404 OPP.
1861 348 2015 402 VEN.
2044 349 2364 406 GUlBERTI
2397 351 2484 406 DE
2513 352 2905 411 NOVIGENTO

3738 372 3838 428 lOB-l

603 513 606 518 η
633 450 913 521 vestitum,
945 458 1122 513 ferunt
1149 473 1334 520 omnes
1361 461 1742 529 propemodum
1767 463 2212 518 monasteriorum
2244 471 2286 526 Λ
2327 465 2610 518 rumetiam
2639 465 2950 522 clarissimis
2984 478 3146 539 atque
3182 473 3464 529 ditissimis
3494 477 3699 546 enituit,
3726 500 3742 532 ι
3763 494 3839 543 etc.

642 549 1000 603 fundationes.
1033 549 1087 602 In
1136 551 1529 604 restauratione
1571 552 1881 606 monasterii
1922 551 2210 608 Besuensis

639 635 711 688 ita
763 636 1000 704 loquitur
1047 636 1330 693 Albericus
1355 637 1724 710 Lingonensis,
1750 641 2050 711 episcopus,
2091 653 2211 712 post

633 736 944 782 enumerata
977 743 1007 781 a
1046 742 1104 784 se
1133 729 1324 784 collata
1353 749 1365 784 :
1398 749 1418 782 ‹
1450 731 1509 784 ln
1536 731 1892 786 substantiam
1919 736 2210 790 monacho-

634 831 776 881 rum,
813 827 868 871 et
891 818 1200 874 alimoniam
1229 834 1542 889 pauperum,
1569 832 1622 876 et
1652 831 1712 876 ut
1747 823 1942 879 ibidem
1973 825 2204 882 delecte-

633 912 723 958 tur
750 906 921 960 servis
949 907 1042 962 Dei
1071 908 1528 964 Domino‘servire
1553 926 1568 974 ;
1612 918 1666 965 et
1693 925 1793 980 pro
1831 927 1956 981 rege
1983 913 2204 982 ejusque

631 995 882 1066 conjuge,
911 1006 964 1052 et
986 997 1174 1053 liberis
1204 1000 1372 1068 ipsius
1399 1008 1454 1055 et
1475 1001 1640 1056 totius
1668 1001 1876 1071 imperii
1913 1003 2204 1060 stabilitate

621 1081 826 1151 jugiter
885 1086 1095 1141 Domini
1163 1087 1590 1144 misericordiam
1640 1090 1962 1160 implorare,
2010 1111 2030 1145 ›
2092 1103 2197 1148 etc.

627 1172 931 1232 Chronicon
962 1176 1230 1233 Besuense
1255 1193 1356 1234 ms.
1397 1178 1501 1234 Sed
1525 1189 1580 1234 et
1619 1180 1871 1237 Aldricus
1910 1182 2196 1238 Scnoneu-

627 1265 703 1320 sis
748 1267 996 1330 antistes,
1032 1269 1132 1324 hoc
1157 1284 1315 1324 sensu
1347 1285 1473 1326 suos
1503 1270 1871 1343 sull'raganeos
1909 1277 2198 1344 compella-

623 1351 721 1406 bat
775 1354 828 1407 in
875 1356 1063 1411 charta
1117 1373 1218 1412 ms.
1267 1359 1674 1416 instaurationis
1730 1364 1959 1418 coenobii
2013 1365 2194 1420 Sancti

625 1441 854 1513 Remigii
899 1461 1064 1514 prope
1112 1448 1399 1504 Senonas:
1439 1468 1458 1500 ι
1493 1450 1739 1507 Sciamus
1795 1470 1907 1508 rem
1954 1456 2194 1513 ecclesiae

623 1547 743 1587 esse
772 1534 1070 1590 oblationes
1119 1537 1376 1602 fidelium,
1418 1541 1599 1609 pretia
1629 1553 1993 1611 peccatorum,
2025 1549 2190 1614 patri-

1253 1644 1453 1699 easque
1498 1632 1654 1687 nobis
1714 1635 2186 1702 administrandas,

616 1715 1007 1782 procuraudas,
1056 1728 1216 1787 atque
1245 1722 1572 1778 ordinandas
1619 1727 1942 1795 suscepisse,
1991 1730 2186 1782 barum

619 1624 800 1677 monia
868 1640 1182 1694 pauperum,

2311 554 2377 607 Et
2407 554 2547 609 infra
2579 573 2590 608 :
2625 574 2642 606 ι
2676 557 2902 626 Lapides
2931 559 3175 628 ferendo,
3226 564 3409 619 fenum
3441 583 3472 621 e
3499 571 3664 636 pratis
3697 587 3842 631 secan-

2309 644 2398 709 do,
2424 647 2631 700 stabula
2664 651 2922 716 curando,
2949 661 3002 706 et
3029 655 3287 724 maxime,
3311 665 3372 712 ut
3401 659 3544 713 idem
3575 662 3843 732 simpliciter

2308 734 2592 801 referebat,
2621 739 2882 796 carbones
2899 745 2964 796 ad
2983 759 3146 813 opera
3171 746 3382 803 fabrilia
3401 749 3669 818 faciendo,
3683 756 3842 814 victum

2305 825 2404 910 sibi
2431 843 2548 880 cum
2575 845 2741 898 parvo
2767 846 2930 886 censu
2963 837 3298 901 providebat.
3323 857 3342 891 ι
3375 839 3594 910 Surius,
3623 854 3744 900 tom.
3775 849 3840 905 lll.

2305 904 2570 976 Sigebert.
2598 911 2664 991 ad
2689 927 2884 967 annum
2913 915 3071 970 1550.

2374 996 2466 1067 (εί)
2505 997 2633 1053 luto.
2669 1029 2738 1039 —
2764 1001 2940 1071 Hujus
2966 1009 3337 1061 monasterium
3369 1009 3612 1078 petivere.
3659 1013 3839 1074 Celebre

2303 1085 2440 1140 istud
2468 1091 2850 1144 monasterium
2881 1109 3045 1163 prope
3077 1095 3320 1154 Turonas
3348 1100 3414 1153 ad
3445 1101 3642 1155 fluenta
3671 1103 3838 1174 Ligeris

2299 1173 2484 1239 situm,
2519 1191 2548 1230 a
2585 1188 2774 1234 sancto
2805 1181 3034 1238 Martino
3081 1189 3491 1260 archiepiscopo
3517 1197 3739 1263 sumpsit
3764 1198 3838 1253 ini-

2300 1263 2452 1318 tium.
2483 1265 2560 1320 De
2607 1284 2714 1337 quo
2747 1269 3046 1342 Gregorius
3077 1276 3282 1334 Turon.
3319 1280 3397 1336 De
3441 1282 3611 1352 gloria
3644 1286 3833 1349 confess

2297 1365 2416 1422 cap.
2451 1354 2516 1420 8;
2548 1356 2766 1414 Glaber.
2800 1361 2893 1416 lib.
2923 1380 3003 1429 ιιι,
3032 1381 3154 1434 cap.
3179 1370 3234 1434 ὁ,
3265 1379 3320 1426 et
3347 1371 3459 1426 alii.

2368 1445 2432 1498 Et
2472 1449 2724 1514 quoniam
2771 1457 3232 1514 nomenclaturam
3282 1463 3543 1517 abbatum
3577 1481 3608 1519 a
3637 1466 3834 1527 Roberto

2294 1535 2346 1588 in
2392 1537 2560 1591 Gallia
2595 1540 2902 1598 Christiana
2944 1550 3269 1616 expositam,
3323 1553 3378 1606 in
3409 1554 3596 1609 multis
3627 1558 3830 1614 vitiosam
3889 1601 3898 1608 .

2293 1625 2667 1694 animadverti,
2715 1643 2978 1702 quotquot
3022 1652 3089 1690 ex
3143 1641 3382 1710 antiquis
3434 1645 3752 1702 membranis
3782 1665 3830 1704 ac

2294 1715 2576 1772 ruderibus
2623 1719 3148 1787 ejusdem-ahbatiae
3214 1731 3461 1800 reperire
3519 1733 3715 1801 licebit,
3750 1739 3829 1793 huc

615 1817 795 1857 rerum
847 1807 1314 1864 administratores
1363 1827 1461 1868 nos
1511 1828 1652 1880 esse,
1678 1817 1987 1872 meminisse
2027 1819 2186 1874 debe-
2222 1810 2259 1864 Β
2289 1813 2530 1860 “uexere
2570 1808 2710 1862 ¹¹³¹¹ι¹
2751 1811 2942 1868 mum"
2970 1813 3086 1870 Γοτθ
3110 1817 3371 1886 imm!“-

613 1907 736 1948 mus
774 1912 786 1947 :
817 1905 872 1949 et
896 1897 1135 1953 redditus
1166 1914 1538 1970 expansasque
1568 1919 1753 1958 earum
1784 1907 1862 1960 eis
1881 1909 2064 1961 usibus
2087 1925 2182 1979 ap-

613 1982 840 2050 plicare,
867 2002 1098 2054 quorum
1129 1991 1300 2058 gratia
1333 1993 1526 2046 divinis
1549 1993 1809 2049 altaribus
1835 1996 2063 2066 alligata}
2091 2015 2184 2054 no-

614 2082 859 2128 scuntur.
899 2094 918 2148 t
954 2075 1258 2133 Chronicon
1289 2081 1613 2138 DivionenSe
1655 2087 1956 2142 ineditum:
1991 2107 2009 2138 t
2046 2090 2184 2143 Cou-

581 2162 731 2217 ‘tulit
768 2180 863 2220 rex
921 2166 1268 2226 Guntrannus
1323 2171 1432 2226 Deo
1473 2187 1526 2228 et.
1583 2185 1770 2230 sancto
1825 2178 2062 2247 Benigno
2113 2181 2179 2234 ad

607 2254 810 2308 victum
842 2260 1224 2314 monachorum
1245 2263 1354 2317 Deo
1383 2264 1437 2317 in
1463 2265 1563 2320 hoc
1595 2266 1713 2322 loco
1740 2269 2178 2336 deservieutium,

607 2353 666 2397 ut
699 2360 796 2414 pro
824 2361 884 2402 se
914 2364 982 2403 ac
1017 2353 1356 2420 sequentium
1389 2371 1574 2425 regum
1619 2358 1792 2412 salute
1833 2369 1887 2413 et
1928 2372 2178 2430 peceato-

606 2451 726 2490 rum
755 2441 1070 2496 remissione
1111 2444 1348 2500 divinant
1379 2461 1605 2503 exorent
1633 2450 1968 2506 clementiam
1999 2470 2178 2507 mona-

593 2527 714 2580 chi.
776 2529 999 2599 lnsuper
1045 2535 1208 2588 etiam
1259 2537 1494 2592 instituit
1546 2550 1605 2594 ut
1656 2542 1722 2595 ad
1771 2543 2174 2598 similitudinem

602 2621 916 2674 monasterii
964 2621 1283 2678 Sanctorum
1312 2627 1733 2696 Agaunensium,
1784 2632 1874 2686 ditt
1913 2644 2178 2704 noctuque

603 2708 840 2763 divinum
879 2713 1273 2780 persolveretur
1295 2717 1552 2786 ollicium,
1586 2738 1605 2772 ι
1649 2730 1757 2776 etc.
1828 2745 1842 2754 δ

673 2798 975 2856 Ludovicus
1022 2803 1150 2860 Pius
1189 2806 1483 2877 imperator
1533 2812 1811 2867 rnonachis
1855 2815 2175 2870 Anianensi-

602 2887 704 2942 bus
731 2890 1014 2946 ecclesiam
1065 2894 1249 2950 Sancti
1286 2897 1500 2954 Martini
1541 2901 1897 2969 Arelatensis,
1927 2916 1982 2960 et
2025 2922 2172 2976 qua:-

597 2991 809 3047 cunque
845 2981 911 3035 ad
963 2997 1080 3037 eam
1127 2987 1482 3055 pertinerent,
1533 2995 1857 3059 concedens,
1905 2996 1989 3051 his
2035 2997 2174 3052 inter

597 3065 701 3118 alia
736 3070 912 3125 verbis
945 3074 1112 3127 utitur
1139 3091 1154 3127 :
1191 3095 1210 3128 ι
1247 3075 1397 3132 lianc
1421 3090 1619 3136 nostra:
1644 3085 1980 3140 auctoritatis
2001 3088 2169 3142 dona-

2505 1896 2765 1952 Elenchus
2799 1903 3040 1956 abbatum
3072 1905 3295 1975 Majoris
3325 1912 3650 1966 monasterii.

2354 1982 2568 2040 Primus
2609 1989 2778 2044 abbas
2801 2006 2865 2044 ac
2900 1993 3155 2048 fundator
3196 2007 3418 2052 sanctus
3448 1999 3708 2059 Martinus
3731 2007 3823 2074 epi-

2299 2089 2494 2144 scopus
2524 2075 2872 2135 Turonensis.
2912 2081 2975 2135 ll.
3003 2083 3288 2140 Galbertus
3311 2103 3353 2155 ,ε
3386 2088 3448 2142 Β.
3479 2089 3708 2147 Martino
3741 2095 3828 2151 ele-

2284 2172 2401 2217 ctus
2425 2178 2490 2218 ac
2523 2165 2859 2224 benedictus.
2884 2170 3051 2237 Quem
3083 2177 3358 2230 consecuti
3391 2179 3668 2249 regulares
3693 2184 3826 2239 abba-

2283 2261 2366 2304 tes
2415 2252 2686 2322 (quorum
2737 2258 2952 2312 nomina
3004 2261 3279 2317 oblivione
3327 2266 3582 2336 sepulta)
3629 2285 3812 2326 omnem

2282 2351 2613 2396 navaverunt
2636 2359 2877 2414 operam,
2910 2356 2967 2402 ut
2999 2349 3053 2402 in
3081 2349 3268 2418 Majori
3299 2357 3632 2412 monasterio
3657 2361 3814 2431 religio

2284 2427 2519 2484 floreret.

2350 2519 2511 2590 587
2542 2521 2628 2575 lll.
2653 2523 2720 2578 Et
2742 2525 2846 2580 hoc
2870 2529 3116 2598 equidem
3149 2547 3319 2604 usque
3345 2535 3410 2588 ad
3441 2535 3729 2594 Robertum
3752 2555 3825 2596 co-

2279 2610 2463 2664 mitem
2501 2611 2702 2669 Odonis
2753 2619 2897 2687 regis
2930 2619 3154 2678 fratrem
3200 2642 3212 2690 :_
3251 2626 3343 2693 qui
3373 2642 3559 2683 cernes
3592 2640 3647 2684 et
3689 2632 3824 2686 abbas

2280 2699 2492 2770 Majoris
2523 2710 2860 2777 monasterii,
2889 2711 2942 2765 in
2968 2714 3156 2768 charta
3194 2731 3336 2771 anno
3377 2719 3412 2772 6
3441 2722 3593 2791 regni
3617 2721 3822 2790 ejusdem

2277 2791 2476 2848 Odouis
2504 2795 2768 2862 confecta,
2795 2813 3156 2872 nuncupatur.

2348 2883 2629 2940 Destructo
2675 2903 2705 2941 a
2755 2887 3140 2948 Northmannis
3181 2899 3538 2963 monasterio,
3591 2901 3819 2971 caesisque

2276 2974 2574 3040 monachis,
2603 2977 2693 3046 qui
2723 2981 3043 3048 superstites
3070 2983 3287 3039 fuerunt
3312 3003 3416 3040 una
3444 3005 3568 3044 cum
3597 2994 3823 3046 sacratis-

2275 3064 2410 3119 simo
2437 3063 2497 3118 Β.
2539 3065 2754 3123 Martini
2785 3072 3006 3140 pignore
3059 3075 3110 3128 in
3157 3076 3524 3146 Burgundiam
3555 3097 3816 3138 secessere.

599 3155 798 3211 “onem
835 3175 1132 3219 memorato
1161 3171 1488 3225 monasterio
1513 3173 1578 3224 ad
1625 3175 1891 3243 stipendia
1938 3177 2167 3233 fratrum
2199 3151 2238 3204 C
2270 3155 2340 3208 At
2361 3170 2427 3208 ex
2462 3156 2672 3212 clericis
2699 3163 2940 3215 nonnulli
2985 3163 3126 3219 inter
3153 3167 3338 3222 ruinas
3366 3169 3472 3224 sibi
3517 3171 3818 3229 fabricavere

593 3241 790 3300 ibidem
822 3249 929 3304 Deo
958 3249 1351 3322 famulantium,
1400 3268 1454 3312 et
1483 3261 1550 3314 ad
1586 3241 1820 3317 subsidia
1850 3280 2166 3334 pauperum,

594 3333 678 3385 vel
705 3335 772 3388 ad
803 3351 1020 3393 cunctas
1061 3343 1300 3411 ejusdem
1339 3351 1649 3403 monasterii
1692 3353 1885 3406 Arriani
1929 3359 2166 3412 necessi-

595 3428 734 3476 tates
755 3427 1129 3497 consulcndas,
1163 3433 1230 3485 ob
1283 3436 1701 3492 emolumentum
1749 3443 1941 3496 animae
1972 3456 2168 3500 nostra:

591 3517 976 3582 perpetualiter
1016 3524 1404 3593 concessimus,
1441 3546 1458 3578 ι
1489 3539 1594 3584 etc.
1651 3531 1740 3584 Sic
1787 3536 2167 3592 vetustissima:

592 3607 939 3661 membratim.

663 3715 760 3770 llis
781 3733 1015 3776 consona
1039 3723 1106 3779 de
1124 3727 1366 3784 ecclesia:
1392 3733 1583 3800 opibus
1603 3732 1758 3788 etiert
1781 3735 2160 3807 Tertullianus,

589 3803 869 3876 Apologet.
925 3827 1041 3880 cap.
1084 3814 1153 3869 59
1199 3835 1210 3868 :
1249 3837 1266 3869 ‹
1315 3819 1439 3875 Haec
1480 3822 1721 3892 deposita
1763 3826 1978 3894 pietatis
2016 3803 2160 3896 sunt,

592 3909 720 3949 nam
748 3899 872 3954 inde
903 3917 1005 3956 non
1048 3906 1239 3976 epulis,
1277 3925 1380 3964 non
1414 3914 1697 3979 potaculis,
1730 3931 1829 3970 nec
1875 3918 2160 3973 voratrinis

590 3986 946 4058 dispensatur,
973 4000 1063 4048 sed
1087 4001 1267 4067 egenis
1289 4002 1514 4068 alendis,
1539 4005 1947 4080 humandisque,
1967 4023 2020 4067 et
2040 4029 2162 4082 pue-

590 4077 668 4132 ris
695 4093 758 4134 ac
792 4084 1002 4151 pupillis
1027 4101 1084 4140 re
1104 4105 1166 4140 ac
1205 4093 1517 4158 parentibus
1559 4077 1856 4165 destitutis,
1891 4123 1909 4153 ι
1945 4077 2051 4158 etc:
2077 4107 2158 4159 Ad

592 4180 708 4220 rem
739 4169 894 4224 istaut
935 4190 1059 4250 quae
1107 4179 1173 4229 ad
1213 4194 1340 4233 suas
1383 4185 1600 4237 constit.
1648 4185 1925 4244 Benedict.
1970 4192 2158 4250 Patres

589 4259 738 4327 regni
765 4249 1104 4332 Portugalliae
1151 4270 1355 4339 amplas
1401 4277 1764 4343 possessiones
1807 4283 2012 4337 ordinis
2047 4301 2156 4339 me-

585 4361 884 4419 morantes,
917 4356 1340 4429 praeloquuntur,
1375 4366 1642 4422 adnotabo
1675 4387 1688 4421 :
1724 4388 1741 4420 ι
1791 4371 1918 4428 Haec
1964 4383 2018 4428 et
2048 4375 2152 4428 alia

586 4442 884 4500 omittimus
915 4447 965 4500 in
991 4449 1247 4506 ecclesias
1262 4499 1268 4515 ,
1282 4455 1521 4510 redacta.

727 4532 953 4626 Singula
976 4555 1090 4593 uuae
1113 4543 1254 4595 swcli
1287 4550 1480 4600 attriuit
1510 4550 1586 4602 sic
1622 4567 1755 4603 caua
1791 4562 2038 4620 vetustas,

733 4620 799 4676 Ut
825 4620 1047 4682 maneat!
1065 4642 1248 4686 ot‘wter
1273 4647 1448 4689 nostra
1477 4640 1621 4706 fuere
1649 4643 1798 4695 nihil.

585 4711 662 4766 Ea
692 4721 870 4770 tamen
914 4723 1278 4794 perstringere
1302 4727 1453 4791 libet,
1490 4731 1614 4797 quia
1659 4733 1778 4788 licet
1807 4736 2156 4793 alienationes

585 4803 742 4882 nobis
780 4806 886 4860 sint
910 4811 1121 4867 dolores
1144 4817 1421 4870 oculorum
1446 4829 1499 4872 et
1523 4822 1709 4886 animi,
1741 4825 1945 4880 indtces
1977 4838 2152 4882 tamen

585 4903 712 4948 sunt
751 4901 1076 4955 sanctissimi
1124 4907 1444 4972 patriarchae
1475 4911 1829 4986 (Benedicti)
1875 4918 2153 4972 eharitatis

584 4993 640 5036 et.
679 4989 992 5042 meritorum
1044 4993 1210 5060 ipsius
1249 5000 1418 5062 (adde
1453 5011 1506 5054 et
1555 5003 1786 5060 filiorum
1827 5009 2046 5076 pietatis
2089 5024 2153 5064 ac

585 5074 884 5149 doctrinm)
921 5079 1024 5132 vivi
1049 5097 1341 5152 praecones,
1368 5110 1384 5139 ι
1417 5104 1520 5146 etc.

655 5191 746 5262 (³⁸)
786 5193 913 5248 CAP.
939 5196 1029 5252 IX.
1059 5229 1128 5239 —
1167 5201 1464 5259 Vocabatur
1506 5221 1678 5263 autem
1721 5214 1828 5281 ipse
1858 5212 2149 5268 Ebrardus.

585 5277 754 5344 Quem
781 5288 966 5352 paucis
997 5289 1176 5346 laudat
1205 5295 1462 5352 Andr-deas
1485 5286 1767 5356 Ducltesne
1796 5303 1994 5358 llistor.
2021 5305 2153 5358 Dro-

585 5387 732 5426 cens.
763 5373 856 5429 lib.
887 5392 925 5441 ι,
967 5395 1088 5452 pag.
1114 5385 1202 5449 ‘24,
1229 5388 1314 5442 tibi
1345 5399 1392 5441 et
1430 5391 1493 5444 de
1522 5390 1724 5446 familia
1749 5395 2003 5448 comitum
2035 5397 2152 5449 Bri-

585 5465 890 5528 toliensium
923 5495 934 5529 :
965 5479 1109 5533 illum
1139 5496 1203 5535 eo
1233 5482 1330 5536 loci
1362 5485 1468 5548 adi,
1504 5487 1548 5537 si
1579 5487 1772 5555 placet.

655 5559 744 5630 (ιο)
778 5562 908 5621 lum.
938 5560 1008 5610 9—
1039 5571 1458 5639 Theudebaldus,
1489 5585 1593 5630 etc.
1646 5579 1758 5632 sive
1789 5579 2148 5636 'l‘heobaldus.

583 5643 745 5716 Cujus
775 5653 1098 5728 biographus
1141 5664 1190 5715 ei
1243 5673 1725 5736 contemporaneus
1771 5673 1884 5726 haec
1931 5672 2091 5727 habet
2133 5691 2146 5725 :

591 5755 608 5786 ι
648 5738 989 5804 Theobaldus
1019 5754 1333 5820 parentibus
1359 5773 1462 5811 non
1515 5761 1688 5818 solum
1724 5764 2011 5834 nobilibus,
2057 5784 2148 5826 ve-

2181 4474 2232 4532 D

2274 3245 2623 3314 domicilium,
2654 3258 2708 3302 et
2739 3248 2915 3304 locum
2962 3252 3145 3321 plures
3173 3271 3271 3323 per
3299 3273 3472 3314 annos
3497 3275 3818 3332 occuparunt.

2271 3334 2344 3388 lta
2371 3336 2434 3390 iis
2464 3341 2864 3408 praetermissis,
2897 3345 2964 3398 ad
2990 3335 3266 3416 regulares
3293 3357 3699 3410 transeundum.

2340 3425 2424 3478 ιν.
2473 3429 2529 3482 S.
2562 3428 2789 3498 Majolus
2829 3436 2998 3490 abbas
3037 3438 3434 3506 Cluniaeensis,
3465 3457 3690 3515 rogante
3715 3447 3812 3503 Ble-

2269 3519 2412 3572 sensi
2443 3521 2640 3576 comite
2691 3523 2901 3589 Odone,
2943 3533 3302 3588 monasticam
3353 3538 3602 3592 ordinem
3653 3543 3815 3609 postli-

2269 3605 2435 3661 minio
2475 3607 2527 3662 in
2579 3611 2869 3678 pristinum
2919 3625 3114 3672 statum
3160 3624 3456 3678 revocavit.
3507 3605 3688 3682 Prodit
3723 3630 3814 3683 hac

2267 3694 2481 3750 disertis
2534 3701 2714 3754 verbis
2741 3704 2928 3758 charta
2979 3706 3286 3763 donationis
3334 3727 3526 3768 eorum
3557 3731 3674 3784 quae
3711 3716 3812 3772 Ste-

2264 3785 2472 3852 phanus
2502 3787 2771 3857 Blesensis
2801 3808 2981 3849 comes
3009 3797 3194 3865 Majori
3229 3805 3562 3858 monasterio
3602 3807 3815 3862 contule-

2265 3883 2368 3927 rat.
2407 3894 2422 3924 ε
2463 3875 2561 3930 Ubi
2586 3877 2698 3933 Odo
2724 3896 2855 3935 avus
2876 3899 3048 3951 meus,
3081 3886 3254 3956 inquit
3283 3890 3416 3958 ipse,
3459 3901 3517 3947 et
3543 3895 3700 3950 frater
3718 3898 3812 3965 ejus

2263 3963 2413 4034 llugo
2442 3965 2794 4050 Bituriceusis
2835 3977 3280 4048 archiepiscopus
3329 3992 3386 4038 et
3437 3999 3628 4042 eorum
3664 3963 3812 4042 mater

2261 4059 2463 4114 humati
2481 4061 2694 4130 jacent;
2723 4075 2778 4119 et
2815 4068 2958 4133 quod
2993 4079 3114 4138 post
3143 4074 3486 4130 eversionem
3509 4093 3538 4131 a
3565 4078 3717 4134 Danis
3744 4079 3811 4133 fa-

2260 4159 2400 4203 ctam
2431 4162 2784 4218 cxstructum,
2818 4165 2904 4222 et,
2936 4161 3132 4216 amotis
3161 4165 3462 4232 canonicis,
3489 4166 3812 4226 facultatibus

2259 4240 2371 4293 suis
2399 4253 2640 4307 auctum,
2688 4248 2989 4303 monastieo
3023 4253 3220 4314 ordini,
3262 4255 3350 4322 qui
3405 4257 3474 4310 ab
3506 4257 3657 4314 initio
3691 4261 3812 4314 anti-

2258 4331 2461 4398 quitus,
2492 4348 2518 4384 a
2557 4341 2793 4402 tempore
2829 4338 2974 4392 beati
3004 4339 3215 4396 Martini
3248 4345 3321 4398 ibi
3349 4345 3549 4412 fuerat,
3583 4352 3812 4406 restitue-

2259 4428 2413 4486 runt;
2452 4423 2810 4494 abbatemque
2851 4426 3240 4485 Guillebertum
3273 4437 3494 4490 nomine
3523 4453 3810 4508 posuerunt,

2260 4526 2288 4561 a
2323 4521 2512 4564 saneto
2565 4512 2760 4571 Maiolo
2810 4517 2908 4571 sibi
2949 4520 3014 4572 de
3051 4521 3310 4578 Cluniaco
3357 4525 3565 4583 datum.
3601 4530 3814 4596 Quorum

2259 4613 2488 4666 sequens
2518 4602 2742 4672 vestigia
2790 4615 2946 4672 pater
2977 4623 3150 4672 meus,
3178 4622 3285 4664 tum
3323 4629 3424 4682 pro
3453 4621 3748 4674 reverentia
3769 4629 3816 4674 et

2257 4703 2439 4741 amore
2475 4689 2693 4759 gloriosi
2725 4695 3054 4751 confessoris
3104 4699 3305 4754 Christi
3336 4703 3576 4770 Martini,
3610 4719 3712 4763 tum
3733 4725 3815 4778 pro

2260 4778 2513 4848 religione
2547 4783 3406 4859 inhabitantium.mouachoruut,
3453 4800 3693 4855 eamdem
3736 4805 3816 4854 ab-

2255 4868 2455 4922 batiam
2502 4872 2566 4924 de
2615 4875 2917 4930 substantia
2965 4895 3059 4932 sua
3110 4881 3398 4937 honoravit
3448 4887 3728 4943 admodum
3771 4901 3816 4944 et

2255 4963 2644 5031 augmentavit,
2681 4985 2703 5016 ι
2741 4976 2845 5022 etc.
2902 4969 2979 5022 Eo
3028 4971 3190 5042 igitur
3233 4979 3566 5053 monasterio
3596 4981 3816 5056 apprime

2253 5053 2510 5118 stabilito,
2545 5065 2598 5109 et
2619 5056 2930 5127 dignitatem
2958 5062 3302 5128 abbatialem,
3330 5075 3386 5120 et
3399 5053 3812 5135 jurisdictionem

2253 5143 2725 5214 omnimodamque
2778 5157 3098 5216 potestatem
3143 5154 3194 5206 in
3247 5155 3504 5211 humeros
3545 5159 3812 5215 Gisleberti

2255 5231 2518 5300 deposuit.

2324 5323 2388 5376 V.
2425 5323 2760 5382 Gislchertus
2789 5331 3024 5385 unanimi
3057 5334 3282 5389 fratrum
3307 5351 3534 5392 assensu
3565 5339 3619 5393 in
3645 5355 3790 5397 emno

2253 5416 2525 5470 biarcham
2558 5430 2863 5488 assumptus
2889 5433 2970 5477 est
2999 5442 3090 5480 an.
3123 5427 3246 5481 970.

2323 5506 2406 5559 Vl.
2446 5506 2734 5563 Beruerius
2769 5510 2888 5564 987.

2321 5595 2427 5647 VH.
2488 5597 2826 5654 Gauzberttts
2880 5603 3055 5671 primo
3115 5607 3296 5663 Sancti
3357 5610 3556 5669 Jttliani
3621 5613 3804 5670 Tum.

2250 5685 2440 5740 deinde
2473 5689 2628 5741 simul
2655 5691 2868 5760 Majoris
2887 5708 3114 5751 tuonast.
3133 5698 3391 5770 Burgulii,
3423 5715 3479 5759 et
3501 5707 3804 5762 Maflcacett-

2249 5777 2326 5829 sis
2348 5776 2512 5832 abbas
2547 5778 2644 5833 fuit
2675 5782 2830 5838 1007.
