4018 6324
187 362 316 420 1065

249 474 386 529 ΠΗ.
433 471 752 532 Sicbardus,
783 472 897 524 sive
925 467 1242 521 Sichardus.

251 566 347 621 IX.
389 564 666 620 Ebrardns
696 561 850 616 10l~5.
889 559 958 614 Ut
985 557 1176 612 ablata.-
1202 568 1571 624 posscssmncs
1605 553 1763 606 resti-

191 666 498 721 tuerentur,
531 654 756 709 muttum
789 649 1070 706 desudavit
1091 646 1520 713 elaboravitque.

259 749 327 806 Χ.
369 746 624 802 Albertus
661 742 818 798 1037.
859 741 969 799 [loc
1014 741 1212 794 abbate
1260 737 1518 791 Airardus
1557 733 1768 788 Nanne-

139 817 142 820 I
193 843 364 899 tensis
397 841 704 910 episcopus,
735 845 892 890 antea
945 831 1131 888 Sancti
1163 829 1315 884 Pauli
1349 829 1406 882 in
1438 827 1570 882 urbe
1601 825 1769 880 abbas

191 946 248 991 et
281 933 597 998 cardinalis,
633 928 818 996 Majori
873 923 1226 988 Monasterio,
1276 921 1432 991 cujus
1480 919 1772 974 monachos

195 1023 596 1096 impensissime
645 1018 918 1088 diligebat,
971 1015 1139 1069 multa
1197 1011 1424 1067 contulit
1489 1006 1771 1064 beneﬁcia.

192 1119 524 1173 lsembertus
565 1110 930 1168 Pictaviensis
983 1107 1211 1162 antistes
1253 1107 1468 1160 eosdem
1518 1099 1776 1170 praeclare

197 1203 540 1262 commendat
582 1202 634 1254 in
665 1199 864 1254 scheila
889 1197 976 1252 his
1015 1195 1238 1252 verbis:
1277 1213 1294 1245 ι
1331 1191 1579 1246 Monachi
1610 1189 1778 1257 Majo-

200 1297 277 1351 ris
308 1293 619 1348 Monastcrii
651 1304 879 1360 quorum
909 1291 960 1342 in
1021 1293 1212 1341 sancto
1238 1283 1512 1353 proposito
1542 1277 1780 1350 percele-

200 1387 318 1442 bris
346 1385 486 1455 apud
505 1399 608 1437 nos
633 1381 864 1435 habetur
883 1378 1085 1449 Opinio,
1111 1375 1384 1446 petierunt
1407 1387 1437 1426 a
1467 1385 1552 1427 me
1577 1384 1780 1434 rerum,

203 1495 340 1548 quas
372 1479 424 1532 in
457 1477 772 1545 episcopatu
804 1469 1130 1526 Pictavie-nsi
1177 1465 1544 1537 possidebant,
1589 1462 1785 1518 conﬁr-

204 1572 525 1634 mationem,
586 1581 747 1636 quam
794 1574 849 1618 et
890 1563 1122 1618 libenter
1153 1559 1420 1622 concessi,
1473 1575 1497 1610 ι
1532 1567 1638 1611 etc.
1689 1554 1787 1610 Cui

197 1662 420 1731 signum
452 1656 704 1727 apposuit
753 1653 894 1708 alius
935 1651 1286 1722 isambertus,
1315 1647 1544 1703 senioris
1575 1659 1790 1701 succes-

205 1770 321 1809 SOI‘.

1280 349 1490 407 DOMNI
1529 347 1590 404 L.
1616 343 1956 403 D‘.\CIlERY
2008 336 2236 401 NUTrE.

1794 462 1846 519 Α.
1869 460 2135 526 l‘undatio)
2173 457 2495 524 construxit,
2529 465 2584 512 et
2611 456 2902 512 monachos
2928 473 2990 511 ac
3008 455 3253 512 ordinem
3279 453 3440 525 Majo-

1865 550 1941 603 ris
1976 548 2288 602 Monasterii
2323 549 2528 610 statuit,
2578 556 2738 619 atque
2781 550 3103 605 necessariis
3125 547 3317 619 opibus
3342 563 3442 619 pro

1868 639 2170 695 interfectis
2199 641 2478 708 utriusque
2503 641 2673 710 partis
2697 639 2901 695 affatim
2929 641 3136 696 ditavit.
3182 659 3201 693 ι

3301 341 3323 395 1
3335 337 3439 398 066

1940 731 2015 784 Ex
2069 730 2400 785 cbartulario
2445 747 2624 785 rerum
2675 731 2900 787 Vindoc.
2946 733 3132 786 charta
3182 730 3273 796 9.8,
3305 731 3442 785 inter

1869 825 2201 880 Gusmanum
2261 821 2484 876 militent
2533 832 2589 876 et
2650 822 3102 880 Bartholomteum
3172 823 3445 886 abbatem,

1873 929 1999 968 ann.
2040 911 2197 978 1070,
2235 912 2523 966 conventio
2573 911 2714 968 facta
2767 923 2847 968 est

1874 1007 1989 1061 vult
2015 1006 2227 1062 discere
2268 1004 2477 1059 litteras
2504 1005 2556 1059 in
2584 1006 2803 1059 civitate
2833 1007 3035 1062 Turon.
3081 1007 3165 1062 vel
3193 1007 3332 1078 apud
3363 1023 3453 1063 ca-

1877 1097 2092 1154 stellum
2147 1111 2345 1152 novum
2374 1095 2559 1150 Sancti
2587 1095 2826 1160 Martini,
2874 1097 2973 1152 sibi
3005 1108 3058 1152 et
3093 1114 3192 1154 suo
3243 1099 3452 1154 homini

1879 1189 2236 1259 praebebimus
2275 1196 2384 1243 trcs
2421 1202 2586 1258 panes
2609 1187 2975 1256 quotidianus,
3005 1197 3061 1241 et
3085 1197 3314 1256 quatuor
3337 1188 3456 1257 jus-

1882 1291 1968 1338 tas
1993 1282 2116 1354 (hoc
2159 1290 2242 1336 est
2281 1295 2568 1336 mensuras
2599 1278 2805 1350 solitas)
2839 1279 2971 1334 vini.
3003 1299 3020 1332 ι
3053 1278 3204 1334 Obiit
3228 1279 3458 1334 Bartho-

1883 1373 2104 1428 lomteus
2138 1371 2296 1428 1084.
2335 1371 2500 1442 588
2530 1390 2550 1422 ι
2606 1370 2706 1425 l-lic
2737 1371 2991 1425 humatus
3021 1370 3249 1439 quiescit
3294 1370 3346 1423 in
3387 1371 3460 1422 si-

1886 1464 2056 1519 nistra
2105 1471 2262 1533 parte
2316 1463 2382 1517 ad
2432 1461 2601 1516 alta—re
2647 1462 3078 1531 apostolorum.)
3122 1462 3463 1532 Anonymus.

1888 1557 2175 1611 Tetbertus
2197 1553 2434 1624 ejusdem
2457 1554 2558 1610 loci
2585 1556 2904 1624 monachus,
2939 1554 3170 1610 celebris
3199 1555 3463 1618 medicus,

2900 934 2912 968 :
2954 933 2972 965 ι
3025 914 3178 981 Quod
3229 914 3278 970 si
3329 914 3445 983 quis

1890 1647 1993 1702 bac
2017 1647 2129 1716 ipsa
2158 1654 2478 1716 tempestate
2503 1645 2704 1700 ﬂoruit.
3085 1645 3094 1648 ’
3201 1692 3209 1701 .

1963 1738 2076 1792 XII.
2119 1736 2430 1792 Bemardus
2461 1737 2526 1792 de
2573 1736 2632 1792 S.
2660 1736 2926 1793 Venautio
2963 1737 3122 1793 1081.
3165 1733 3263 1792 Cui
3295 1735 3454 1792 Urba-

287 1801 320 1896 ξ
355 1841 609 1898 Albertus
644 1839 812 1894 abbas
839 1837 1022 1908 (habet
1047 1837 1219 1891 codex
1249 1847 1349 1888 ms.
1383 1833 1448 1886 de
1477 1831 1648 1885 servis
1674 1828 1784 1882 Ma-
1821 1801 1867 1866 Β
1894 1845 1998 1885 nus
2026 1843 2163 1900 papa
2197 1827 2239 1883 ll
2265 1843 2407 1882 anno
2433 1829 2468 1882 5
2494 1827 2963 1898 suipontiﬁcatus,
2987 1828 3177 1883 indict.
3211 1843 3330 1894 xm,
3363 1827 3460 1897 ptri.

202 1936 342 2005 joris
377 1930 687 1986 Monasterii
715 1944 836 1998 cap.
877 1925 966 1995 5‘2)
999 1939 1120 1979 cum
1171 1922 1450 1986 fratribus,
1499 1918 1784 1989 quemdam

207 2039 426 2079 servum
471 2021 698 2074 liberum
745 2018 892 2080 fecit,
918 2023 974 2070 et
1015 2011 1292 2068 clericavit
1320 2010 1414 2064 tali
1470 2009 1702 2071 ratione,
1729 2015 1790 2061 ut

211 2129 494 2182 nunquam
527 2125 584 2165 se
623 2125 652 2162 a
687 2108 744 2162 S.
789 2105 1003 2160 Martini
1027 2101 1248 2158 servitio
1265 2101 1330 2154 ad
1360 2099 1497 2154 alios
1521 2097 1791 2152 transiens

205 2204 464 2268 auferat,
503 2221 521 2256 ι
559 2211 661 2256 etc.
708 2199 806 2255 Ubi
839 2199 1122 2252 advertere
1173 2201 1255 2249 est
1302 2191 1501 2246 clerico
1546 2187 1788 2244 saeculari

207 2297 281 2350 ab
307 2296 500 2350 abbate
527 2304 809 2347 tonsuram
837 2287 1144 2344 clericalem
1171 2295 1282 2341 tum
1313 2283 1584 2337 collatam.

287 2387 556 2442 Praeterea
606 2384 808 2438 illemet
859 2380 1025 2434 abbas
1064 2393 1192 2443 suo,
1225 2374 1529 2445 et-capituli
1578 2371 1795 2440 Maioris

213 2476 527 2532 llouasterii
577 2473 814 2536 nomine,
857 2469 1201 2539 praebendam
1255 2468 1368 2522 sive
1415 2466 1794 2520 canonicatum

214 2569 288 2622 ab
324 2566 596 2637 Agoberto
636 2564 858 2618 Carnot.
909 2560 1166 2628 episcopo
1209 2556 1452 2626 expetiit,
1477 2554 1563 2609 cui
1593 2553 1796 2623 episco-

211 2673 319 2726 pus
349 2672 453 2711 una
499 2671 626 2710 cum
657 2655 806 2709 clero
861 2651 1190 2722 per-libenter
1213 2648 1426 2711 annuit,
1458 2661 1518 2700 ea
1563 2643 1706 2714 iege,
1739 2652 1799 2696 ut

215 2758 406 2801 mutua
441 2748 582 2801 inter
610 2759 729 2799 sese
777 2757 1000 2813 precum
1025 2739 1270 2795 subsidia
1317 2738 1692 2807 rependerent.
1721 2735 1796 2789 Ita

211 2840 418 2895 littera:
464 2837 680 2892 llenrici
710 2836 870 2906 regis,
899 2848 1018 2903 quae
1064 2839 1281 2887 exstant
1321 2831 1374 2884 in
1405 2843 1568 2899 capsa
1601 2828 1796 2883 Sancti

219 2931 446 2986 Martini
477 2933 548 2985 de
575 2928 720 2984 Valle
745 2927 885 2998 apud
905 2926 1190 2980 Carnutes.
1219 2923 1522 2977 Alexander
1545 2936 1673 2976 vero
1700 2936 1797 2990 pa-

213 3036 285 3090 pa
320 3020 403 3084 lll,
432 3019 723 3089 diplomate
748 3018 966 3072 mandat
991 3015 1338 3070 Carnotensis
1361 3013 1609 3068 Ecclesiae
1632 3027 1799 3068 cano-

1892 1922 2144 1992 vilegium
2171 1920 2462 1985 concessit,
2488 1935 2594 1991 quo
2617 1934 2720 1974 non
2753 1927 2959 1974 tantum
2987 1920 3235 1975 abbatem
3268 1935 3331 1975 ac
3356 1936 3444 1974 mo

1892 2015 2118 2079 nacbos,
2166 2013 2261 2069 sed
2315 2014 2476 2068 etiam
2536 2014 2864 2070 domesticos
2913 2023 2967 2070 et
2995 2028 3240 2068 omncsa
3282 2012 3470 2080 Illajori

1895 2104 2221 2160 Monasterio
2253 2104 2616 2173 dependentes
2644 2104 2937 2174 prioratus,
2979 2106 3047 2160 ab
3075 2103 3476 2173 archiepiscopi

1897 2199 2099 2253 Turon.
2129 2208 2182 2252 et
2210 2197 2436 2252 aliorum
2473 2199 2846 2268 episcoporum
2870 2198 2994 2268 jure
3023 2215 3246 2269 prorsus
3290 2213 3476 2253 exem-

1895 2299 2017 2359 ptos
2039 2287 2276 2344 declarat
2303 2302 2366 2343 ac
2407 2290 2667 2344 decernit.
2695 2289 2742 2344 ls
2777 2289 2888 2358 ipse
2918 2288 3170 2344 Urbanus
3195 2289 3315 2361 (qui
3363 2288 3476 2342 Tu-

1901 2395 2060 2436 rones
2086 2378 2296 2433 concilii
2335 2380 2642 2436 celebrandi
2693 2381 2868 2451 gratia
2919 2381 3166 2446 venerat)
3214 2381 3475 2435 exhorta-

1901 2475 2044 2528 tione
2072 2472 2270 2529 f'ratres
2296 2473 2516 2542 Majoris
2542 2472 2851 2527 Monasterii
2883 2483 2941 2527 ut
2965 2473 3016 2526 in
3058 2471 3250 2527 melius
3281 2474 3334 2525 in
3360 2472 3479 2526 dies

1899 2565 2256 2634 proﬁcerent,
2287 2565 2586 2630 admonuit,
2617 2564 2931 2634 eisdemque
2960 2566 3012 2619 in
3061 2564 3294 2620 caoitulo
3321 2565 3479 2618 abso-

1902 2657 2157 2711 lutionem
2195 2655 2477 2726 impertiit.
3409 2641 3412 2643 ’

1972 2747 2250 2817 Philippus
2319 2745 2653 2802 Francorum
2705 2762 2800 2802 rex
2861 2762 2950 2802 an.
3011 2747 3149 2802 1095
3207 2746 3483 2802 Bernardd

1903 2838 2086 2893 Sancti
2117 2835 2360 2906 Maglorii
2393 2836 2716 2893 Parisiensis
2763 2836 3176 2901 monasterium,
3208 2837 3276 2891 ad
3327 2845 3484 2891 vetus

1905 2927 2187 2982 monastici
2217 2927 2422 2982 ordinis
2445 2927 2751 2982 institutum
2779 2927 3205 2993 resarciendum,
3233 2926 3482 2987 tradidit;

1903 3021 2045 3090 quod
2076 3035 2138 3074 ex
2171 3019 2316 3074 illius
2336 3028 2550 3074 constat
2573 3017 2888 3088 diplomate,
2911 3031 3054 3072 anno
3082 3016 3299 3072 circiter
3323 3015 3485 3080 1095,

215 3111 380 3173 nicis,
414 3117 685 3180 quatenus
711 3108 930 3176 Major-is
968 3106 1278 3162 Monasterii
1312 3106 1605 3160 monachos
1639 3105 1801 3158 minis
1831 3147 1872 3202 Ο
1911 3127 1928 3160 ι
1977 3108 2142 3164 Adela
2185 3107 2483 3174 comitissa,
2509 3107 2617 3162 ﬁlia
2647 3107 2791 3176 regis
2833 3106 3104 3163 Guillelmi
3141 3106 3270 3176 (fert
3297 3106 3486 3160 charta

209 3216 311 3256 me
343 3201 638 3270 impediant
671 3200 965 3269 pmbcndze
994 3198 1204 3252 fructus
1234 3196 1530 3266 percipere.

270 3293 471 3362 .Hnjus
515 3291 760 3356 abbatis,
800 3300 855 3346 et
907 3299 1140 3361 quatuor
1189 3287 1434 3364 proxime
1477 3288 1807 3356 subsequen-

218 3387 358 3439 tium
387 3385 628 3439 meminit
657 3383 902 3439 Ortleric.
931 3381 1119 3436 Vitalis
1145 3380 1239 3434 lib.
1265 3396 1318 3434 tv
1347 3380 1484 3434 llist.
1515 3398 1566 3432 τι
1598 3378 1808 3433 Nostris

218 3475 560 3544 temporibus
588 3474 841 3528 Albertus
858 3481 916 3528 et
940 3471 1387 3534 Bartbolommus,
1418 3470 1725 3525 Bernardus
1755 3480 1808 3524 et

213 3564 496 3636 Hilgotus,
544 3581 607 3620 ac
655 3565 982 3618 Guillelmus
1023 3563 1381 3626 Nanticcnsis,
1417 3561 1643 3615 abbates
1685 3561 1810 3615 huic

215 3657 559 3712 llt0llaa‘lel‘i0
584 3656 947 3726 praefuerunt,
999 3655 1091 3724 qui
1126 3653 1416 3708 sanctitate
1447 3661 1500 3707 et
1540 3653 1812 3722 probitate

217 3748 414 3803 multis
439 3749 782 3818 profuerunt,
816 3755 870 3802 et
911 3747 1067 3816 longe
1109 3745 1324 3814 lateque
1373 3744 1586 3807 famosi,
1619 3744 1812 3799 vicinis

216 3853 280 3895 et
305 3840 550 3894 externis
578 3839 805 3893 viriliter
835 3839 1160 3892 micuerunt.
1203 3855 1221 3888 ι
1255 3836 1320 3890 Et
1371 3850 1672 3906 anonymus
1717 3849 1811 3888 au-

217 3941 352 3986 ctor
378 3929 704 4000 Appendicis
753 3917 1148 3984 adllistoriam
1179 3926 1373 3980 Franc.
1410 3924 1661 3996 Gregorii
1707 3923 1816 3978 Tu-

223 4021 500 4080 ronensis,
542 4021 614 4073 De
639 4029 782 4089 gest.
805 4019 974 4088 episc.
1006 4017 1210 4072 Turon.
1245 4024 1300 4070 et
1353 4016 1608 4070 abbatum
1639 4013 1812 4083 Majo—

223 4111 311 4164 ris
344 4109 654 4163 Monasterii
685 4124 844 4178 quem
891 4108 1092 4178 passim
1115 4107 1169 4160 iu
1194 4105 1428 4160 medium
1457 4105 1813 4176 proferemus,

221 4203 313 4254 ait
343 4202 409 4254 de
441 4201 658 4256 Albcrto
693 4219 704 4254 :
743 4219 762 4251 ‹
821 4199 1132 4269 Requieseit
1169 4198 1222 4252 in
1265 4198 1486 4252 dextera
1535 4205 1690 4266 parte
1721 4211 1815 4251 ec-

217 4293 418 4347 clesiae
446 4293 513 4346 ad
535 4292 706 4346 altare
733 4291 790 4345 S.
825 4290 1096 4344 Mauricii.
1138 4289 1237 4344 Hic
1261 4289 1429 4344 bonas
1463 4288 1816 4342 consuetudi-

218 4397 337 4434 nes
367 4380 624 4434 Ecclesia:
670 4380 903 4434 solerter
949 4379 1204 4442 instituit,
1237 4386 1292 4432 et
1335 4378 1636 4443 ordinavit;
1685 4392 1820 4446 quas

221 4472 330 4540 qui
375 4481 563 4540 postea
588 4480 795 4524 mutare
821 4471 1184 4540 praesumpsit,
1209 4469 1490 4540 pejeravit.
1527 4488 1546 4520 ι

310 4563 402 4616 XI.
441 4563 867 4618 Bartholomazus
914 4563 1069 4627 1065,
1109 4577 1204 4617 seu
1252 4562 1389 4616 1061
1423 4580 1434 4614 :
1474 4580 1492 4611 ι
1531 4560 1699 4629 llujus
1733 4560 1816 4614 vi-

219 4667 352 4710 tam
379 4655 546 4724 signis
565 4664 622 4710 et
652 4654 938 4708 virtutibus
985 4663 1149 4723 atque
1173 4653 1448 4708 miraculis
1478 4654 1688 4722 plenam
1728 4653 1818 4720 qui

219 4748 386 4801 scire
417 4745 667 4809 voluerit,
701 4744 752 4798 in
783 4753 969 4799 nostro
1001 4745 1237 4798 armario
1276 4745 1512 4813 reperire
1542 4745 1762 4814 poterit,
1798 4764 1815 4796 ι

217 4846 349 4891 etc.
387 4837 590 4889 Auctor
633 4849 937 4903 auonymus
970 4853 982 4887 :
1021 4855 1039 4885 ι
1075 4835 1454 4890 Bartbolomzei
1494 4845 1736 4904 tempore
1767 4836 1819 4888 in

219 4928 464 4984 abbatia
492 4929 557 4982 de
598 4927 746 4984 Bello
771 4926 1115 4982 Goisbcrtum
1158 4927 1373 4996 Majoris
1398 4927 1708 4983 Monasterii
1741 4943 1824 4982 re-

217 5019 850 5088 ligiosummonacbum,
869 5019 1116 5073 abbatem
1144 5020 1625 5090 constituit(Guill.
1659 5021 1818 5091 Angl.

223 5114 369 5181 rex)
425 5129 532 5181 quo
587 5115 851 5169 monitore
905 5115 1234 5169 monasticus
1273 5115 1406 5169 ordo
1463 5125 1520 5170 et
1566 5116 1824 5186 regularis

218 5204 532 5274 disciplina
573 5207 856 5261 commode
909 5207 1095 5276 viguit.
1134 5227 1152 5259 ι
1201 5207 1375 5262 Verba
1424 5217 1552 5262 sunt
1581 5208 1822 5264 0rderici

226 5297 413 5351 Vital.
445 5298 538 5352 lib.
570 5314 620 5352 tv
647 5299 786 5354 Hist.
844 5299 1016 5354 initio.
1059 5300 1138 5353 Ac
1164 5308 1318 5354 vetus
1345 5299 1689 5370 chronologia
1720 5316 1822 5356 ms.

1909 3200 2092 3256 Sancti
2121 3199 2334 3255 Martini
2356 3200 2422 3254 de
2449 3198 2596 3253 Valle
2621 3198 2868 3267 Carnot.)
2898 3208 2953 3254 et
2980 3197 3242 3268 Stephani
3272 3197 3488 3252 comitis

1905 3290 2197 3362 (Blesens.)
2227 3305 2394 3355 uxor,
2447 3291 2584 3344 bene
2620 3290 2898 3359 patrizans
2931 3303 3058 3358 erga
3109 3287 3326 3358 Majoris
3373 3286 3489 3341 Mo-

1908 3385 2129 3438 nasterii
2162 3383 2478 3448 monachos,
2512 3382 2773 3438 beneﬁcia
2803 3382 2966 3436 multa
2991 3392 3046 3436 et
3077 3381 3392 3452 largitiones
3422 3381 3490 3433 ab

1909 3471 2024 3542 ejus
2051 3481 2202 3540 patre
2220 3480 2519 3536 assecutus,
2539 3481 2592 3526 et
2619 3471 2686 3526 ab
2709 3471 2895 3526 eodem
2920 3468 3228 3544 specialiter
3247 3477 3488 3532 amatos;

1909 3579 2031 3618 cum
2061 3563 2221 3618 vellet
2245 3563 2444 3618 imitari
2465 3577 2705 3617 amorem
2724 3562 2895 3632 patris
2919 3562 2999 3616 sui
3022 3575 3154 3631 erga
3181 3575 3294 3628 eos,
3322 3575 3493 3630 quan-

1913 3663 2238 3724 tumcunque
2267 3663 2478 3724 poterat
2521 3669 2616 3710 eos
2659 3655 2850 3724 opibus
2880 3653 3226 3723 adimplebat,
3254 3663 3309 3708 et
3352 3668 3496 3707 anno

1913 3747 2274 3801 dedicationis
2313 3746 2551 3802 basilicae
2584 3745 2803 3815 Majoris
2831 3745 3144 3800 Monasterii
3179 3745 3246 3798 ab
3274 3745 3496 3801 Urbano

1912 3851 2048 3906 papa
2079 3836 2118 3890 ll
2144 3836 2320 3901 factae,
2351 3853 2474 3892 eum
2503 3839 2588 3890 vir
2616 3837 2732 3906 ejus
2759 3838 2888 3892 isset
2918 3837 2974 3892 in
3003 3836 3343 3893 Hierusalem
3373 3852 3498 3891 eum

1913 3931 2155 3987 exercitu
2212 3931 2668 3998 Christianorum,
2718 3931 2866 3986 dedit
2917 3931 2998 3986 eis
3049 3946 3215 4000 prope
3276 3934 3498 3990 Carnoti

1918 4034 2102 4073 muros
2129 4018 2398 4073 clibanmn
2433 4017 2702 4088 publicum
2721 4058 2735 4082 ,
2763 4019 2968 4074 dictum
2997 4020 3202 4074 Bellum
3229 4021 3428 4075 videre.
3473 4040 3494 4072 ι

1988 4107 2172 4178 Neque
2197 4111 2630 4178 praetereundum
2664 4110 2790 4164 illud
2821 4111 3045 4176 factum,
3069 4127 3136 4166 ex
3164 4112 3502 4180 autographa

1919 4201 2261 4270 desumptum
2297 4215 2311 4254 :
2365 4221 2383 4253 ι
2420 4201 2574 4273 [Iugo
2603 4203 2670 4257 de
2696 4201 3047 4258 Calvomonte
3098 4203 3239 4257 ﬁlius
3277 4204 3502 4274 Sulpicii

1921 4293 1987 4346 de
2014 4293 2344 4348 Ambaziaco
2372 4293 2516 4364 (cum
2548 4294 2726 4349 adhuc
2749 4310 2883 4364 puer
2909 4295 3076 4365 esset)
3103 4306 3159 4350 ct
3188 4306 3364 4350 mater
3387 4294 3503 4363 ejus

1921 4397 2042 4449 qua:
2067 4382 2241 4450 neptis
2269 4392 2388 4436 erat
2417 4381 2671 4438 Gaufredi
2707 4385 2771 4440 de
2801 4384 3171 4449 Calvomonte,
3203 4401 3502 4440 consense-

1927 4481 2052 4526 runt
2079 4473 2372 4528 venditioni
2401 4474 2559 4530 factae
2601 4477 2881 4533 monachis
2925 4477 3142 4545 Majoris
3190 4478 3504 4534 Illonasterii

1925 4566 1991 4619 de
2024 4565 2230 4620 duabus
2256 4569 2464 4635 quartis
2504 4577 2661 4624 terra:
2712 4570 2852 4639 apud
2878 4571 3144 4623 culturam
3191 4569 3456 4625 Rathonis
3482 4591 3500 4624 ε

1922 4667 2110 4727 postea
2131 4671 2252 4712 cum
2285 4657 2460 4714 factus
2479 4668 2621 4714 esset
2639 4658 2876 4727 juvenis,
2903 4669 2956 4714 et
2985 4660 3122 4730 patri
3151 4662 3510 4716 successisset

1927 4751 1978 4801 in
2011 4749 2235 4814 honore,
2257 4757 2449 4804 etcum
2477 4751 2804 4806 Ambaziaco
2829 4751 2986 4806 simul
3013 4751 3503 4817 Calvummonten‘t,

1927 4840 2042 4892 loco
2106 4838 2350 4894 Gaufridi
2427 4842 2675 4896 avunculi
2727 4844 2843 4909 sui,
2893 4844 3233 4914 possideret,
3289 4844 3506 4900 easdem

1926 4943 2149 5000 quartas
2181 4943 2426 5000 repetere
2469 4934 2657 4988 voluit.
2685 4935 2925 5006 Contigit
2971 4937 3184 4990 interim
3229 4937 3505 4990 Urbanum

1927 5036 2119 5090 papam
2167 5020 2356 5075 venire
2383 5022 2452 5076 ad
2485 5021 2656 5092 Majus
2686 5023 3070 5079 Monasterium
3116 5034 3174 5078 et
3227 5025 3506 5079 basilicam

1927 5113 2234 5168 dedicare:
2290 5113 2375 5167 cui
2442 5113 2771 5168 dedicationi
2846 5113 3094 5168 interfuit
3163 5115 3278 5183 ipse
3333 5113 3504 5183 llugo.

1929 5206 2155 5262 Sacrato
2188 5215 2367 5261 autem
2411 5221 2476 5261 ex
2516 5220 2664 5261 more
2699 5216 2755 5260 et
2793 5207 3014 5261 inuncto
3043 5205 3223 5272 altari,
3257 5221 3394 5275 papa
3421 5222 3506 5260 re-

1928 5297 2110 5352 sidens
2131 5297 2414 5352 advocavit
2447 5296 2762 5364 Fulconcm,
2802 5306 2858 5353 et
2898 5297 3366 5352 circumstantium
3395 5307 3511 5349 tur-

217 5388 424 5445 sancti
455 5388 686 5442 Cornelii
719 5389 1016 5457 Compend.
1072 5403 1210 5442 anno
1257 5389 1416 5454 1066,
1449 5404 1552 5458 qua
1601 5405 1825 5459 regnum

215 5479 460 5549 Anglia:
500 5481 720 5534 victoria
771 5479 1090 5534 Guillelmus
1120 5479 1470 5548 Conquzestor
1500 5481 1570 5535 sit
1603 5482 1828 5550 adeptus

211 5585 545 5636 enarratis,
575 5572 652 5623 ait
683 5588 694 5623 :
751 5590 770 5622 ‹
808 5570 983 5626 Locus
1017 5571 1107 5626 ubi
1160 5580 1453 5642 pugnatum
1500 5581 1603 5637 est,
1634 5573 1830 5628 exinde

213 5663 464 5720 Bellum
505 5676 674 5729 usque
704 5662 864 5716 hodie
901 5669 1142 5715 vocatur.
1189 5660 1354 5716 l‘orro
1386 5661 1702 5717 Guillelmus
1732 5679 1827 5718 rex
1931 5664 2210 5733 l-lugonem
2241 5666 2310 5720 ad
2339 5681 2398 5721 se
2439 5668 2671 5732 vocavit,
2704 5677 2758 5722 ct
2781 5669 2988 5723 monuit
3025 5677 3082 5721 ut
3137 5677 3360 5737 quartas
3391 5665 3512 5721 illas

212 5753 326 5812 ibi
362 5752 665 5808 cmnobium
695 5752 908 5806 Sancta:
936 5751 1218 5807 Trinitatis
1261 5752 1339 5824 (S.
1370 5752 1606 5821 Martini,
1640 5764 1700 5809 ut
1729 5755 1830 5810 fert
1933 5759 2089 5814 nobis
2124 5757 2477 5828 relinqueret,
2523 5760 2665 5830 quod
2698 5761 2788 5816 ille
2817 5770 3095 5831 gratanter
3121 5760 3265 5816 fecit.
3300 5758 3402 5817 Cui
3435 5759 3510 5814 rei

547 5870 816 5929 Pnaor.
864 5866 1068 5928 CLVI.
1654 5910 1671 5930 κ

2948 5875 3024 5934 35

1927 5393 2051 5445 bam
2084 5403 2392 5456 procerum,
2419 5405 2647 5445 monens
2671 5405 2766 5446 eos
2794 5401 2852 5444 ut
2871 5390 3118 5444 ecclesia:
3145 5404 3201 5447 et
3229 5394 3384 5446 altari
3415 5409 3511 5445 no-

1929 5481 2068 5534 vi-ter
2096 5481 2354 5536 dedicatis
2382 5481 2728 5550 providerent
2773 5483 2950 5538 dotem
2983 5486 3276 5538 secundum
3304 5500 3509 5537 morem

1930 5573 2170 5628 solitum.
2228 5573 2583 5631 Submonitus
2630 5576 2814 5647 itaque
2854 5592 2884 5630 a
2935 5577 3108 5644 nobis,
3139 5577 3508 5646 supradictum
