4018 6324
566 328 704 384 1067

1485 318 1574 371 AD
1602 316 1752 373 OPP.
1792 315 1947 370 VEN.
1983 312 2309 370 GUIBERTI
2353 313 2435 367 DE
2475 311 2866 369 NOVIGENTC

3693 319 3808 377 {068

564 441 811 499 interfuit
840 437 1148 498 multitudo,
1199 441 1385 503 utpote
1417 431 1483 485 ad
1521 439 1724 485 tantam
1778 432 2143 486 celebritatem
2177 428 2222 484 Α
2251 438 2301 482 et
2336 428 2405 482 ibi
2435 429 2624 498 petivit
2655 429 2930 485 humiliter
2957 430 3353 487 absolutionem
3394 431 3458 486 tle
3503 433 3806 500 commissis,

562 533 801 601 undique
827 537 1170 598 congregata.
1210 543 1227 575 ι

633 622 697 678 Hi
731 621 1053 677 nominatim
1103 619 1244 672 inter
1273 625 1503 672 caeteros
1551 625 1841 670 censentur
1881 634 1897 664 ε
1939 614 2142 682 primas

557 726 615 771 et
667 713 1103 781 archiepiscopus
1163 706 1538 777 Lugdunensis
1595 705 1769 774 Hugo;
1804 704 2138 774 Radulphus,

562 806 766 859 'l‘uron.
797 803 1059 870 archiep;
1097 799 1398 870 Rangerus,
1427 797 1719 853 cardinalis
1739 805 1794 852 et
1819 796 2138 865 archicpise.

561 895 876 964 lthegiens.;
892 892 1092 956 Bruno,
1119 889 1418 960 Signiensis
1436 887 1696 957 episcop.;
1726 884 1998 950 Albertus,
2021 899 2142 952 pre-

559 990 745 1056 sbyter
775 983 1085 1049 cardinalis;
1119 982 1284 1045 Tezo,
1314 981 1549 1051 presbyt.
1582 977 1872 1032 cardinalis
1896 993 1910 1041 ;
1937 975 2142 1046 Grego-

559 1079 692 1143 rius,
721 1075 1000 1143 Papiensis
1030 1073 1290 1128 diaconus
1327 1070 1586 1125 cardinal.
1619 1068 1822 1124 Deinde
1858 1086 1871 1121 :
1902 1067 2141 1122 Domnus

557 1167 864 1222 Bernardus
889 1168 953 1220 de
985 1164 1182 1221 Sancto
1229 1161 1482 1218 l’enanlio
1511 1161 1670 1215 abbas
1703 1171 1897 1224 noster,
1925 1169 2034 1214 etc.
2061 1159 2139 1212 Ex

560 1258 710 1313 laieis
734 1272 861 1312 vero
905 1275 916 1310 :
949 1255 1132 1320 Fulco,
1162 1269 1344 1310 eomes
1390 1251 1817 1322 Andegavensis;
1849 1250 2143 1320 Sigebran-

559 1367 682 1415 nus,
737 1347 1174 1404 constabularius
1226 1345 1382 1416 ejus;
1447 1344 1716 1399 Robcrtus
1772 1343 1836 1395 de
1885 1340 2138 1409 Rupibus,

557 1439 911 1502 Gausbertus,
942 1438 1262 1507 pt'aapositus
1288 1437 1356 1492 de
1385 1434 1758 1489 Calvomonte.
1782 1433 2021 1487 Tandem
2050 1447 2139 1486 so-

559 1545 713 1584 rores
743 1527 980 1598 Hugonis
1027 1525 1262 1596 praefati,
1301 1524 1629 1588 Adenordis,
1673 1531 1726 1578 et
1753 1521 2142 1578 Ermcnsendis

558 1620 698 1673 idem
726 1624 1132 1673 concesserant.
1169 1635 1187 1668 ι
1223 1615 1586 1686 Hteantiqtta:
1613 1613 1966 1670 membranae.

625 1710 782 1763 Anno
827 1707 962 1763 1099
989 1708 1179 1762 ultimo
1201 1707 1458 1762 Bcrnardi
1484 1705 1716 1771 abbatis,
1748 1705 1874 1760 dum
1909 1706 2142 1759 circum-

2247 536 2366 590 qua:
2396 523 2550 576 nobis
2572 532 2625 576 et
2649 523 2784 576 locis
2810 523 3012 578 nostris
3033 523 3262 588 fecerat,
3292 524 3620 594 promittens
3645 539 3810 581 emen-

2247 612 2554 676 dationem;
2589 623 2642 668 et
2680 629 2776 668 nos
2806 622 2860 668 et
2908 622 3094 670 nostra
3140 615 3457 687 diligentius
3485 623 3812 670 conservatu-

2248 723 2366 760 rum
2402 721 2416 760 :
2442 706 2597 775 cujus
2630 707 2996 764 humilitatem
3027 708 3220 764 ridens
3240 708 3495 762 dominus
3523 707 3811 764 Willelmas

2247 798 2412 853 abbas
2446 813 2569 852 eum
2616 799 2880 864 absolvit;
2931 809 2982 855 et
3029 800 3248 870 insuper
3293 815 3415 854 eum
3447 800 3717 854 revestirit
3745 816 3816 856 so-

2247 888 2458 942 cietatis
2507 898 2704 943 nostra:
2771 891 3112 946 orationibus
3158 898 3213 945 et
3265 889 3610 956 benefactis,
3661 909 3678 940 l
3721 903 3810 945 etc.

2246 979 2502 1051 lntelligis
2544 981 2732 1050 quanti
2787 983 3176 1037 monachorum
3227 997 3417 1051 preces
3459 981 3594 1037 olim
3643 985 3814 1050 pende-

2245 1071 2374 1125 bant
2421 1072 2753 1143 principes,_
2798 1073 3031 1128 maxime
3078 1088 3209 1128 vero
3261 1073 3480 1143 Majoris
3520 1073 3812 1130 Monastetii

2246 1177 2477 1230 quorum
2527 1162 2839 1216 sanctitatis
2886 1163 3090 1218 famam
3140 1165 3299 1234 longe
3354 1165 3576 1234 lateque
3621 1181 3812 1234 percre-

2245 1251 2427 1307 buisse
2456 1252 2660 1307 indicat
2690 1252 3068 1308 Cbartularius
3097 1252 3593 1309 Cenontanensium
3633 1268 3811 1319 rerum,

2245 1345 2420 1398 chart.
2450 1343 2575 1398 215.
2604 1344 2790 1398 «Anno
2818 1344 3089 1399 lncarnat.
3119 1346 3275 1411 1105,
3307 1362 3400 1401 seu
3430 1347 3610 1416 primo
3634 1347 3811 1401 domini

2247 1435 2502 1491 Willelmi
2555 1436 2768 1492 abbatis
2820 1437 3080 1504 ordinati,
3112 1453 3220 1507 quo
3265 1439 3432 1494 etiam
3483 1439 3813 1494 Boamundus

2246 1528 2580 1583 descendens
2607 1527 2962 1600 Jerosolymis
2992 1529 3230 1584 visitavit
3278 1531 3420 1584 hunc
3461 1530 3667 1593 locum,
3699 1531 3790 1600 peti

2245 1620 2429 1688 vitque
2459 1628 2566 1673 tam
2598 1619 2700 1674 sibi
2750 1635 2911 1688 quam
2941 1620 3194 1675 omnibus
3223 1620 3671 1684 conchristianis,
3697 1635 3811 1689 quos

2249 1707 2352 1762 illis
2387 1708 2631 1778 partibus
2662 1709 2715 1762 in
2755 1709 2849 1763 Dei
2899 1711 3121 1764 servitio
3158 1710 3483 1779 reliquerat,
3522 1711 3810 1765 orationum

557 1801 663 1856 iret
685 1801 804 1870 ipse
849 1799 1188 1856 obedientias
1219 1800 1334 1855 sive
1375 1800 1649 1869 prioratus
1675 1799 1758 1854 sui
1795 1799 2136 1867 monasterii,
2173 1795 2218 1850 B
2245 1807 2557 1852 nostrarum
2581 1795 2836 1868 suffragia
2868 1816 2881 1852 :
2909 1797 3177 1853 Robet-tus
3206 1799 3272 1853 de
3293 1798 3555 1864 Belismo,
3579 1814 3699 1853 cum
3721 1799 3812 1854 lilio

555 1893 664 1947 duo
680 1891 910 1960 juvenes
938 1901 1234 1961 spontaneo
1268 1891 1546 1946 voluntate
1574 1905 1694 1946 sese
1721 1890 1794 1944 illi
1824 1889 2136 1958 offerentes,

555 1983 697 2038 servi
724 1981 781 2037 S.
822 1982 1036 2037 Martini
1059 1992 1184 2038 sunt
1209 1981 1409 2049 eﬂ'ecti,
1438 1983 1540 2038 hoc
1569 1996 1763 2052 nempe
1794 1982 1899 2036 ritu
1935 1999 1948 2037 :
1987 2000 2006 2033 (
2038 1981 2140 2036 Su-

554 2088 653 2144 per
703 2088 876 2143 genua
927 2089 1024 2128 sua
1062 2082 1271 2128 stantes
1318 2080 1448 2128 ante
1485 2072 1758 2138 abbatem,
1794 2081 1848 2125 et
1907 2080 2140 2142 quatuor

553 2164 829 2230 denarios,
864 2172 923 2218 ut
955 2165 1121 2218 moris
1148 2174 1260 2230 est,
1291 2179 1452 2234 super
1480 2163 1658 2233 capita
1702 2178 1797 2218 sua
1835 2173 2136 2232 portantes,

553 2269 612 2310 se
640 2268 828 2308 servos
863 2253 919 2307 S.
945 2251 1161 2308 Martini
1185 2252 1413 2323 professi
1436 2263 1579 2308 sunt.
1623 2272 1642 2303 ι

633 2363 653 2397 (
703 2344 1013 2400 Bernardus
1039 2345 1206 2401 abbas
1235 2346 1499 2416 (loquitur
1529 2345 1856 2416 anonymus)
1901 2345 2140 2414 requies-

551 2438 627 2493 cit
668 2438 720 2493 itt
775 2438 966 2492 dextro
1024 2438 1237 2507 porticu
1289 2437 1531 2495 ecclesia:
1591 2452 1619 2491 a
1673 2445 1825 2507 parte
1869 2435 2137 2492 inferiori.

551 2530 698 2586 Obiit
727 2547 824 2586 vnt
855 2535 978 2588 ldus
1009 2531 1155 2586 Maii.
1192 2549 1208 2582 ι

623 2623 757 2685 Xlll,
806 2623 1053 2697 llilgotus
1107 2639 1199 2679 seu
1249 2621 1570 2692 llilgaudus,
1603 2619 1854 2675 abdicato
1891 2618 2138 2674 Suessio-

551 2716 710 2770 nensi
751 2716 1086 2787 episcopatu,
1131 2715 1307 2770 induit
1340 2712 1630 2770 collobium
1689 2708 2032 2774 monachale,
2064 2716 2139 2761 at-

551 2821 658 2874 que
689 2805 858 2861 abbas
890 2806 948 2861 fit
992 2807 1190 2862 invitus
1217 2803 1374 2860 1100.
1410 2804 1512 2857 Dat
1543 2801 1642 2871 ipsi
1672 2800 1880 2854 litteras
1907 2797 2140 2853 Pascha-

551 2897 621 2953 lis
649 2913 786 2968 papa
815 2898 881 2962 11,
935 2898 1081 2952 velut
1126 2907 1180 2952 et
1233 2895 1511 2952 Bernardo
1572 2900 1728 2946 antea
1783 2890 2032 2946 Urbanus
2071 2890 2135 2955 ll,

551 2976 809 3062 quas-hic
833 2990 1142 3046 describere
1174 2989 1407 3058 pretium
1439 3001 1616 3057 operte
1660 2998 1775 3052 est;
1802 2991 2138 3052 emergentes

551 3084 748 3153 quippe
779 3082 1242 3152 archiepiSCOput-n
1287 3081 1426 3134 inter
1467 3091 1520 3135 et
1553 3080 1722 3150 Majus
1750 3076 2134 3132 Monasterium

550 3165 954 3234 controversias
983 3177 1191 3232 diluere
1223 3183 1467 3245 possunt.

563 3318 570 3322 .
627 3287 646 3320 ι
692 3269 972 3324 Paschalis
1001 3269 1308 3336 episcopus,
1357 3281 1546 3320 servus
1579 3280 1859 3320 servorum
1891 3265 2013 3328 Dei,
2046 3279 2135 3319 ve-

549 3359 780 3415 nerabili
822 3358 982 3413 fratri
1036 3357 1250 3428 llilgoto
1297 3355 1516 3424 ll-lajoris
1563 3354 1873 3410 Monasterii
1930 3354 2132 3418 abbati,

549 3451 778 3521 ejusque
826 3451 1236 3506 successoribus
1281 3447 1602 3514 regulariter
1648 3447 2037 3501 substituendis
2083 3447 2134 3500 in

549 3548 889 3610 perpetuum.
931 3558 949 3589 ι

561 3683 566 3693 ,
627 3649 644 3680 ι
687 3628 820 3684 Cum
853 3627 1123 3684 universis
1147 3636 1348 3682 sancta:
1379 3626 1634 3682 Ecclesia:
1663 3624 1809 3688 ﬁliis,
1850 3645 1867 3676 ι
1902 3636 2004 3679 etc.
2041 3624 2132 3678 Vi—

551 3721 617 3774 de
644 3720 778 3772 inter
804 3718 1092 3787 diplomata
1121 3729 1167 3772 et
1203 3719 1447 3789 epistolas
1483 3717 1754 3774 Paschalis
1790 3719 1876 3775 Il.

621 3809 786 3880 589
811 3810 968 3864 Anno
994 3811 1288 3867 Dominica:
1317 3812 1710 3868 lncaruationis
1743 3814 1898 3878 1101,
1932 3814 2135 3868 Alanus

551 3900 848 3955 Britanniae
878 3903 1010 3966 dux,
1053 3912 1107 3956 et
1151 3917 1288 3956 uxor
1333 3903 1501 3972 ipsius
1538 3905 1939 3974 Ermengardis,
1972 3916 2135 3974 atque

549 4005 737 4045 eorum
775 3989 913 4045 filius
935 3991 1209 4060 Conanus,
1243 3993 1441 4048 dedere
1471 3995 1655 4063 Maiori
1688 3995 2015 4050 Monasterio
2041 4011 2133 4050 ec-

550 4078 746 4135 clesias
775 4078 832 4134 S.
861 4080 1052 4135 Crucis
1074 4089 1128 4136 et
1151 4081 1208 4136 S.
1233 4081 1509 4138 Saturnini
1535 4086 1587 4138 in
1617 4085 1750 4140 urbe
1772 4083 2128 4140 Nannelensi:

553 4189 574 4223 ι
609 4169 746 4239 Quia
795 4180 984 4246 conjra
1018 4187 1204 4227 sacros
1251 4188 1490 4229 canones
1537 4191 1630 4229 eas
1679 4175 1916 4238 tenebat,
1949 4195 1966 4226 ι
2000 4184 2130 4239 etc.,

547 4261 654 4316 fert
682 4261 893 4316 charta.
931 4262 1050 4328 Quo
1090 4263 1276 4318 eximii
1315 4265 1589 4334 principes
1621 4265 1692 4318 illi
1737 4265 1966 4318 formam
2000 4265 2129 4319 sub-

545 4349 674 4405 ditis
703 4349 1072 4405 exhibuerunt
1097 4351 1441 4408 obedientize.

621 4455 638 4489 ι
694 4437 751 4492 1η
787 4438 1037 4509 Angliam
1059 4455 1312 4512 ppergens
1367 4443 1584 4512 triginta
1634 4455 1848 4496 marcas
1897 4446 2126 4510 argenti,

541 4543 683 4597 quas
707 4531 990 4585 annuatim
1021 4531 1282 4588 habemus
1309 4549 1339 4588 a
1373 4549 1497 4604 rege
1525 4543 1578 4589 et
1602 4535 1787 4604 regina
1813 4538 2127 4608 Anglorum,

541 4631 595 4674 et
627 4621 781 4691 plura
807 4622 908 4676 alia
931 4625 1240 4693 acquisivit.
1272 4625 1369 4680 Hic
1397 4629 1690 4696 requiescit
1721 4631 1884 4705 59o
1912 4638 1962 4690 in
1995 4638 2132 4689 dex-

544 4724 660 4766 tera
689 4721 842 4780 parte
871 4715 938 4769 ad
962 4715 1132 4770 altare
1160 4717 1218 4772 S.
1255 4719 1502 4774 Antonii.
1544 4742 1561 4772 ι
1595 4723 1931 4796 Anonytnus.

620 4801 760 4857 XIV.
793 4801 1113 4860 Guillelmus
1144 4806 1304 4862 1104.
1345 4809 1584 4866 Bullatas
1625 4814 1836 4871 litteras
1867 4820 2075 4887 accepit
2101 4836 2132 4873 a

546 4888 798 4946 l‘aschali
849 4908 987 4962 papa
1043 4895 1106 4948 11.
1153 4897 1209 4950 In
1260 4899 1326 4953 iis
1378 4900 1602 4957 libertas
1641 4905 1708 4960 ab
1755 4907 2132 4976 episcoporum

547 4980 902 5050 subjectione,
931 4998 1054 5038 cum
1091 4985 1311 5055 Majoris
1335 4989 1646 5047 Monasterii
1679 5002 1791 5049 tum
1834 5000 2132 5064 possessio.

547 5086 698 5136 num,
727 5079 781 5126 et
803 5073 1154 5130 ecclesiarum
1201 5081 1464 5145 omnium,
1497 5097 1620 5150 qure
1659 5087 1902 5140 seriatim
1938 5103 2130 5142 recen-

547 5168 770 5226 sentur,
818 5163 1192 5220 conﬁrmatur.
1252 5151 1521 5225 Praeterea
1582 5173 1764 5227 abbati
1826 5176 2021 5231 calices
2079 5188 2130 5234 et

546 5251 800 5319 quaslibet
866 5254 1054 5310 altaris
1109 5269 1430 5314 ornamenta
1501 5262 1852 5319 benedicendi
1919 5268 2130 5323 confert

547 5355 791 5398 summus
829 5346 1072 5412 pontifex
1119 5357 1476 5418 potestatem,
1509 5369 1673 5422 quam
1717 5355 1845 5410 nulli
1897 5360 2127 5416 antehac

548 5429 728 5486 abbati
766 5451 1084 5522 concessam
1129 5449 1278 5509 puto.
1314 5441 1662 5498 Guillclmum
1701 5447 1784 5504 his
1829 5450 1882 5503 in
1935 5452 2128 5506 litteris

548 5534 684 5591 papa
721 5528 1198 5585 reverendissimum
1225 5533 1394 5601 ﬁlium
1417 5538 1668 5606 appellat.

617 5612 910 5672 Gaufridus
931 5617 1304 5688 Grisagonella
1329 5625 1748 5683 Vindocinensis
1770 5646 1953 5687 comes
1975 5633 2037 5687 Α.
2065 5635 2126 5690 C.

550 5701 710 5759 “20.
745 5722 761 5754 t
795 5703 951 5760 Venit
977 5709 1029 5762 in
1067 5710 1357 5779 capitulum
1382 5714 1463 5777 (ut
1487 5719 1809 5786 exprimitur
1835 5723 1887 5777 in
1911 5725 2123 5788 charta)

2244 1906 2341 1946 suo
2364 1889 2660 1956 Willelmo,
2687 1892 2739 1944 in
2764 1890 3060 1961 capitulum
3086 1899 3330 1946 nostrum
3356 1891 3524 1955 venit,
3553 1901 3607 1946 et
3628 1893 3812 1962 accepit

2243 1981 2587 2037 benefactum
2631 1991 2830 2037 nostra:
2868 1983 3166 2050 societatis,
3197 1992 3253 2037 et
3283 1984 3542 2052 promisit
3567 1998 3626 2038 se
3651 1983 3810 2038 defea-

2245 2089 2422 2130 soretn
2475 2088 2658 2128 rerum
2698 2081 3044 2139 nostrarum;
3091 2081 3148 2128 et
3193 2074 3497 2129 concedere
3546 2073 3812 2128 chitWil—

2243 2165 2403 2220 lelmo
2431 2164 2541 2219 filio
2569 2178 2667 2220 suo
2691 2163 2951 2232 quidquid
2982 2164 3314 2219 habebamus
3335 2164 3390 2218 in
3415 2163 3643 2219 Pontico
3668 2162 3792 2232 (Pot:

2243 2258 2422 2327 tlu'eu)
2473 2266 2528 2312 et
2581 2257 2990 2312 concessionem
3042 2257 3263 2312 tradidit
3315 2272 3415 2327 per
3465 2256 3714 2312 baculum
3766 2258 3810 2311 in

2245 2364 2402 2402 manu
2453 2345 2708 2402 Willelmi
2744 2347 2986 2417 prioris,
3037 2348 3128 2415 qui
3181 2347 3359 2402 fuerat
3418 2348 3811 2404 archidiaconus

2244 2436 2600 2502 lledonensis,
2628 2435 2936 2490 videntibus
2961 2435 3230 2490 Willelmo
3256 2437 3324 2491 de
3349 2435 3498 2500 Pois,
3523 2435 3810 2492 Normanuo

2243 2526 2306 2579 de
2349 2524 2564 2590 Neaﬂo,
2608 2523 2886 2578 Willelmo
2935 2524 3104 2578 fratre
3154 2524 3301 2592 ejus,
3347 2524 3624 2579 Willelmo
3668 2525 3809 2578 Mala-

2243 2616 2443 2682 lterba,
2505 2615 2745 2671 Roberto
2792 2613 2958 2670 Oison
3013 2626 3243 2686 cegnato
3302 2617 3530 2673 Robcrti
3583 2617 3648 2671 de
3693 2616 3808 2671 Beli-

2243 2723 2358 2763 SIIIO
2371 2748 2384 2771 ,
2422 2727 2439 2760 ι
2475 2717 2580 2763 etc.

2320 2819 2336 2850 ι
2374 2800 2568 2856 Totum
2592 2800 2899 2856 coenobium
2929 2803 3098 2857 abbas
3117 2801 3203 2857 hic
3226 2801 3489 2872 (loquitur
3511 2803 3809 2871 anonymus)

2243 2893 2414 2947 cinxit
2445 2894 2634 2960 muris,
2665 2904 2721 2950 et
2763 2893 2964 2950 multas
3004 2892 3345 2949 obedientias
3375 2893 3678 2961 acquisivit,
3715 2901 3808 2945 etc.

2242 2984 2486 3041 Ecclesia
2512 3005 2540 3036 ξι
2578 2986 2737 3040 istam
2773 2987 2840 3040 ab
2879 2987 3026 3040 omni
3060 2985 3245 3040 debito
3294 2985 3520 3039 liberam
3567 2985 3807 3052 reliquit:

2243 3080 2482 3135 moriens
2505 3079 2748 3150 sepultus
2774 3091 2858 3136 est
2885 3083 2938 3135 in
2977 3082 3200 3136 dextera
3246 3089 3402 3148 parte
3439 3079 3656 3149 capituli
3685 3079 3808 3133 inter

2165 3148 2206 3204 ο
2240 3169 2545 3226 columnam
2567 3148 2628 3225 et
2649 3152 2834 3226 sedile.
2870 3189 2887 3222 ι

2314 3259 2428 3313 XV.
2456 3259 2572 3314 O’JO
2615 3261 2784 3314 abbas
2835 3259 3093 3330 religione
3120 3260 3301 3314 clarus
3325 3259 3484 3313 1124.
3527 3259 3628 3327 Ipsi
3657 3259 3810 3327 Majas

2241 3355 2629 3406 monasterium
2667 3352 2874 3420 regenti
2927 3352 3234 3406 emnobium
3273 3351 3458 3405 Sancti
3518 3349 3726 3404 Martini
3754 3353 3808 3405 de

2246 3441 2391 3495 Valle
2421 3443 2643 3494 (lat-not.
2693 3443 3002 3495 restitutum
3029 3449 3112 3495 est
3145 3459 3155 3493 :
3187 3456 3250 3495 ea
3282 3443 3347 3496 de
3399 3455 3456 3495 re
3493 3450 3669 3495 exstat
3715 3441 3807 3497 ilo-

2239 3531 2377 3585 norii
2412 3546 2560 3598 papae
2588 3541 2642 3584 et
2674 3529 2969 3585 Theobaldi
3014 3531 3232 3587 comitis
3277 3542 3628 3601 pr:cceptum.
3675 3531 3805 3588 Odo-

2239 3635 2360 3673 nem
2413 3628 2463 3673 et
2507 3617 2624 3686 ejus
2673 3621 2965 3675 monachos
3011 3637 3069 3676 se
3119 3623 3355 3675 maximo
3407 3622 3526 3678 loco
3573 3625 3807 3679 habuisse

2241 3711 2490 3780 Ulgeritts
2537 3711 2822 3780 episcopus
2869 3725 3212 3782 perspectum
3257 3711 3391 3767 facit
3421 3714 3474 3768 in
3520 3715 3659 3769 hunc
3707 3729 3807 3768 mo-

2238 3801 2361 3856 dum
2395 3820 2407 3854 :
2446 3821 2461 3853 (
2498 3802 2607 3871 Ego
2656 3801 2903 3872 Ulgerius
2943 3805 3227 3872 episcopus
3274 3805 3680 3874 Andegavensis
3716 3805 3805 3858 Ec-

2237 3893 2418 3947 clesim
2468 3893 2686 3963 Majoris
2730 3894 3067 3960 Monasterii,
3099 3904 3153 3949 et
3183 3889 3445 3950 fratribus
3490 3898 3624 3952 meis
3647 3897 3805 3952 Odoni

2238 3994 2290 4038 et
2345 3985 2628 4040 monachis
2675 3985 2819 4040 illius
2870 3987 3088 4055 (quibus
3136 3986 3496 4044 ferreutiores
3541 3990 3596 4043 in
3641 3991 3806 4043 divino

2239 4074 2460 4130 servitio
2489 4074 2623 4130 alios
2654 4089 2739 4129 me
2778 4076 2994 4131 novisse
3025 4092 3130 4131 non
3179 4078 3383 4147 inveni)
3415 4079 3536 4134 dedi
3569 4095 3708 4133 anno
3735 4079 3805 4132 ln-

2238 4171 2448 4216 carnat.
2480 4163 2638 4226 1151,
2670 4164 2955 4218 ecclesiam
2988 4166 3053 4220 de
3083 4164 3354 4230 Bessiaco,
3383 4177 3437 4222 et
3463 4167 3716 4237 capellam
3748 4172 3805 4221 de

2239 4253 2549 4318 Dellifortis,
2584 4254 2638 4307 in
2685 4257 2874 4309 eadem
2905 4256 3160 4324 parochia
3193 4259 3386 4322 sitam,
3415 4273 3540 4313 cum
3575 4261 3805 4314 omnibus

2237 4344 2303 4397 ad
2347 4360 2440 4399 eas
2480 4344 2906 4414 pertinentibus,
2941 4355 2996 4398 et
3033 4344 3158 4414 jure
3202 4349 3554 4418 presbyteros
3588 4363 3803 4418 prter-en-

2239 4436 2407 4499 tandi,
2435 4451 2555 4490 eum
2587 4437 2796 4491 vacatio
2824 4438 3132 4508 contigerit,
3173 4458 3191 4489 ι
3221 4449 3327 4494 etc.

2307 4550 2480 4613 Ritus,
2513 4549 2710 4617 quibus
2753 4549 2881 4603 olim
2909 4550 3198 4605 saeculares
3231 4552 3568 4614 orationum,
3601 4561 3802 4606 exntero-

2237 4657 2464 4710 rttmque
2491 4641 2728 4710 pietatis,
2761 4640 3160 4695 austeritatisve
3189 4642 3602 4706 exercitiorum,
3639 4657 3752 4710 quae
3775 4658 3802 4693 a

2235 4730 2529 4784 coenobitis
2579 4730 2979 4793 actitabantur,
3042 4729 3342 4798 participes
3393 4729 3636 4793 ﬁebant,
3693 4739 3804 4783 sunt

2233 4819 2379 4887 digni
2409 4828 2593 4872 notatu
2627 4837 2638 4869 :
2671 4837 2688 4868 c
2728 4819 2842 4873 Odo
2868 4817 3108 4872 Canutus
3152 4819 3220 4872 ab
3265 4819 3463 4874 abbate
3499 4820 3684 4874 Od0ne
3719 4834 3804 4887 per

2237 4908 2582 4963 traditionem
2611 4908 2732 4962 libri
2759 4909 2978 4977 capituli
3005 4909 3292 4964 investitus
3313 4923 3420 4975 est,
3452 4920 3507 4966 et
3535 4912 3705 4966 factus
3729 4919 3802 4964 est

2234 5000 2503 5068 particeps
2543 5000 2789 5054 beneficii
2833 4999 3078 5054 ecclesia:
3123 4999 3342 5066 Maioris
3385 5000 3712 5065 Monasterii,
3744 5001 3802 5055 de

2233 5106 2341 5159 quo
2394 5090 2686 5158 plurimtttn
2717 5091 3018 5159 gratulatus
3060 5091 3196 5158 (Odo
3241 5091 3505 5160 Canutus)
3549 5093 3800 5147 investirit

2235 5180 2484 5234 abbatem
2531 5180 2596 5234 de
2651 5181 2883 5249 quadam
2936 5190 3100 5246 terra,
3159 5198 3281 5235 cum
3325 5185 3563 5252 quadam
3611 5183 3797 5252 virgula

2233 5272 2581 5340 disciplinali,
2610 5289 2772 5341 quam
2801 5275 2870 5328 ob
2911 5274 3381 5330 confirmationem
3432 5290 3599 5345 super
3637 5274 3797 5341 majus

2232 5363 2403 5417 altare
2425 5364 2677 5431 portavit,
2718 5383 2736 5414 ι
2768 5374 2872 5418 etc.

2303 5453 2589 5522 Sulpitium
2617 5453 2837 5508 Robcrti
2868 5453 3195 5524 deRupibus
3222 5455 3514 5525 (Carbonis
3541 5457 3794 5520 videlicet)

2233 5546 2397 5599 filium
2428 5547 2480 5599 in
2526 5547 2787 5602 extremis
2816 5556 3087 5615 agentem,
3119 5559 3374 5616 poscente
3405 5560 3558 5616 patre
3597 5549 3649 5602 in
3693 5562 3796 5602 mo-

2230 5636 2460 5692 nachum
2500 5638 2736 5706 suscepit
2775 5635 2889 5690 Odo
2918 5637 3101 5691 abbas.
3131 5638 3493 5703 Quamobrem
3534 5639 3658 5692 dedi
3705 5637 3793 5689 Bc-

2232 5731 2418 5785 hertus
2445 5732 2708 5786 decimam
2745 5731 2974 5799 piscium
3017 5730 3163 5785 ﬂuvii
3211 5729 3412 5786 Sextia:
3448 5747 3544 5788 seu
3586 5730 3791 5796 Sithis;
