4018 6324
209 345 332 406 I009

1337 335 1540 391 DOMM
1600 334 1658 387 L.
1702 330 2043 387 D‘ACHERY
2074 332 2279 391 ΝΟΤΑΞ

3322 343 3452 398 I070

208 466 326 521 huic
353 455 628 515 donationi
662 468 941 510 assensum
973 452 1249 523 praebuere
1297 452 1388 506 lilii
1436 449 1775 505 Theobaldus
1805 450 1849 509 Α
1880 452 2211 519 Anonymus.
2245 450 2406 504 Usum
2441 450 2613 505 mitrae
2646 448 2881 506 Robcrto
2920 453 3185 508 concessit
3211 471 3451 513 summus

207 571 267 610 ac
307 551 601 610 Bubertus,
635 556 739 601 etc.
782 563 801 595 ε
850 543 964 599 Odo
994 545 1179 598 'abbas
1225 536 1457 612 quiescit
1500 542 1550 595 in
1584 542 1775 594 dextro

206 644 407 718 porticu
450 638 719 701 ecclesias,
766 652 795 691 a
839 644 993 707 parte
1025 635 1289 704 superiori
1337 633 1586 689 videlicet
1622 631 1772 700 juxta

206 737 443 793 abbatem
476 730 830 785 Bernardum.
869 746 888 780 ν
918 729 1249 799 Anonymus.

276 825 403 879 XVI.
451 822 768 884 Garnerius,
812 821 969 874 1157.
1001 838 1021 870 ι
1058 818 1308 874 Omnium
1340 816 1581 871 ecclesia:
1621 814 1777 882 hujus

204 917 471 988 piissimus
509 912 628 974 fuit,
666 930 687 962 ›
724 920 951 966 testatur
995 924 1315 980 anonymus.
1357 906 1505 961 Inter
1555 906 1776 971 antiqua

203 1008 468 1078 prioratus
517 1004 834 1059 Dalmeriaei
868 1009 1249 1065 monumenta,
1280 999 1465 1053 isthtec
1494 1014 1557 1052 ex
1588 998 1775 1050 charta

204 1095 505 1152 donationis
552 1094 847 1150 Forestarii
894 1092 1171 1163 cujusdam
1199 1131 1214 1156 ,
1261 1090 1477 1145 nomine
1535 1088 1775 1152 Balbiui,

203 1191 452 1261 leguntur
483 1205 494 1240 :
529 1206 546 1237 ‹
584 1187 715 1241 Data
743 1202 832 1240 an.
862 1187 1134 1241 Incarnat.
1177 1185 1346 1249 1148,
1384 1184 1474 1253 qui
1501 1192 1617 1238 erat
1647 1183 1774 1237 duo-

202 1281 439 1336 decimus
467 1280 826 1334 ordinationis
856 1280 1083 1349 piissimi
1125 1278 1305 1332 Patris
1341 1277 1589 1332 Garnerii
1616 1275 1777 1331 abba-

201 1374 284 1427 tis.
326 1392 344 1424 ι
389 1372 445 1427 In
488 1373 927 1443 chartophylacio
962 1372 1178 1439 Majoris
1213 1371 1521 1426 Monasterii
1564 1377 1783 1425 exstant

200 1465 391 1519 litterae
422 1464 643 1534 Eugenii
694 1458 951 1534 papce‘lll
1000 1465 1183 1519 Remis
1222 1465 1536 1528 existentis,
1586 1463 1780 1533 quibus

198 1553 457 1609 Garnerio
502 1554 684 1608 abbati
739 1555 1098 1624 respondens,
1148 1557 1432 1625 episcopos
1481 1554 1776 1609 Galliarum

198 1644 524 1700 submonet:
561 1662 578 1694 ι
615 1644 767 1711 Quod
806 1645 856 1698 in
890 1646 1235 1713 generalibus
1262 1647 1541 1711 conciliis,
1584 1646 1777 1715 inquit,

197 1742 458 1787 statutum
491 1750 614 1790 esse
646 1736 1010 1805 cognoscitur,
1035 1745 1093 1789 ut
1130 1738 1462 1803 sacerdotes,
1493 1736 1583 1805 qui
1615 1736 1666 1789 in
1695 1750 1782 1791 ec-

194 1824 374 1879 clesiis
419 1824 489 1878 ad
543 1826 871 1880 monasteria
915 1826 1331 1894 pertinentibus,
1374 1827 1439 1881 de
1473 1827 1774 1879 animarum

195 1915 407 1982 quidem
432 1930 565 1969 cura
588 1916 896 1971 dieecesano
918 1917 1170 1986 episeopo
1195 1917 1571 1985 respondeant;
1598 1916 1777 1971 abbati

193 2020 320 2060 vero
341 2014 398 2060 et
426 2005 690 2062 fratribus
720 2008 833 2063 suis
862 2024 959 2079 pro
995 2009 1155 2063 rebus
1184 2009 1569 2078 temporalibus
1595 2008 1775 2077 subje-

193 2098 426 2151 ctionem
458 2098 751 2152 exhibeant
797 2117 810 2152 :
859 2106 1191 2167 quo’contra
1238 2098 1416 2152 dilecti
1465 2098 1556 2151 filii
1607 2098 1776 2152 nostri

192 2187 440 2241 Garnerii
470 2190 687 2244 abbatis
724 2189 941 2260 Majoris
966 2189 1275 2245 Monasterii
1307 2199 1360 2245 et
1402 2189 1631 2243 fratrum
1657 2205 1779 2243 suo-

193 2293 307 2331 rum
338 2280 624 2347 querelam
648 2283 979 2351 accepimus,
1019 2302 1036 2333 ι
1066 2292 1168 2337 etc.

262 2370 438 2425 Beatm
489 2372 674 2427 Maria:
719 2374 855 2427 Boni
891 2375 1059 2427 nuntii
1096 2373 1371 2428 Aurelian.
1409 2372 1650 2429 Ecclesia
1691 2389 1779 2428 ca-

193 2461 522 2515 uonicorum
552 2461 739 2530 Majori
774 2464 1101 2518 Mouasterio
1144 2464 1342 2517 tradita
1373 2473 1455 2518 est
1500 2480 1529 2517 a
1560 2462 1779 2519 Simone

191 2548 256 2602 de
307 2549 703 2619 Balgenciaco,
755 2560 814 2605 ut
861 2552 911 2604 in
952 2551 1230 2606 meliorem
1285 2561 1484 2605 statum
1529 2552 1780 2605 restitue-

192 2650 358 2695 retur.

258 2733 487 2788 Abbatis
522 2733 773 2790 Garucrii
801 2751 864 2792 ac
896 2736 1284 2791 monachorum
1330 2739 1445 2808 ejus
1494 2741 1687 2795 iterum
1727 2740 1778 2793 in

190 2820 438 2891 Angliam
486 2824 802 2893 pervulgata
854 2832 936 2879 est
980 2834 1128 2879 arcta
1175 2827 1314 2891 vita;
1364 2828 1566 2882 ideirco
1622 2829 1778 2893 1159,

190 2902 358 2980 prima
388 2914 630 2968 caauobii
655 2914 755 2968 SS.
788 2914 1069 2969 Trinitatis
1095 2916 1144 2969 in
1191 2916 1515 2972 Eboracensi
1560 2920 1779 2974 civitate

189 3019 218 3055 a
270 3004 507 3058 Iladulfo
555 3006 619 3059 de
665 3006 952 3075 Paganello
983 3006 1244 3076 (Paisncl)
1291 3018 1344 3060 et
1392 3024 1557 3063 uxore
1613 3010 1781 3079 ipsius

1880 540 2142 607 pontifex.
2172 541 2233 593 Et
2261 542 2425 596 abbas
2455 544 2565 611 ipse
2615 544 2847 598 maxima
2881 546 3042 599 animi
3070 547 3449 612 submissioue,

1885 628 2102 684 humilis
2151 629 2368 699 Majoris
2394 632 2698 688 Munasterii
2733 632 3074 703 Dispensalor
3116 636 3282 692 voluit
3312 654 3449 694 nun-

1880 722 2087 790 cupari.
2125 721 2275 776 Sedit
2305 738 2394 776 an.
2432 724 2568 779 1166
2606 727 2672 780 ad
2705 742 2795 780 an.
2832 727 2987 782 1176.

1952 815 2093 869 XIX.
2129 834 2148 866 ‹
2187 816 2377 872 Petrus
2405 820 2469 872 de
2493 819 2763 876 Gasconia
2802 823 2955 877 1177.
2989 825 3111 879 Fuit
3144 826 3301 881 valde
3325 827 3455 881 sim~

1882 910 2003 980 plex
2064 918 2118 963 et
2155 909 2437 980 religiosus
2464 925 2477 963 :
2502 913 2775 969 smeularis
2826 918 3077 971 versutiae
3108 934 3170 973 ac
3201 920 3455 985 nequitia:

1882 1002 2123 1069 ignarus,
2175 1020 2192 1054 ι
2225 1011 2353 1066 etc.,
2389 1002 2563 1072 inquit
2592 1018 2910 1075 anonymus.

1952 1092 2070 1145 XX.
2100 1092 2339 1147 Herveus
2369 1094 2435 1147 de
2466 1093 2588 1146 villa
2620 1092 2842 1149 Petrosa
2880 1100 2946 1152 ab
2973 1114 3110 1153 anno
3132 1100 3190 1154 C.
3223 1102 3358 1157 II78
3388 1104 3456 1156 ad

1882 1182 2019 1238 1186
2049 1184 2319 1253 pastorale
2351 1198 2546 1238 munus
2572 1186 2854 1255 protraxit.
2893 1187 3026 1241 Eum
3059 1190 3303 1246 laudibus
3330 1208 3459 1261 pro-

1881 1274 2127 1343 sequitur
2162 1274 2345 1329 multis
2390 1290 2711 1347 anonymus.
2755 1275 2917 1331 Notat
2962 1287 3140 1333 autem
3179 1281 3320 1337 inter
3351 1285 3455 1338 alia

1882 1374 1994 1420 tum
2031 1367 2272 1421 strictam
2318 1366 2376 1421 S.
2417 1368 2611 1438 regula:
2669 1370 3084 1433 observantiam,
3121 1373 3205 1426 cui
3238 1376 3458 1430 minime

1881 1464 2149 1530 repugnat
2200 1457 2342 1511 bulla
2374 1458 2669 1515 Clementis
2702 1476 2853 1530 papa:
2886 1461 2952 1515 111
2982 1464 3072 1532 qui
3104 1472 3364 1517 statutum
3391 1467 3460 1517 ah

1882 1548 2097 1604 Herveo
2128 1549 2325 1603 abbate
2354 1548 2539 1617 latum,
2590 1558 2811 1620 atque-a
2850 1554 3128 1608 monachis
3156 1566 3458 1624 receptum.

1883 1640 2064 1696 laudat
2102 1657 2116 1694 :
2148 1654 2342 1709 nempe
2382 1641 2687 1710 hospitibus
2737 1642 2878 1696 intra
2931 1646 3246 1699 monasterii
3308 1655 3457 1715 septa

1883 1745 2079 1787 carnes
2129 1745 2405 1800 apponere
2462 1731 2757 1786 inhibetur.
2809 1732 3462 1802 ComprobatetiamAle-

1881 1824 2089 1879 xander
2120 1824 2184 1877 Ili
2207 1836 2398 1878 omnes
2442 1821 2815 1878 immunitates
2841 1839 2869 1877 a
2900 1825 3010 1878 suis
3049 1826 3462 1894 przedcccssori~

1880 1914 1979 1967 bus
2010 1912 2251 1979 Urbano,
2312 1913 2837 1980 Paschali,Calixto,
2887 1913 3461 1972 lnnoceutiolletEu-

1881 2005 2039 2075 genio
2090 2005 2152 2060 Ill
2207 2006 2401 2076 Maiori
2444 2007 2771 2062 Monasterio
2805 2006 3038 2062 indultas
3073 2027 3083 2061 :
3117 2009 3462 2077 pontificatus

1881 2096 1964 2150 sui
1997 2111 2087 2149 an.
2112 2113 2227 2163 xrx,
2258 2098 2446 2153 iudiet.
2479 2114 2552 2153 XI.

1953 2187 2167 2243 Herveo
2194 2188 2494 2257 subjectum
2526 2189 2625 2244 fuit
2670 2189 2973 2244 coenobium
3003 2190 3188 2245 Sancti
3218 2192 3460 2261 llIaglorii

1883 2279 1947 2333 de
1994 2279 2265 2345 Lehonio;
2316 2290 2477 2351 atque
2504 2283 2649 2336 omni
2688 2284 2832 2353 jure,
2861 2298 2966 2351 quo
2996 2284 3305 2350 potiebatur
3333 2285 3459 2339 olim

1880 2370 2138 2427 Albertus
2176 2371 2360 2427 Sancti
2418 2373 2663 2429 Maclovii
2723 2376 3010 2444 episcopus
3041 2375 3152 2429 suis
3184 2376 3378 2431 litteris
3411 2378 3463 2430 in

1881 2465 2166 2533 prmsentia
2196 2464 2417 2520 Ilenriei
2452 2466 2591 2536 regis
2621 2467 2916 2535 Anglorum
2943 2467 3107 2521 libere
3131 2468 3206 2521 uti
3235 2483 3463 2523 conces-

1883 2556 1953 2610 sit
1986 2572 2075 2609 an.
2100 2556 2257 2610 1181.
2286 2556 2482 2611 Lucius
2506 2572 2642 2626 papa
2673 2556 2733 2609 Ill
2765 2556 2863 2610 sub
2892 2558 3465 2612 excommunicationis

1881 2662 2040 2717 p‘tena
2069 2648 2315 2716 prmcipit
2340 2646 2651 2710 Herveo,ne
2672 2648 3019 2704 smcula‘ribus
3050 2649 3241 2717 quovis
3280 2650 3464 2705 colore

1885 2738 2050 2791 ullum
2102 2753 2131 2792 e
2186 2738 2521 2807 prioratibus
2568 2739 2843 2803 conferat,
2902 2748 2992 2793 aut
3042 2753 3137 2795 eos
3188 2741 3466 2810 possidere

1883 2829 2141 2898 patiatur.

1956 2920 2162 2975 Nivello
2218 2921 2282 2974 de
2314 2919 2539 2991 Cherisy
2602 2920 3009 2976 SuessiOnensis
3056 2925 3357 2993 episcopus,
3394 2940 3463 2978 ex

1885 3011 2086 3066 familia
2134 3014 2476 3067 dominorum
2532 3010 2896 3076 Petrzel'ontis,
2936 3012 2985 3064 in
3012 3012 3199 3065 charta
3231 3028 3466 3065 conven-

189 3093 488 3159 Matbilde,
541 3098 1008 3153 consentientibus
1059 3098 1183 3152 filiis
1236 3098 1523 3155 Guillelmo
1570 3111 1623 3155 et
1664 3100 1780 3155 .Ior-
1809 3141 1850 3197 Ο
1888 3104 2049 3159 tionis
2107 3114 2373 3160 rectorem
2420 3103 2561 3156 inter
2609 3111 2662 3155 et
2698 3102 2993 3157 monachos
3026 3102 3209 3157 Sancti
3244 3103 3459 3172 Sulpitii

189 3183 346 3249 (lano,
372 3184 528 3252 jaeta
560 3196 685 3240 sunt
711 3186 1081 3253 fundamenta,
1112 3205 1176 3244 ac
1202 3190 1383 3245 multm
1408 3194 1780 3261 possessiones

186 3274 486 3355 attributas.
523 3277 596 3331 De
619 3275 884 3332 Garuerio
911 3282 1210 3334 monachus
1232 3296 1533 3352 anonymus
1575 3302 1586 3335 :
1622 3302 1639 3333 ι
1680 3285 1782 3338 Do-

187 3377 333 3414 mum
366 3363 513 3418 hanc
549 3367 771 3418 omnino
812 3368 1103 3437 reparavit,
1134 3368 1435 3434 cellarium,
1466 3373 1780 3440 coquinam,

185 3452 598 3520 dormitorium,
630 3456 860 3511 mediam
896 3474 1109 3529 quoque
1133 3469 1340 3529 partem
1368 3460 1590 3515 claustri
1634 3464 1783 3515 infir-

186 3559 402 3599 morum
453 3545 616 3611 fecit,
659 3557 788 3613 ete.;
839 3565 960 3603 cum
1007 3566 1134 3605 vero
1178 3552 1394 3607 domum
1446 3554 1780 3608 infirmorum

185 3651 459 3692 renovare
511 3640 883 3707 decrevisset,
944 3653 1261 3712 partemque
1318 3656 1778 3711 consummasset,

183 3728 408 3782 (lbrism
440 3746 569 3784 eum
596 3742 821 3786 vocante
868 3734 933 3786 ad
982 3735 1222 3790 emlestia
1264 3753 1424 3808 regna
1471 3739 1721 3809 migravit
1751 3758 1779 3792 x

183 3817 418 3874 Kalend.
451 3820 623 3887 Junii,
654 3838 776 3877 cum
808 3840 873 3877 eo
904 3827 1212 3893 perenniter
1242 3838 1582 3896 regnaturus.
1617 3830 1780 3896 Quie-

182 3912 288 3964 scit
320 3912 483 3980 juxta
535 3915 792 3968 domuum
843 3915 999 3986 59],
1039 3918 1391 3975 Gillebertum
1433 3921 1683 3978 abbatem
1728 3924 1780 3977 in

181 4002 451 4070 capitulo.
477 4024 496 4055 ι

258 4092 425 4147 XVII.
468 4115 485 4145 ‹
524 4095 703 4151 Abbas
737 4098 1004 4155 Ilobertus
1062 4102 1210 4157 Brito
1260 4105 1325 4159 (10
1388 4104 1625 4175 Magueri
1685 4108 1782 4162 luit

183 4186 311 4241 vita:
366 4189 681 4253 laudabilis,
729 4194 836 4246 Deo
875 4204 927 4248 et
975 4196 1285 4251 hominibus
1312 4201 1578 4261 amabilis,
1621 4220 1637 4250 ι
1674 4211 1777 4253 etc.

180 4282 540 4353 Anonymus.
577 4284 794 4339 Ριολρΐιιὶῑ
819 4304 942 4341 ann.
980 4290 1135 4354 1155,
1168 4292 1234 4344 ad
1258 4308 1344 4344 an.
1378 4293 1529 4346 1166.
1557 4294 1781 4348 Constat

179 4388 244 4427 ex
282 4373 493 4429 litteris
531 4374 747 4431 bullatis
794 4377 1084 4432 Alexandri
1141 4395 1289 4449 papa:
1320 4381 1402 4445 III,
1437 4385 1501 4435 ad
1532 4385 1778 4439 eumdem

1887 3200 2250 3265 Petrchontis,
2305 3201 2416 3255 hare
2465 3199 2531 3254 de
2586 3196 2795 3254 Ilerveo
2834 3199 3059 3253 inseruit
3100 3217 3111 3251 ε
3160 3199 3463 3262 «11οΝοιις

1890 3301 2014 3343 tunc
2038 3290 2297 3359 temporis
2331 3287 2655 3344 venerabilis
2708 3289 2875 3343 abbas
2904 3288 3122 3358 Majoris
3153 3289 3463 3344 Monasterii

1888 3382 2095 3436 amicus
2128 3391 2331 3445 noster,
2391 3381 2693 3447 familiaris,
2735 3382 3292 3451 cteousanguinitatis
3322 3383 3462 3435 linea

1887 3474 2041 3527 tubis
2098 3474 2450 3544 propinquus,
2504 3474 2641 3528 hanc
2695 3472 3141 3544 compositionem
3190 3474 3463 3543 approba-

1888 3565 1984 3625 vit,
2029 3585 2044 3613 ι
2081 3574 2184 3618 etc.
2598 3584 2601 3587 '

1957 3654 2100 3708 XXI.
2154 3655 2447 3709 Gaufridus
2504 3655 2655 3710 1187.
2717 3655 2770 3708 In
2834 3654 3019 3709 charta
3080 3657 3352 3725 prioratus
3396 3658 3465 3711 de

1888 3744 2226 3800 Fractavalle
2256 3746 2341 3815 (de
2370 3744 2635 3807 Frelcval)
2674 3746 2798 3799 data
2853 3762 2979 3799 ann.
3012 3746 3167 3809 1190,
3196 3746 3466 3800 Robertus

1888 3835 1944 3889 S.
1978 3836 2252 3891 Valeriani
2296 3836 2464 3889 frater
2495 3832 2739 3890 Gaufri'di
2788 3836 2998 3891 abbatis
3032 3846 3361 3892 recensetur.
3396 3836 3467 3891 Et.
3500 3844 3506 3849 ’

1887 3929 2088 3980 charta:
2138 3924 2203 3977 de
2250 3924 2578 3978 Comboruio
2622 3925 2707 3994 (de
2737 3924 3019 3991 Combourl
3050 3924 3367 3980 Gaufridum
3398 3928 3466 3981 de

1886 4017 2077 4072 Cursol
2108 4017 2219 4070 sive
2250 4017 2313 4069 de
2334 4017 2541 4070 Curson
2568 4017 2975 4086 cognominant.
3008 4017 3289 4072 Mattlneus
3312 4016 3466 4071 Paris

1888 4108 1956 4161 ad
1987 4124 2113 4161 ann.
2148 4106 2284 4160 1196
2308 4121 2428 4159 eum
2458 4121 2554 4175 pro
2587 4123 2711 4175 rege
2744 4105 3072 4161 Francorum
3118 4108 3379 4178 Philippo,
3412 4119 3470 4163 et

1886 4199 2109 4252 abbates
2141 4197 2527 4250 Cltmiacenses
2554 4206 2607 4250 et
2637 4196 2820 4251 Sancti
2852 4198 3111 4265 Dionysii,
3142 4214 3204 4252 ac
3228 4198 3465 4268 priorem

1887 4290 1951 4342 de
1981 4289 2279 4352 Charitate,
2306 4286 2519 4340 obsides
2551 4286 2823 4340 Ilichardo
2852 4287 3143 4354 Anglorum
3172 4290 3279 4355 regi
3307 4286 3465 4343 datos

1888 4379 2133 4433 allirmat.
2184 4381 2496 4450 Anonymus
2556 4379 2809 4431 tandem:
2847 4395 2864 4427 α
2923 4376 3215 4432 Gaufridus
3248 4379 3466 4434 natione

178 4467 328 4520 datis
359 4483 457 4521 an.
490 4468 651 4533 “et,
684 4469 994 4524 Blesensem
1026 4472 1278 4525 comitem
1322 4475 1517 4542 negotii
1552 4477 1776 4530 multum
1813 4486 1858 4542 ι)
1886 4468 2218 4529 Britannica.
2273 4470 2435 4523 nobili
2473 4470 2724 4539 prosapia
2776 4484 2945 4535 ortus.
2972 4471 3205 4526 clericali
3236 4470 3463 4526 scientia

177 4560 372 4613 abbati
432 4568 491 4614 et
547 4563 825 4615 monachis
883 4562 1096 4629 Maioris
1128 4564 1436 4620 Monasterii
1472 4567 1775 4635 lacessisse,

176 4650 230 4703 iu
267 4653 484 4705 litteris
516 4650 752 4719 ejusdem
786 4653 1077 4709 Alexandri
1127 4671 1252 4710 ann.
1289 4657 1425 4710 IIGI
1448 4659 1667 4727 scriptis
1693 4677 1779 4715 r2-

176 4756 243 4810 pe
253 4743 339 4794 rio

256 4849 275 4880 ε
331 4830 518 4899 Ilujus
550 4831 761 4887 abbatis
805 4842 1046 4902 tempore
1081 4835 1269 4902 (refert
1301 4840 1622 4910 anonymus)
1658 4842 1783 4895 Ale-

178 4923 406 4977 xander
461 4939 600 4993 papa
653 4925 899 4980 Turonos
925 4928 1213 4983 deveniens
1252 4930 1304 4983 in
1344 4930 1594 5000 pra-scuti
1622 4934 1779 4986 domo

174 5017 602 5082 perendinavit.
657 5019 805 5073 Vixit
848 5029 1026 5073 autem
1075 5032 1355 5090 postquam
1388 5025 1590 5079 electus
1620 5036 1699 5079 est
1731 5026 1780 5079 in

175 5105 457 5158 abbatem
514 5108 700 5161 decem
725 5109 908 5173 annis;
946 5110 997 5162 in
1033 5111 1313 5167 undecimo
1338 5129 1466 5169 vero
1505 5118 1784 5185 appositus

172 5202 264 5246 est
296 5196 372 5247 ad
400 5204 618 5262 patres;
663 5199 879 5267 etjaeet
905 5201 956 5253 iu
994 5200 1183 5255 dextra
1211 5212 1360 5269 parte
1384 5205 1606 5273 capituli
1630 5207 1782 5276 juxta

175 5285 454 5339 abbatem
477 5286 817 5343 Garnerium.
850 5308 866 5338 ι

254 5375 463 5429 XVIII.
500 5396 518 5427 ι
562 5378 831 5431 Robcrtus
883 5378 922 5430 ll
972 5379 1244 5437 Blesensis
1290 5382 1482 5448 dictus,
1512 5384 1596 5437 vir
1628 5384 1784 5439 valde

174 5465 534 5519 venerabilis
578 5476 632 5523 et
655 5468 949 5536 gratiosus,
982 5477 1089 5525 etc.
1120 5470 1266 5524 Vixit
1296 5481 1470 5527 autem
1498 5481 1781 5543 postquam

172 5552 408 5607 electus
436 5554 488 5605 iu
513 5555 761 5609 abbatem
790 5557 975 5611 decem
1021 5559 1194 5621 annis,
1220 5567 1272 5612 et
1296 5559 1348 5613 in
1375 5561 1660 5616 undecimo
1685 5562 1782 5616 de-

173 5645 361 5697 cessit
397 5659 431 5696 a
461 5645 619 5698 rebus
649 5647 921 5701 humanis.
960 5648 1057 5703 llic
1107 5652 1392 5719 requiescit
1447 5653 1499 5706 in
1554 5654 1777 5708 sinistra

168 5745 348 5805 parte
408 5735 630 5804 capituli
679 5737 819 5791 inter
860 5739 1165 5794 columnam
1194 5750 1247 5798 ct
1274 5744 1439 5799 sedile
1488 5748 1715 5802 abbatis.
1756 5768 1771 5797 ›

1887 4561 2150 4625 eruditus,
2184 4569 2393 4615 statura
2435 4561 2690 4629 vultuque
2717 4562 2967 4616 decorus.
2999 4562 3116 4632 Ipse
3145 4577 3201 4617 se
3238 4562 3463 4628 dimisit,

1886 4660 1940 4705 et
1963 4659 2167 4719 postea,
2196 4651 2336 4705 sicut
2366 4650 2593 4705 Domino
2625 4651 2842 4721 placuit,
2870 4654 2922 4705 in
2951 4667 3082 4722 pace
3108 4654 3330 4722 quievit.
3370 4674 3387 4704 ι

1958 4745 2119 4799 XXII.
2160 4769 2175 4795 ι
2228 4745 2382 4816 [Iugo
2416 4745 2574 4800 1210.
2609 4745 2835 4800 Natione
2874 4746 3248 4810 Carnotcnsis,
3284 4764 3309 4799 a
3341 4764 3470 4815 plm-

1888 4834 2008 4887 ritia
2058 4833 2110 4886 in
2152 4835 2476 4889 monachum
2509 4844 2789 4905 susceptus
2815 4846 2915 4889 est.
2947 4838 3063 4906 Ipse
3120 4846 3235 4890 erat
3270 4853 3465 4905 parvus

1889 4927 1939 4978 in
1972 4940 2197 4995 corpore
2245 4935 2299 4980 et
2348 4925 2677 4981 sull‘tcientcr
2716 4928 3009 4983 litteratus.
3056 4948 3073 4978 ι
3126 4931 3461 4998 Anonymus.

1887 5018 2077 5072 Frater
2126 5018 2224 5071 fuit
2271 5017 2545 5072 Guilletmi
2607 5020 2672 5073 de
2720 5019 2960 5089 Rupibus
3015 5018 3299 5071 Corbonis.
3344 5016 3461 5072 Non

1888 5107 2099 5163 abbatis
2121 5124 2317 5165 nomen
2348 5110 2440 5165 sed
2471 5110 2704 5165 ministri
2734 5110 2834 5165 sibi
2878 5110 3098 5163 ascribit
3129 5109 3230 5162 hoc
3259 5110 3415 5164 modo
3445 5129 3458 5163 :

1893 5220 1910 5249 ι
1953 5199 2216 5255 Omnibus
2272 5211 2567 5269 praesentes
2618 5202 2827 5255 litteras
2877 5200 3222 5270 iuspecturis,
3263 5200 3462 5256 fratres

1886 5291 2105 5360 capituli
2141 5290 2355 5357 Majoris
2407 5290 2736 5351 Monasterii,
2779 5300 2831 5346 et
2859 5292 3010 5362 litigo
3033 5292 3250 5346 humilis
3271 5306 3460 5346 eorum

1888 5383 2153 5446 minister,
2191 5403 2205 5431 ι
2234 5390 2339 5436 etc.
2363 5382 2513 5447 Quod
2545 5383 2711 5436 moris
2743 5384 2809 5436 ab
2837 5383 3049 5454 Ililgoto
3079 5383 3270 5438 abbate
3299 5384 3361 5436 I3
3392 5385 3460 5437 ad

1887 5471 2109 5525 abbates
2158 5471 2659 5526 Commendatarios
2712 5473 2969 5527 continuo
3017 5474 3299 5527 deductum
3354 5483 3459 5527 est.

1888 5564 2204 5631 Quanquam
2256 5562 2301 5616 is
2345 5562 2458 5631 ipse
2508 5561 2681 5632 Ilugo,
2733 5564 2820 5618 ubi
2864 5564 3158 5618 necessitas
3187 5565 3459 5633 exigebat.

1889 5653 2117 5721 publicis
2141 5653 2291 5707 verbi
2315 5654 2486 5722 gratia
2510 5655 2560 5708 in
2588 5654 2988 5720 instrumentis,
3018 5655 3227 5708 abbatis
3251 5655 3467 5708 titulum

1894 5746 2207 5814 usurpabat.
