4018 6324
540 305 672 387 ιοιι
1460 319 1549 372 AD
1575 316 1722 372 ore.
1756 313 1905 368 res.
1935 307 2258 368 GUIBEItTl
2287 307 2828 381 nemovmmro.
3671 307 3790 364 um

610 445 895 500 antuosre
948 439 1135 495 eadem
1185 441 1506 504 tempestate
1529 430 1837 494 discordiae,
1871 427 2001 496 quin
2031 441 2118 494 po.
2148 428 2192 484 Α
2224 423 2671 492 apostolicorum,
2721 420 2953 492 Philippi
3007 419 3382 483 Bituricensis,
3431 429 3488 475 et
3515 418 3790 481 Clementis

542 538 650 592 tius
671 534 913 590 nefanda:
937 529 1194 585 comitum
1218 523 1572 588 Blesensium,
1601 523 1690 591 qui
1717 529 1974 590 patronos
2001 531 2121 572 sese

543 627 627 684 vel
664 625 955 678 advocatos
993 615 1216 685 Majoris
1253 612 1562 669 Monasterii
1587 610 1942 679 jactitabant,
1971 622 2123 678 gras—

542 721 781 774 sationes
811 722 1036 776 exortm,
1065 709 1206 763 unde
1243 704 1556 761 monasterii
1586 702 1851 772 ejusdem,
1885 717 1950 756 ac
1975 700 2120 771 prio-

541 818 754 863 ratuum
784 807 837 860 in
870 802 1128 859 comitatu
1157 797 1400 854 Blesensi
1450 795 1823 859 existentium,
1851 794 2119 848 universa:

540 896 928 971 propemodum
957 907 1048 947 res
1080 891 1378 952 distractae,
1413 896 1467 942 et
1497 888 1721 956 perinde
1755 893 1919 954 atque
1948 899 1974 936 ει
1999 899 2121 953 per-

539 989 805 1045 duellibus
823 987 1046 1055 direpta:
1072 989 1198 1036 sunt
1222 981 1289 1036 ab
1319 980 1546 1036 eisdem.

611 1080 806 1136 Sedem
864 1075 1074 1146 Hugoni
1127 1072 1316 1128 tribuit
1360 1070 1631 1126 Robertus
1681 1069 1732 1123 in
1761 1066 1930 1122 Gallia
1963 1066 2123 1121 Chri-

541 1175 719 1230 stiana
770 1173 914 1227 inter
945 1169 1226 1240 episcopos
1254 1164 1648 1235 Lingonenses;
1678 1163 1819 1231 quod
1851 1158 2120 1213 nihilomi-

540 1280 644 1318 nus
680 1262 840 1317 silent
885 1269 942 1314 et
986 1257 1208 1326 antiqua
1259 1259 1632 1316 monumenta,
1670 1260 1723 1307 et
1762 1249 2122 1320 chronologus

543 1365 848 1421 anonymus
870 1389 884 1413 ,
937 1365 970 1403 e
997 1345 1151 1415 cujus
1185 1345 1500 1398 narratione
1549 1343 1652 1397 ista
1692 1341 1758 1396 de
1791 1341 2012 1411 Ilugone
2035 1341 2123 1394 de-

543 1456 704 1496 sumo
737 1456 752 1494 :
784 1460 802 1493 ι
835 1441 1035 1496 Contra
1059 1437 1528 1506 arcliiepisc0pum
1553 1435 1920 1489 Turonensem
1953 1433 2123 1503 placi-

544 1535 728 1597 tabat;
763 1547 886 1585 nam
916 1529 1364 1599 archiepiscopus
1394 1528 1578 1582 aiebat
1599 1527 1850 1582 abbatem
1874 1536 2120 1581 nostrum

541 1622 736 1679 hacqu
793 1621 1047 1693 pastorali
1100 1629 1195 1674 aut
1234 1620 1392 1674 mitra
1453 1617 1528 1672 uti
1575 1632 1682 1673 non
1728 1617 2124 1686 deberezqua-

541 1721 764 1784 propter
794 1713 907 1783 ipse
943 1711 1097 1783 Ilugo
1150 1709 1386 1780 prudens
1407 1718 1461 1764 et
1491 1708 1734 1772 humilis,
1783 1707 2122 1777 prospiciens

2228 512 2471 569 Dolensis
2491 512 2890 584 episcoporum,
2916 527 3015 568 nec
3036 527 3142 567 non
3169 511 3383 567 abbatis
3403 511 3793 582 Burgidolensis

2225 607 2583 662 Bituricensis
2630 606 2902 662 dimcesis.
2953 606 3152 661 Verum
3181 621 3357 676 pauco
3404 615 3528 676 post
3564 614 3792 677 tempore

2226 698 2526 752 ctenobitas
2571 697 2638 752 ad
2688 696 2966 752 meliorem
3001 697 3250 752 redactos
3271 694 3507 768 frugem,
3538 698 3683 752 haud
3707 703 3792 754 ob-

2225 804 2382 844 scure
2428 797 2617 842 notant
2675 789 2869 843 littera!
2913 786 3136 842 Joannis
3163 789 3400 858 episcopi
3431 787 3788 844 Redonensis:

2225 881 2318 937 ubi
2353 881 2417 936 de
2460 881 2699 952 prioratu
2743 881 2810 936 de
2837 879 2980 936 Sallo
3012 879 3166 934 Gallo
3206 879 3420 950 (Salia!)
3447 879 3669 949 Majoris
3696 881 3792 936 Mo-

2225 971 2446 1026 nasterii
2479 973 2628 1026 unito
2649 971 2846 1040 agitur.
2875 970 2952 1024 Ita
2971 985 3030 1025 se
3064 970 3264 1024 habent
3295 987 3306 1022 :
3348 988 3366 1019 ι
3411 969 3522 1025 Nos
3571 969 3794 1030 Joannes

2224 1062 2510 1132 episcopus
2542 1061 2896 1128 Redoncnsis,
2953 1061 3296 1117 attendentes
3329 1061 3601 1118 fervorem
3631 1064 3792 1120 chari-

2225 1153 2354 1209 tatis
2389 1155 2782 1208 monachorum
2832 1152 3046 1221 Illajoris
3075 1153 3388 1209 Monasterii
3421 1163 3480 1209 et
3507 1157 3789 1211 necessita-

2225 1246 2370 1302 tibus
2397 1245 2487 1316 pio
2509 1245 2852 1300 attendentes
2892 1245 3110 1309 all‘eetu,
3173 1245 3393 1298 domum
3430 1261 3587 1300 suam
3615 1249 3682 1301 de
3708 1247 3792 1302 So.

2223 1334 2314 1390 lial
2339 1344 2539 1392 nostrae
2567 1335 2838 1398 dimcesis,
2873 1335 2926 1389 in
2959 1351 3064 1406 qua
3085 1335 3154 1390 ab
3182 1336 3408 1404 antiquo
3434 1335 3586 1392 solus
3621 1353 3793 1393 mona-

2224 1428 2358 1482 chus
2401 1427 2609 1482 solebat
2633 1427 2904 1492 habitare,
2929 1436 2985 1482 et
3011 1428 3157 1498 quod
3202 1427 3254 1481 in
3285 1427 3790 1484 Lateranensi'coo-

2224 1515 2350 1571 cilio
2404 1515 2568 1571 fuerit
2605 1525 2890 1580 statutum,
2947 1527 3006 1572 ut
3028 1516 3279 1572 monachi
3308 1516 3544 1572 solitarii
3578 1518 3792 1575 debeant

2225 1605 2489 1672 amoveri,
2514 1608 2881 1662 concessimus
2903 1608 3140 1678 ipsorum
3163 1607 3214 1661 in
3243 1607 3494 1676 proprios
3523 1624 3655 1665 usus
3681 1625 3792 1665 cou-

2224 1694 2560 1759 vertendam,
2581 1716 2598 1748 ι
2631 1709 2736 1752 etc.

542 1805 765 1859 mitram
818 1803 938 1873 plus
985 1801 1179 1857 alIerre
1209 1801 1390 1856 oneris
1436 1815 1598 1869 quant
1629 1799 1920 1863 commodi,
1951 1798 2125 1852 noluit
2156 1790 2200 1844 Β
2294 1786 2450 1841 Almo
2479 1788 2618 1843 1254
2657 1788 2984 1873 Romam_ad
3006 1788 3194 1844 limina
3223 1790 3596 1873 apostolorum
3623 1794 3794 1862 petiis-

495 1956 498 1958 γ
543 1895 780 1950 inaniter
805 1895 1044 1966 litigare,
1074 1902 1128 1950 et
1190 1893 1268 1950 sic
1294 1893 1591 1963 potentiam
1621 1891 1736 1946 sine
1770 1891 1954 1957 mitra,
1981 1892 2121 1946 sicut

542 1987 752 2056 antiqui
771 1987 1200 2056 praedecessores
1223 1985 1330 2047 sui,
1355 1984 1420 2039 de
1442 1991 1637 2037 cmtero
1665 1983 1921 2051 portavit,
1957 2002 1974 2034 ι
2011 1991 2116 2038 etc.

612 2077 797 2132 XXIII.
825 2075 1119 2133 Gaufridus
1149 2076 1189 2130 ll
1221 2076 1378 2130 1227.
1421 2077 1523 2130 I:te
1546 2091 1650 2130 una
1682 2091 1804 2130 cum
1834 2084 2115 2144 sequente,

540 2181 811 2238 anonymo
860 2159 1197 2238 incognitus.
1253 2165 1367 2220 IIoc
1406 2166 1594 2220 eodem
1636 2180 1780 2219 anno
1835 2165 2119 2233 episcopus

541 2256 916 2312 Macloviensis
945 2253 1238 2322 Golfridus,
1290 2255 1358 2311 ab
1395 2254 1675 2309 invasione
1711 2252 2116 2323 possessionum

541 2345 760 2415 Majoris
790 2345 1104 2402 Monasterii
1135 2361 1255 2416 qua:
1289 2345 1343 2399 in
1376 2361 1472 2400 sua
1519 2345 1740 2399 dioecesi
1766 2352 1942 2409 erant,
1972 2349 2120 2400 viros

541 2438 749 2493 nobiles
771 2451 1024 2494 coercere
1061 2437 1290 2502 nititur;
1318 2437 1411 2492 sed
1438 2436 1612 2491 oleum
1638 2435 1772 2490 ludit
1791 2445 1845 2490 et
1870 2450 2116 2504 operam,

539 2527 740 2598 quippe
768 2536 876 2582 tam
925 2527 1176 2596 nequiter
1200 2536 1254 2581 et
1294 2526 1580 2597 przefracte
1603 2526 1794 2581 iisdem
1820 2525 2116 2581 retinendis

541 2618 715 2672 addici
768 2618 946 2672 solent
991 2618 1092 2681 illi,
1141 2627 1200 2673 ut
1238 2621 1327 2672 vix
1376 2633 1439 2673 ac
1470 2635 1535 2672 ne
1577 2617 1660 2671 vix
1693 2618 1912 2687 quidem
1939 2617 2115 2672 abhis

541 2707 717 2761 divelli
747 2709 980 2777 possint.

611 2797 797 2853 XXIV.
853 2797 1124 2854 Guarinus
1177 2799 1330 2854 1229.
1387 2799 1604 2854 Mandat
1642 2799 1936 2869 Gregorius
1978 2814 2114 2868 papa

537 2887 610 2942 IX
640 2889 820 2944 abbati
847 2890 912 2944 de
941 2889 1226 2946 Gastineta
1271 2891 1390 2944 ord.
1422 2891 1479 2957 S_.
1524 2892 1833 2962 Augustini,
1862 2891 2118 2948 diceeesis

540 2976 742 3033 Turon.
780 2979 856 3032 uti
891 2979 1167 3034 tenuiores
1188 2994 1218 3033 e
1248 2979 1433 3046 Majori
1465 2978 1789 3034 Monasterio
1818 2981 2116 3049 pendentes

537 3069 830 3138 prioratus,
857 3069 944 3124 ubi
973 3067 1136 3139 592
1169 3085 1362 3138 nempe
1408 3070 1514 3125 duo
1551 3071 1798 3124 monachi
1831 3071 2114 3125 commode

539 3158 863 3230 regulariter
909 3161 1094 3216 vivere
1152 3161 1462 3231 nequirent,
1518 3161 1700 3231 plures
1752 3163 2112 3216 reduceretiu

537 3267 702 3306 unum
731 3269 743 3305 :
769 3250 1102 3322 Prmceptum
1127 3252 1272 3304 enim
1311 3261 1469 3306 antea
1503 3250 1678 3306 fuerat
1705 3252 1774 3307 ab
1809 3251 2114 3322 Alexandro

535 3355 675 3411 papa
735 3340 802 3397 I-II
859 3341 1052 3396 concil.
1091 3340 1338 3394 Lateran.
1397 3357 1455 3394 ιιι
1507 3357 1625 3409 cap.
1665 3342 1731 3395 10
1765 3359 1776 3394 :
1815 3362 1831 3392 ι
1867 3340 2113 3395 Monachi

535 3445 644 3485 non
669 3430 862 3502 singuli
893 3444 991 3499 per
1016 3428 1169 3483 villas
1210 3437 1264 3481 et
1286 3427 1500 3498 Oppida,
1531 3445 1623 3483 seu
1665 3430 1731 3483 ad
1762 3444 2115 3499 quascunque

535 3520 882 3590 parochiales
920 3529 1192 3588 ponantur
1233 3519 1524 3583 ecclesias;
1557 3522 1648 3574 sed
1677 3521 1729 3574 in
1765 3519 1956 3588 majori
1988 3536 2115 3574 con-

535 3621 726 3678 ventu,
783 3619 878 3664 aut
935 3626 1058 3665 cum
1108 3611 1382 3680 aliquibus
1419 3610 1674 3664 fratribus
1707 3618 1984 3676 maneant,
2018 3626 2115 3664 nec

537 3704 638 3758 soli
693 3704 839 3758 inter
862 3703 1155 3758 smcul-ares
1203 3703 1448 3758 homines
1486 3703 1852 3775 spiritualium
1881 3705 2116 3759 hostium

539 3795 938 3850 conflictionem
970 3802 1305 3863 exspectent,
1341 3814 1358 3846 ›
1393 3804 1500 3850 etc.

611 3882 776 3938 XXV.
832 3883 1125 3938 Gaulridus
1163 3883 1227 3938 ιιι
1287 3885 1353 3938 de
1398 3884 1622 3938 Gonam.
1653 3884 1811 3938 1335.
1841 3884 1885 3937 A
1912 3883 2118 3937 Joanne

541 3973 780 4027 Blcsensi
815 3971 1010 4027 comite
1041 3972 1335 4027 advocatia:
1365 3987 1527 4026 causa
1554 3972 1906 4042 gravissimas
1931 3987 2124 4042 passus.

542 4074 627 4118 est
660 4062 1013 4127 calamitates,
1051 4065 1181 4134 quin
1211 4063 1372 4117 etiam
1415 4061 1620 4116 carceri
1654 4061 1937 4131 scptennio
1969 4077 2121 4115 man-

544 4155 756 4224 cipatus
806 4155 860 4209 in
889 4165 1068 4210 castro
1110 4153 1470 4217 Guisiaceusi,
1495 4161 1552 4208 et
1579 4154 1733 4208 binos
1757 4168 1942 4208 comes
1973 4153 2060 4207 ille
2089 4171 2118 4206 ει

545 4236 660 4299 suis
697 4243 1085 4318 satellitibus_e
1115 4251 1296 4296 monte
1341 4244 1636 4296 monachus
1664 4243 1966 4312 praecipites
1999 4244 2119 4297 dari

538 4337 743 4404 jussit:
799 4336 866 4390 de
911 4336 995 4390 his
1049 4335 1199 4403 plura
1252 4349 1504 4404 anonan.
1559 4334 1796 4388 Tandem
1847 4344 1903 4388 ut
1955 4336 2119 4390 tantis

543 4426 841 4484 sceleribus
899 4434 1211 4480 occurreret
1272 4424 1612 4481 Innocentius
1675 4441 1808 4496 papa
1861 4426 1928 4481 IV
1975 4443 2118 4480 anno

545 4519 707 4577 1254.
754 4516 1033 4573 Nicolaum
1082 4517 1229 4572 misit
1283 4517 1333 4570 iu
1374 4517 1624 4584 Galliam,
1655 4520 1744 4587 qui
1769 4518 1974 4588 judicio
2004 4520 2120 4574 sive

545 4610 811 4664 sententia
859 4609 915 4664 in
962 4623 1084 4665 eum
1126 4609 1273 4663 velut
1313 4619 1688 4665 contumacem
1739 4610 1970 4679 prolata,
2000 4611 2121 4680 jure

548 4700 863 4766 advocatiaa,
907 4709 963 4754 et
1017 4700 1230 4755 cunctis
1279 4715 1399 4769 quae
1462 4701 1513 4754 in
1545 4715 1633 4755 res
1668 4703 1984 4754 monasterii
2017 4701 2120 4755 sibi

545 4792 865 4854 vindicarat,
899 4791 1182 4860 spoliavit;
1202 4792 1550 4847 nihiloseeius
1577 4807 1758 4847 comes
1789 4793 2120 4846 sententiam

545 4884 890 4946 detrectavit,
921 4885 1144 4952 sprevit,
1169 4896 1220 4938 et
1245 4885 1557 4937 continuata
1589 4885 1640 4937 in
1667 4885 1882 4938 eosdem
1909 4896 2122 4940 ascctas

547 4977 696 5030 rabie
720 4974 1082 5030 debacchatus
1110 4985 1214 5028 est.

617 5066 925 5122 Ludovicus
979 5065 1050 5119 IX
1087 5081 1180 5120 rex
1217 5080 1302 5118 an.
1341 5065 1478 5119 1‘235
1526 5066 1738 5122 litteras
1770 5069 1854 5123 avi
1879 5068 1962 5123 sui
1999 5067 2123 5122 Phi-

544 5157 672 5229 lippi
717 5157 968 5227 Augusti,
1025 5157 1180 5226 queis
1224 5158 1283 5210 in
1337 5156 1743 5215 Northmannia:
1775 5159 2122 5216 Scacharium

548 5250 714 5320 (quod
770 5248 972 5304 multas
1020 5248 1076 5302 in
1108 5249 1295 5314 eodem
1335 5248 1530 5304 ducatu
1561 5251 1931 5319 possessiones
1954 5253 2123 5307 habe-

549 5340 689 5410 rent)
716 5338 864 5394 velut
904 5337 1195 5410 inquilinos
1223 5339 1441 5410 Majoris
1467 5337 1784 5395 Monasterii
1825 5343 2123 5396 monachos

549 5431 615 5483 ad
665 5432 790 5500 jura
834 5433 1238 5502 prosequenda,
1288 5432 1652 5485 admittendos
1677 5431 1994 5501 imperatur,
2027 5448 2122 5502 ap-

548 5519 753 5586 probat.

618 5606 1046 5670 Labefactatam,
1099 5622 1162 5659 ex
1200 5607 1422 5675 praefata
1451 5607 1568 5661 sine
1603 5608 1762 5663 dubio
1789 5608 2120 5674 calamitate,

551 5696 712 5753 fuisse
745 5697 1048 5766 regularem
1075 5696 1411 5765 disciplinain
1439 5698 1635 5753 docent
1673 5709 1793 5754 aeta
1827 5700 2123 5772 legatorum

2225 1893 2284 1934 se
2305 1878 2624 1935 Gaufridum
2648 1867 2902 1936 abbateni
2945 1881 3164 1951 planum
3205 1883 3415 1938 faciunt
3441 1868 3640 1940 litterae
3668 1885 3795 1939 Nau-

2223 1969 2443 2026 nelclini
2469 1971 2819 2041 Agaunensis.
2838 1972 3068 2029 abbatis.

2293 2059 2482 2116 XXVI.
2509 2061 2817 2132 Stephanus
2847 2064 2914 2120 ab
2942 2081 3032 2121 an.
3067 2066 3203 2122 1265
3223 2068 3289 2121 ad
3329 2083 3460 2122 ann.
3497 2068 3653 2133 1284,
3680 2069 3795 2124 Vin-

2223 2151 2434 2207 centius
2462 2153 2704 2224 archiep.
2737 2153 3042 2211 Turonens.
3076 2173 3166 2211 an.
3197 2157 3260 2212 C.
3287 2158 3449 2222 1-2641,
3471 2162 3789 2214 sententiam

2221 2238 2328 2296 fert
2378 2242 2431 2296 in
2482 2245 2734 2301 comitem
2793 2244 3128 2315 Blesensem,
3160 2249 3251 2318 qui
3283 2248 3556 2318 majorum
3588 2266 3789 2304 suorum

2221 2346 2391 2401 pravo
2421 2335 2670 2404 exemplo
2691 2337 3089 2401 exstimulatus,
3123 2341 3420 2395 monachos
3449 2340 3670 2409 Majoris
3688 2340 3784 2395 Ilo-

2220 2423 2444 2476 nasterii
2473 2425 2748 2494 exagitare
2778 2442 2881 2480 non
2913 2427 3226 2482 desistebat.

2293 2509 2445 2578 Quod
2500 2514 2575 2566 n‘il
2621 2529 2789 2585 pmpe
2835 2531 3024 2572 eorum
3052 2532 3170 2587 quae
3198 2520 3513 2586 possidebat
3537 2520 3590 2575 in
3617 2521 3790 2592 Anglia

2221 2599 2394 2672 Majus
2419 2601 2831 2671 Monasterium,
2861 2609 3142 2677 percipere
3174 2620 3377 2680 posset,
3419 2611 3513 2665 dat
3533 2611 3788 2667 licentiam

2219 2691 2514 2764 Gregorius
2560 2712 2695 2768 papa
2719 2699 2988 2754 maximus
3026 2715 3169 2754 anno
3201 2702 3338 2756 1274
3380 2703 3657 2774 Stephano
3699 2707 3779 2759 ab-

2217 2781 2330 2838 bati
2353 2801 2414 2839 ea
2436 2789 2616 2843 omnia
2649 2789 3015 2855 venundandi,
3044 2792 3178 2858 sive,
3205 2802 3265 2846 ut
3285 2795 3459 2856 aiunt,
3486 2797 3782 2852 abalienan-

2219 2876 2306 2940 di;
2332 2892 2563 2947 quorum
2595 2891 2775 2936 tamen
2803 2883 3062 2951 pecunias
3086 2883 3138 2937 in
3166 2884 3288 2938 aliis
3313 2886 3620 2943 ntiIioribus
3638 2888 3784 2943 collo-

2219 2983 2346 3023 care
2372 2971 2634 3040 praecipit.

2293 3061 2555 3130 Stephani
2612 3066 2945 3134 temporibus
2997 3066 3323 3132 institutum,
3377 3069 3594 3138 opinor,
3626 3072 3781 3124 acde-

2143 3126 2185 3185 (ἶ
2218 3126 2448 3214 cretum,
2467 3126 2812 3220 qtiatenusad
2837 3153 3004 3223 Majas
3020 3126 3430 3221 Monasterium;
3447 3126 3782 3226 prioratuum,

2219 3237 2593 3304 ecclesiarum,
2624 3256 2688 3296 ac
2719 3241 2957 3297 locormn
2985 3245 3160 3298 eidem
3188 3245 3439 3301 etBuobio
3465 3248 3785 3303 subditorum-

2219 3332 2443 3395 chartae,
2494 3333 2792 3403 privilegia,
2843 3335 3232 3401 immunitates,
3286 3349 3452 3407 atque
3505 3339 3776 3406 diplomata

2218 3417 2560 3474 deferrcntur
2590 3421 2738 3478 velut
2764 3422 2815 3475 in
2848 3437 2974 3478 arce
3019 3427 3427 3480 conservanda:
3454 3427 3598 3482 unde
3621 3428 3778 3482 hacte-

2221 3526 2341 3574 nus,
2375 3511 2551 3566 rabies
2583 3511 3000 3570 Calvinistarum
3024 3516 3150 3570 licet
3176 3519 3355 3571 omnia
3395 3533 3598 3590 susque
3627 3519 3780 3589 deque

2223 3603 2531 3667 vastavcrit,
2561 3603 2726 3656 illmsa
2756 3619 3127 3673 permansere.

2293 3688 2503 3744 XXVII.
2542 3711 2560 3742 ι
2600 3691 2870 3748 [{obertus
2900 3695 2964 3749 de
2983 3695 3234 3750 FIa-ndria
3263 3708 3423 3753 natus
3454 3698 3644 3769 (refert
3669 3715 3783 3752 ano-

2221 3785 2439 3855 nymus)
2478 3795 2705 3854 eratque
2753 3787 2994 3856 pulcher,
3049 3799 3100 3844 et
3133 3790 3466 3846 sullicienter
3496 3791 3780 3856 litteratus;

2220 3886 2340 3932 erat
2373 3879 2536 3932 etiam
2561 3879 2712 3948 prior
2728 3881 2794 3934 de
2811 3881 2952 3935 Cella
2987 3883 3037 3935 in
3062 3883 3208 3947 Bria,
3255 3904 3274 3936 ι
3311 3895 3418 3939 etc.
3453 3885 3780 3956 Privilegium

2225 3969 2412 4024 tribuit
2455 3970 2694 4027 Roberto
2740 3971 3005 4029 Martinus
3048 3989 3182 4043 papa
3225 3974 3324 4040 IV,
3375 3978 3456 4031 sui
3504 3977 3778 4047 pontiﬁcat.

2223 4076 2366 4116 anno
2385 4061 2441 4125 4,
2469 4063 2666 4130 ubique
2692 4063 2934 4118 locorum
2959 4066 3200 4133 (civitate
3229 4067 3530 4124 'I'uronensi
3557 4071 3780 4139 excepta)

2225 4152 2462 4216 mitram,
2507 4153 2764 4209 annulum
2801 4165 2855 4208 et
2906 4167 3100 4210 caztera
3130 4157 3458 4225 pontiﬁcalia
3489 4160 3781 4215 indumenta

2226 4242 2524 4308 deferendi,
2584 4261 2682 4300 nec
2715 4263 2821 4300 non
2846 4256 2900 4302 et
2931 4249 3364 4304 benedictionem
3391 4252 3587 4321 populo
3605 4251 3792 4306 solem-

2227 4335 2752 4407 niterimpertiendi,
2793 4354 2857 4394 ac
2890 4339 3241 4395 benedicendi
3284 4341 3452 4411 pallas
3490 4343 3692 4398 altaris.

2149 4464 2202 4523 Β
2296 4428 2428 4483 Cum
2459 4427 2729 4484 Bleseusis
2770 4444 2972 4494 comes,
3005 4438 3221 4499 patrum
3252 4433 3494 4502 vestigiis
3526 4434 3783 4494 insistens,

2226 4519 2445 4589 Maioris
2500 4519 2808 4576 Monasterii
2865 4536 2953 4576 res
2989 4522 3249 4578 continuo
3306 4521 3614 4589 infe-staret,
3642 4525 3783 4578 tantis

2223 4611 2488 4667 molestiis
2518 4620 2576 4665 ut
2613 4610 2774 4664 finem
2805 4611 3128 4680 imponeret,
3173 4610 3462 4666 Matthams
3496 4611 3662 4667 abbas
3681 4626 3785 4666 san-

2223 4703 2295 4757 cti
2320 4702 2586 4773 Dionysii,
2618 4711 2729 4756 tum
2779 4702 2923 4772 regis
2944 4701 3090 4756 vices
3129 4716 3294 4771 agens
3334 4703 3388 4756 in
3419 4702 3670 4766 Francia,
3695 4701 3785 4755 Ro-

2224 4795 2380 4850 berto
2435 4794 2618 4848 abbati
2651 4792 2876 4863 ejusque
2917 4794 3196 4850 monachis
3219 4795 3432 4850 litteras
3469 4796 3782 4863 impertitur:

2225 4886 2484 4940 ordinans
2519 4887 2562 4940 si
2603 4885 2732 4954 quid
2762 4886 3090 4955 inposterum
3146 4885 3286 4940 inter
3313 4887 3536 4941 eosdem
3568 4895 3623 4940 et
3645 4883 3790 4939 Joan-

2225 4992 2351 5031 nam
2384 4977 2665 5044 Alenconii
2696 4977 3051 5048 comitissam,
3081 4976 3352 5032 Blesensis
3375 4978 3594 5032 comitis
3622 4977 3792 5036 tiliam,

2226 5069 2433 5123 dissidii
2480 5078 2803 5140 emergeret,
2853 5069 3000 5139 regio
3057 5069 3109 5121 in
3143 5067 3344 5136 palatio
3371 5069 3492 5123 fore
3517 5069 3786 5122 discutien-

2227 5161 2373 5213 dum.

2298 5250 2550 5305 Durando
2569 5247 2902 5305 Nannetensi
2928 5249 3204 5318 episcopo,
3244 5248 3333 5318 qui
3367 5249 3629 5317 pecunias
3654 5245 3789 5299 titqu

2227 5341 2553 5396 visitationis
2604 5355 2670 5395 ex
2701 5339 3030 5410 prioratibus
3071 5339 3156 5392 sui
3183 5337 3326 5408 juris
3351 5346 3678 5408 extorquere
3704 5349 3782 5388 eo-

2227 5433 2484 5498 nabatur,
2528 5431 2697 5486 abbas
2744 5430 3014 5485 Itobertus
3076 5430 3409 5500 privilegiis,
3459 5440 3516 5482 et
3575 5425 3785 5483 concilio

2227 5525 2476 5595 Lugduu.
2529 5538 2634 5578 non
2659 5522 2869 5594 pridem
2902 5522 3194 5584 celebrato,
3223 5523 3291 5576 id
3321 5522 3649 5592 prohibente
3679 5532 3783 5585 cap.

2226 5615 2296 5668 24
2321 5615 2510 5681 fretus,
2534 5615 2764 5669 viriliter
2784 5628 2905 5669 sese
2929 5613 3199 5681 Opposuit,
3224 5612 3591 5682 cohibuitque.

2298 5701 2531 5757 XXVIII.
2585 5701 2699 5758 Odo
2743 5702 2811 5759 de
2863 5700 3138 5756 Braccolis
3187 5716 3283 5758 seu
3313 5701 3610 5768 Braceolis,
3636 5696 3784 5760 nobili
