4032 6336
226 356 364 412 1075

1330 347 1541 403 ΒΟΜΝι
1570 346 1631 399 L.
1664 339 2004 399 D‘ACllEllY
2046 336 2272 394 ΝΟΤᾸῖ.

3340 325 3474 381 1071

227 485 261 539 g
283 481 427 520 :nere
453 477 623 533 ortus,
648 482 711 524 ac
735 464 998 528 eruditus,
1031 460 1129 515 fuit
1164 458 1330 514 abbas
1356 464 1679 513 constitutus
1708 469 1799 507 an.
1831 457 1877 514 Α
1907 452 2187 521 patefecit;
2233 462 2353 500 nam
2384 444 2498 515 ipse
2520 443 2645 499 licet
2666 443 2862 498 ducatu
2892 442 3191 498 Turonensi
3251 440 3472 495 fratrem

229 558 388 615 1296.
443 558 559 628 ipse
613 569 666 613 et
697 556 944 612 monachi
975 570 1001 607 a
1024 550 1419 607 visitationibus
1443 549 1796 617 prioratunm,

226 666 292 706 ac
316 649 808 720 procurationibus,
859 645 1290 715 archiepiscopos
1315 642 1588 712 Burdigal.
1614 654 1801 693 arcue-

225 748 386 801 runt;
442 754 752 808 quanquam
800 736 895 802 illi,
944 735 1080 806 proh
1132 732 1330 789 nefas!
1375 741 1503 787 tunc
1542 730 1801 799 temporis

228 831 373 887 fmde
418 833 485 887 ab
532 831 731 900 regulze
779 827 1123 884 observantia
1175 825 1464 889 defecere;
1533 822 1801 892 siquidem

228 925 570 994 prioratuum
626 922 863 977 redditus
910 920 1049 975 inter
1103 932 1223 973 sese
1265 915 1670 988 dispertierunt,
1701 921 1802 969 cta

228 1014 503 1069 communi
548 1027 822 1068 recessere
874 1010 1004 1064 vita.
1060 1009 1214 1065 Unde
1261 1024 1366 1065 non
1414 1008 1609 1061 mirum
1639 1004 1804 1075 (quod

228 1104 359 1160 alibi
387 1102 712 1170 notavimus)
736 1102 777 1156 si
810 1100 1096 1155 saeculares
1125 1098 1244 1161 viri,
1281 1097 1390 1151 Deo
1419 1096 1497 1150 sic
1516 1095 1801 1166 plectente,

229 1203 290 1250 et
319 1193 553 1262 episcopi
587 1191 891 1261 complures
925 1191 1023 1243 boc
1056 1204 1167 1243 aevo
1196 1186 1580 1242 monachorum
1613 1184 1805 1254 Opibus

233 1286 523 1341 inhiarent.

306 1374 497 1428 XXIX.
535 1391 554 1425 ‹
598 1372 832 1429 Joannes
854 1374 917 1427 de
949 1370 1263 1427 Montelonis
1289 1368 1401 1422 sive
1432 1365 1803 1430 Monteleonis,

231 1464 301 1519 de
326 1463 599 1518 territorio
620 1462 939 1518 Pictaviensi
964 1459 1314 1523 oriundus,et
1334 1458 1397 1511 de
1420 1457 1585 1510 nobili
1611 1470 1806 1526 genere

232 1561 572 1622 procreatus,
610 1568 789 1621 parvae
820 1561 994 1605 tamen
1024 1558 1264 1612 staturas,
1306 1548 1398 1602 sed
1426 1546 1645 1616 pulchra
1673 1547 1808 1601 facie

233 1647 545 1708 decoratus,
603 1663 618 1695 ι
658 1653 761 1699 etc.
795 1645 1132 1711 Anonytnus.
1171 1639 1351 1694 Multis
1386 1638 1487 1693 hac
1518 1638 1633 1708 ipsa
1666 1648 1805 1692 tem-

232 1748 446 1810 pestate
497 1754 524 1791 a
557 1737 828 1794 nobilibus
858 1734 1109 1789 affectum
1140 1731 1544 1787 calamitatibus
1587 1739 1636 1787 et
1668 1731 1807 1799 iniu-

234 1833 335 1886 riis
366 1831 538 1899 Maius
584 1826 967 1884 Monasterium
993 1867 1005 1889 ,
1057 1824 1421 1893 coniecturam
1474 1822 1635 1878 infert
1665 1822 1807 1877 bulla

230 1922 459 1975 Joannis
495 1920 652 1990 593
687 1934 836 1989 papm
882 1916 1053 1982 XXII,
1085 1918 1205 1969 data
1247 1915 1521 1969 Avenione
1557 1913 1711 1977 1520,
1741 1914 1806 1967 ad

237 2014 463 2068 ablrates
497 2012 681 2066 Sancti
704 2009 961 2065 Germani
984 2006 1323 2068 Parisiensis,
1361 2004 1808 2060 Vindocinensem

235 2118 300 2156 ac
326 2102 836 2170 Rothomagensem,
857 2113 960 2166 qua
989 2095 1297 2151 defensores
1328 2101 1380 2150 et
1400 2102 1810 2148 conservatores

233 2200 425 2245 contra
472 2192 688 2245 eosdem
733 2188 940 2243 nobiles
1000 2196 1054 2241 et
1102 2186 1413 2255 episcopos,
1472 2185 1808 2255 prioratuum

236 2281 458 2351 Maioris
502 2280 813 2336 Monasterii
856 2278 1231 2348 possessiones
1274 2291 1376 2344 qua
1410 2275 1491 2332 fas
1527 2293 1631 2347 qua
1662 2278 1812 2334 nefas

235 2376 642 2444 occupantium,
667 2373 1066 2427 denuntiantttr.
1088 2391 1106 2423 ι
1125 2372 1229 2426 Isle
1258 2370 1491 2426 Joannes
1520 2371 1813 2439 resignavit

238 2466 448 2522 Simoni
497 2466 545 2519 le
576 2464 727 2533 Maye
769 2463 1071 2517 camerario
1100 2478 1187 2516 an.
1230 2460 1386 2526 1550,
1419 2469 1472 2515 et
1508 2462 1640 2514 obiit
1670 2476 1813 2516 anno

240 2554 514 2625 sequenti,
546 2562 599 2608 et
650 2552 734 2607 die
763 2552 1005 2607 crastino
1043 2554 1094 2606 iu
1126 2569 1231 2623 quo
1267 2554 1580 2625 resignavit.
1623 2572 1640 2603 ι
1672 2553 1819 2607 Ano-

239 2662 453 2718 nymus.

319 2740 481 2795 XXX.
512 2760 529 2791 ι
558 2740 741 2795 Simon
761 2736 811 2791 le
836 2737 987 2809 Maye
1017 2739 1172 2794 1531.
1215 2738 1335 2793 Fuit
1363 2738 1428 2793 de
1455 2753 1591 2808 pago
1631 2736 1807 2790 Turo-

241 2833 396 2887 nensi
425 2832 707 2896 oriundus,
734 2840 790 2886 et
813 2838 1182 2898 competenter
1218 2828 1506 2882 litteratus.
1556 2827 1620 2879 Et
1650 2841 1819 2896 quan-

241 2932 357 2977 tum
389 2922 548 2978 fuerit
587 2930 775 2992 potens
829 2921 881 2973 in
908 2935 1005 2974 suo
1043 2920 1323 2990 regimine,
1376 2933 1539 2987 opera
1573 2919 1819 2973 testimo-

244 3016 392 3069 nium
428 3015 713 3083 perhibent
760 3012 992 3069 veritati.
1032 3030 1049 3062 ι
1109 3009 1458 3079 Prosequitur
1495 3023 1814 3078 anonymus.

245 3104 531 3157 Eduardus
586 3103 879 3173 Anglorum
942 3116 1034 3155 rex
1090 3100 1225 3155 1555
1269 3098 1475 3154 Simoni
1528 3100 1717 3154 scribit
1762 3114 1819 3153 se

246 3209 443 3250 omnes
477 3194 692 3263 Maioris
725 3192 1029 3247 Monasterii
1058 3191 1425 3259 possessiones
1448 3189 1499 3242 in
1530 3204 1627 3242 suo
1658 3202 1821 3258 regno

245 3287 537 3340 existentes
580 3284 919 3347 confirmare,
960 3282 1368 3351 instituissequc
1394 3279 1460 3333 ad
1506 3279 1624 3333 illas
1664 3288 1819 3332 tuen-

245 3379 342 3431 das
363 3386 759 3447 procuratores.

316 3467 378 3519 In
405 3466 867 3534 archiepiscopum
910 3460 1181 3531 Burdiga‘l.
1218 3459 1458 3523 Petrum,
1483 3459 1624 3527 quod
1663 3474 1822 3527 pecu-

246 3554 367 3609 nias
405 3553 614 3607 insolite
652 3570 680 3607 e
710 3552 895 3621 Maiori
935 3550 1260 3604 Monasterio
1305 3550 1578 3619 exigeret,
1607 3559 1824 3603 senten-

248 3645 381 3698 tiam
413 3644 535 3698 tulit
563 3643 876 3714 Aymericus
902 3641 1066 3694 abbas
1090 3638 1275 3692 Sancti
1306 3640 1588 3709 Augustini
1628 3639 1815 3694 Lemo-

248 3734 482 3788 viceusis
509 3749 538 3787 a
563 3734 687 3788 sede
713 3732 1003 3801 apostolica
1021 3732 1182 3800 iudex
1210 3731 1503 3800 delegatus.
1529 3730 1640 3797 Qua
1675 3733 1739 3785 de
1769 3745 1825 3784 re

249 3826 413 3880 etiam
481 3825 759 3894 cpiscopus
799 3822 1081 3878 Trecensis
1127 3839 1156 3875 a
1211 3822 1499 3876 Benedicto
1548 3836 1679 3889 papa
1734 3820 1824 3874 XII

249 3915 590 3981 accersitus,
643 3914 958 3984 gravissime
1031 3911 1461 3983 reprehenditur.
1529 3910 1823 3976 Quemdain

250 4004 505 4059 clericum
529 4004 842 4072 participem
869 4003 1074 4071 piorum
1100 4016 1323 4070 operum
1349 4014 1467 4069 quae
1489 4013 1519 4052 a
1548 3999 1827 4054 monachis

253 4094 453 4148 fiebant
479 4093 711 4146 admittit
738 4093 957 4155 Simon;
996 4100 1142 4160 patet
1168 4104 1234 4145 ex
1256 4088 1611 4154 formula,nbi
1640 4088 1826 4140 istharc

252 4181 554 4252 praesertim
578 4182 739 4235 verba
788 4182 1161 4249 exprimuntur
1195 4196 1207 4230 :
1244 4178 1422 4232 Missa:
1447 4218 1460 4241 ,
1489 4177 1825 4244 elecmosyuw

250 4282 301 4325 et
326 4270 644 4341 disciplina).

324 4361 562 4415 Tandem
582 4359 766 4415 Simon
789 4359 972 4431 ipsein
1000 4359 1306 4428 episcopum
1331 4357 1716 4412 Carnotensem
1745 4362 1826 4408 est

252 4458 585 4518 assumptus,
612 4457 748 4503 testc
783 4463 1069 4517 anonymo.

273 4564 282 4575 ο
329 4541 518 4595 XXXI.
550 4540 743 4595 Petrus
770 4540 835 4594 de
862 4538 1026 4593 Podio
1073 4537 1308 4607 (Dupuy)
1351 4536 1668 4593 Lcmovicus
1691 4535 1825 4591 1557

250 4653 320 4692 ex
348 4636 541 4690 abbate
568 4634 625 4689 S.
657 4634 914 4688 Florentii
941 4631 1354 4694 Saltnurieusis,
1379 4631 1827 4700 quemadmodum

254 4727 507 4796 iudigitat
534 4726 759 4795 ipsemet
781 4725 832 4778 in
861 4724 1036 4778 tabula
1070 4738 1210 4777 anno
1242 4722 1378 4776 1557
1407 4728 1650 4776 exarata.
1685 4720 1831 4776 Obiit

255 4835 386 4873 alin.
424 4816 582 4881 1564,
614 4817 699 4872 die
727 4816 899 4870 sancti
933 4815 1069 4869 Sixti
1094 4830 1245 4885 papa:
1276 4814 1515 4882 sepultus
1554 4814 1606 4867 in
1631 4813 1830 4867 Sacello

256 4911 314 4963 S.
348 4908 603 4961 Florentii
626 4907 766 4976 quod
793 4907 1128 4961 condiderat.

331 4998 929 5054 XXXII.-—Gerardus
977 4997 1042 5051 de
1092 4996 1291 5060 Podio,
1343 4996 1486 5051 Petri
1539 5011 1830 5066 germanus

256 5089 416 5143 1351.
436 5088 569 5143 Cum
594 5088 729 5143 duos
755 5102 1052 5157 anonymus
1079 5086 1316 5157 ejusdem
1349 5086 1583 5140 nominis
1610 5087 1831 5140 abbates

254 5180 503 5249 iroxime
528 5181 939 5250 subsequentes,
969 5189 1131 5247 atque
1158 5179 1208 5231 iu
1249 5178 1452 5231 chartis
1483 5176 1653 5230 ferme
1692 5190 1831 5230 sem-

256 5285 356 5338 per
380 5284 677 5339 cognomen
708 5270 1059 5329 subticeatur,
1112 5283 1217 5320 non
1247 5266 1391 5321 facili
1444 5266 1655 5335 negotio
1707 5265 1830 5318 anni

258 5357 566 5427 regiminis,
621 5360 688 5411 ab
742 5357 967 5411 Gerardi
1027 5355 1402 5423 subsequentis
1448 5362 1672 5423 possunt
1718 5352 1829 5417 dis-

258 5447 411 5499 cerni
436 5462 452 5511 ;
498 5461 560 5501 ac
587 5447 809 5516 proinde
834 5459 973 5513 sazpe
1002 5442 1110 5497 fato
1137 5457 1405 5512 anonymo
1433 5444 1565 5500 fides
1588 5453 1669 5498 est
1689 5444 1833 5497 adbi-

259 5534 457 5591 benda.

344 5625 496 5691 Quod
542 5620 860 5694 prepensam
913 5636 1041 5689 erga
1087 5620 1257 5691 Maius
1305 5620 1687 5675 Monasterium
1736 5636 1829 5701 rex

262 5712 487 5773 Carolus
516 5717 554 5771 V
586 5716 831 5772 habuerit
860 5716 1217 5779 voluntatem,
1258 5728 1395 5767 antro
1455 5711 1662 5766 Domini
1698 5711 1832 5763 1570

1904 540 2253 600 Ludovicum,
2280 540 2468 590 ducem
2493 535 2899 603 Andcgavorum
2925 532 3180 596 auxisset,
3200 546 3468 586 summum

1904 629 2253 684 nihilominus
2294 626 2346 679 in
2375 625 2589 693 Maioris
2626 624 2931 678 Monasterii
2966 638 3071 690 res,
3095 624 3182 693 ius
3215 637 3278 675 ac
3307 621 3475 676 domi—

1907 721 2057 774 nium
2084 718 2253 772 voluit
2275 716 2377 771 sibi
2407 725 2761 771 reservatum.

1975 809 2055 862 Ad
2086 806 2386 862 Gerardum
2410 806 2476 859 de
2505 804 2692 867 Podio,
2721 813 2775 857 ct
2801 803 3060 858 Joannem
3085 802 3256 857 sancti
3296 799 3475 855 Albini

1906 897 2315 968 Audegavensis
2342 897 2635 950 antistitem
2668 895 2917 950 Urbanus
2953 894 2994 948 V
3020 894 3098 949 sui
3131 894 3476 963 pontificatus

1906 990 1960 1057 7,
2012 988 2206 1044 deinde
2246 985 2539 1054 Gregorius
2574 984 2660 1045 XI,
2702 983 2898 1053 primo,
2953 983 3209 1050 rescripta
3259 982 3476 1041 misere.

1906 1082 2099 1152 quibus
2133 1078 2577 1148 inquirendorum
2606 1073 2987 1128 miraculorum
3032 1072 3208 1127 Caroli
3261 1071 3478 1126 Britan—

1904 1173 2009 1228 nia:
2064 1171 2249 1232 ducis,
2300 1166 2577 1238 provincia
2631 1163 3003 1220 demandatur.
3066 1162 3206 1231 Lege
3253 1163 3481 1215 Andreae

1907 1262 2191 1317 Duchesne
2224 1259 2425 1314 Hister.
2453 1255 2748 1310 Castilliou.
2783 1253 2873 1306 lib.
2898 1268 2953 1317 v,
2979 1265 3095 1319 cap.
3124 1251 3172 1313 1,
3202 1265 3324 1319 pag.
3351 1250 3477 1313 9.28,

1906 1364 1961 1409 et
1986 1354 2037 1407 in
2066 1352 2286 1407 Probat.
2316 1366 2436 1420 pag.
2472 1349 2593 1401 127.
2633 1345 2927 1402 Gerardum
2976 1352 3154 1396 autem
3205 1356 3474 1410 purpureo

1906 1445 2090 1514 galero
2119 1444 2374 1499 donatum
2406 1446 2656 1494 asserunt
2688 1450 2987 1505 anonymus
3024 1442 3077 1488 et
3108 1430 3392 1485 Ciaconius
3426 1429 3477 1480 in

1910 1536 2048 1592 Vitis
2075 1535 2413 1605 pontificum,
2437 1529 2812 1601 sepultumque
2830 1516 3141 1582 'Avenione.

1980 1627 2218 1685 XXXIII.
2265 1626 2538 1683 Gerardus
2570 1623 2610 1677 11
2645 1622 2809 1675 Ponte
2838 1619 2921 1673 vel
2954 1617 3145 1678 Paule,
3173 1626 3327 1668 antea
3358 1612 3485 1666 Flo~

1911 1719 2171 1775 riacensis
2195 1716 2380 1772 Sancti
2399 1712 2670 1769 Benedicti
2696 1711 2881 1775 abbas,
2910 1708 3125 1761 natione
3143 1704 3481 1759 Lcmovicus.

1841 1788 1883 1842 Β
1910 1809 2158 1879 Sepultus
2199 1816 2273 1861 est
2300 1807 2355 1860 in
2382 1806 2541 1859 choro
2568 1800 2819 1856 ecclesiae.
2863 1799 3197 1866 Anonymns.

1981 1877 2221 1953 XXXIV.
2250 1895 2433 1951 Helias
2466 1894 2517 1946 in
2569 1887 2941 1958 Petragorensi
2982 1882 3251 1938 territorio
3299 1877 3486 1933 humili

1910 1992 2028 2047 loco
2057 1997 2213 2043 natus
2243 2005 2257 2040 :
2285 1986 2516 2055 primum
2565 1980 2664 2036 SS.
2696 1977 2869 2047 Sergii
2912 1986 2965 2029 ct
3009 1973 3202 2028 Bacchi
3239 1969 3487 2053 Audega-

1910 2082 2111 2143 vensis,
2153 2049 2346 2133 deinde
2374 2072 2764 2145 permutatione
2819 2067 2983 2130 facta,
3042 2062 3260 2131 Maioris
3304 2049 3489 2113 Mona-

1912 2170 2062 2225 sterii
2118 2167 2285 2221 abbas
2332 2163 2615 2219 an.1589.
2655 2160 2760 2214 Res
2816 2154 3131 2211 monasterii
3182 2168 3284 2205 non
3332 2149 3490 2202 modo

1912 2258 2251 2331 dilapidavit,
2311 2256 2404 2311 sed
2470 2250 2821 2307 monasticam
2891 2259 3103 2314 quoque
3153 2239 3489 2310 disciplinam

1908 2351 2212 2423 pessumire
2241 2346 2533 2403 consensit.
2566 2340 2814 2396 Nonnulli
2850 2336 2951 2391 hoc
2984 2344 3220 2402 tempore
3245 2346 3276 2385 e
3304 2343 3492 2384 monao

1916 2421 2032 2500 cltis
2056 2442 2272 2511 Maioris
2311 2436 2616 2494 Monasterii
2642 2434 2906 2488 Lauream
2956 2426 3405 2484 Baccalaurcatus
3428 2421 3485 2475 in

1917 2535 2149 2592 decretis
2169 2533 2470 2596 obtinuere,
2512 2526 2724 2599 publice
2774 2522 2934 2577 Petro
2981 2519 3172 2573 abbate
3217 2516 3275 2570 S.
3328 2513 3485 2583 Eligii

1919 2622 2294 2680 Noviomensis
2325 2620 2577 2681 docente,
2617 2630 2743 2668 ann.
2808 2609 2967 2665 159.1.
3025 2607 3203 2661 Ilelias
3246 2619 3389 2659 onus
3440 2604 3492 2656 in

1917 2715 2220 2771 Gnidonem
2245 2713 2310 2767 de
2347 2710 2489 2764 Loro
2513 2707 2761 2761 abbatem
2803 2700 2988 2755 Sancti
3020 2696 3191 2767 Sergii
3223 2694 3493 2763 deposuit,

1923 2816 1979 2860 et
2020 2804 2267 2859 abdicata
2298 2800 2444 2855 omni
2474 2796 2783 2867 prmlatura,
2808 2799 2968 2859 atque
2993 2771 3243 2842 omnibus
3300 2798 3495 2838 renun-

1925 2900 2066 2954 tiaos
2113 2896 2261 2952 flevit
2289 2908 2406 2963 quae
2441 2895 2683 2962 gesserat
2717 2885 2876 2940 mala.
2929 2882 3077 2938 Obiit
3104 2897 3162 2934 nt
3194 2878 3311 2933 Kal.
3340 2877 3499 2935 Octo-

1926 2990 2041 3044 bris
2071 2989 2226 3043 1418.

2001 3079 2210 3134 XXXV.
2258 3074 2430 3131 Guido
2467 3073 2533 3127 de
2588 3070 2764 3134 Luro,
2806 3064 3153 3127 Lemovicus,
3198 3077 3260 3115 ex
3307 3059 3507 3114 abbate

1925 3172 2110 3230 Sancti
2160 3168 2330 3238 Sergii
2363 3160 2763 3232 Audegavensis
2793 3157 2952 3212 1413.
2985 3152 3202 3209 Litteris
3232 3168 3338 3206 non
3390 3166 3493 3205 me—

1923 3267 2183 3325 diocriter
2206 3262 2471 3319 eruditus.
2501 3260 2702 3313 Damna
2734 3264 2845 3309 tum
2892 3252 2967 3307 rei
3005 3248 3334 3313 domesticae,
3388 3256 3500 3302 tum

1920 3361 2085 3415 etiam
2115 3354 2375 3428 regularis
2398 3348 2756 3406 observantia:
2785 3362 2815 3400 a
2843 3345 3129 3399 decessore
3157 3341 3300 3395 illata
3328 3380 3341 3404 ,
3386 3354 3501 3393 ma-

1924 3453 2068 3506 xima
2093 3457 2246 3519 parte
2290 3440 2591 3497 rcsarcivit.
2622 3439 2879 3493 Addictus
2912 3434 3212 3505 praesertim
3261 3432 3502 3485 eleemo-

1925 3542 2073 3613 synis
2104 3536 2431 3610 pauperibus
2456 3531 2738 3601 erogandis
2781 3529 2909 3593 fuit,
2941 3542 3005 3579 ac
3057 3521 3370 3578 monasterii
3413 3519 3502 3588 iu-

1925 3611 2065 3687 rium
2096 3670 2110 3692 ,
2163 3624 2669 3691 immunitatumque
2732 3624 3133 3690 propugnator:
3166 3614 3395 3681 denique
3445 3611 3497 3664 in

1924 3736 2059 3792 pace
2082 3718 2306 3788 quievit,
2335 3714 2487 3783 cuius
2516 3727 2713 3780 corpus
2740 3709 2972 3763 delatum
3024 3720 3087 3759 ac
3126 3704 3390 3774 sepultura
3448 3703 3499 3754 in

1926 3812 2092 3866 choro
2119 3802 2675 3875 MaiorisMouasterii
2703 3802 2801 3853 sub
2829 3798 3010 3852 tumba
3040 3810 3236 3865 cuprea
3285 3792 3499 3848 Geraldi

1925 3901 2125 3957 Paultaa
2155 3898 2365 3953 abbatis
2386 3897 2475 3958 '53,
2510 3893 2683 3963 patrui
2717 3892 2818 3944 sui.
2853 3888 2930 3942 Ita
2959 3896 3139 3942 noster
3170 3898 3500 3955 anonymus.

1925 3993 2017 4064 qui
2078 3990 2293 4059 Maioris
2344 3984 2655 4041 Monastcrii
2726 3980 2977 4035 abbatum
3034 3976 3227 4033 seriem
3279 3973 3505 4028 ulterius

1926 4082 2147 4136 minime
2168 4076 2435 4149 perduxit.

1999 4168 2238 4224 XXXVI.
2266 4167 2459 4221 Petrus
2509 4162 2758 4230 lllarques
2810 4158 2876 4212 ab
2932 4172 3019 4209 an.
3059 4155 3194 4209 1429
3240 4154 3307 4207 ad
3346 4153 3499 4206 1155.

1924 4262 2272 4332 Privilegium
2321 4255 2591 4327 singulare
2647 4249 2831 4317 Maiori
2873 4246 3196 4302 Monasterio
3248 4259 3354 4297 non
3393 4250 3503 4295 tam

1929 4355 2173 4418 indulsit,
2214 4350 2465 4406 Nicolaus
2509 4359 2645 4414 papa
2694 4342 2759 4406 V,
2793 4354 2952 4411 quam
2982 4335 3317 4407 approbavit.
3344 4334 3500 4400 Quod

1858 4480 1908 4540 υ
1931 4446 2059 4502 huic
2099 4444 2353 4498 abbatum
2387 4436 2624 4493 Elcncbo
2653 4433 2892 4486 inserere
2914 4429 3249 4498 profuturum
3276 4424 3503 4479 subinde

1924 4537 2181 4608 iudicavi.

2006 4648 2024 4680 ι
2062 4626 2313 4683 Nicolaus
2361 4623 2663 4693 episcopus,
2702 4631 2890 4673 servus
2938 4627 3213 4669 servorum
3260 4610 3397 4675 Dei,
3436 4609 3503 4664 ad

1932 4721 2167 4776 futuram
2190 4718 2268 4772 rei
2291 4713 2625 4775 memoriam,
2654 4711 2720 4764 ad
2741 4709 2985 4762 decorem
3016 4718 3184 4760 sacra:
3208 4701 3499 4771 religionis,

1932 4828 1996 4867 ac
2018 4820 2076 4864 ut
2097 4810 2241 4863 illius
2262 4807 2445 4862 felices
2474 4804 2670 4872 ubique
2694 4800 2987 4855 dilatentur
3008 4795 3286 4851 fecundius
3307 4807 3504 4863 propa-

1935 4905 2110 4973 gines,
2140 4914 2350 4956 necnon
2394 4894 2621 4952 honoris
2652 4891 2840 4958 ﬂores,
2870 4900 2927 4945 et
2966 4883 3505 4944 honestatisfructns

1934 4995 1985 5047 in
2010 5009 2093 5056 ea,
2110 4992 2170 5050 in.
2194 4990 2365 5049 salute
2389 4988 2763 5059 plurimorum,
2789 4984 2841 5039 in
2866 4984 3109 5037 ubertate
3130 4982 3501 5037 concrescant.

1933 5082 2237 5153 apostolicae
2292 5077 2658 5135 meditationis
2713 5074 3084 5130 vehementius
3159 5066 3506 5122 diffundimus

1935 5175 2228 5245 cogitatus,
2254 5170 2573 5241 specialibus
2618 5184 2678 5221 ea
2733 5168 3117 5234 prosequentes
3143 5154 3504 5217 adminiculis,

1938 5279 2033 5332 per
2064 5276 2184 5331 qum
2209 5274 2447 5330 personae
2477 5257 2742 5326 religiosae
2779 5249 3105 5320 singularum
3140 5244 3504 5300 turbationum

1936 5354 2273 5410 cessantibus
2324 5348 2635 5418 diSpendiis,
2695 5344 2747 5398 in
2797 5343 2943 5412 pacis
2987 5349 3041 5394 ct
3098 5334 3504 5405 tranquillitatis

1934 5441 2253 5504 dulcedine,
2293 5439 2392 5492 sub
2438 5434 2743 5506 apostolica:
2796 5430 3063 5486 libertatis
3123 5425 3415 5497 praesidis,
3452 5425 3502 5478 in

1934 5541 2133 5590 δεηιριω
2170 5526 2641 5597 contemplationis
2679 5523 2945 5578 suavitate
2986 5520 3219 5591 quietius
3257 5526 3311 5573 et
3361 5532 3503 5573 com.

1938 5624 2148 5678 modius
2175 5619 2459 5677 exsolvere
2488 5616 2700 5670 valeant
2722 5613 2984 5668 altissimo
3007 5625 3105 5666 sua
3149 5604 3293 5662 vcta.

2014 5734 2028 5761 ‹
2067 5710 2196 5764 llinc
2238 5718 2315 5763 est
2351 5706 2491 5776 quod
2548 5720 2643 5757 nos
2698 5700 3003 5757 charissimi
3052 5699 3109 5754 in
3148 5697 3361 5753 Christo
3408 5693 3498 5747 filii
