4018 6324
603 327 737 382 1075

1510 325 1600 378 AD
1629 324 1778 380 OPP.
1813 323 1964 379 VEN.
1991 319 2313 381 GUBERTI
2349 317 2434 375 DE
2461 317 2857 377 NOVIGENTO

3710 323 3808 383 1076

600 441 770 496 nostri
804 439 980 494 Caroli
1030 438 1354 491 Francorum
1399 436 1538 504 regis
1570 436 1824 499 illustris,
1855 450 1917 490 ac
1944 440 2168 489 dilecto-
2199 445 2244 497 Α
2276 442 2619 488 contineatur
2641 446 2912 500 expresse,
2950 445 3070 501 qua:
3105 429 3170 484 ad
3224 430 3429 499 qumvis
3478 437 3716 499 exempta
3751 443 3811 489 vel

601 549 717 584 lum
757 531 982 584 filiorum
1023 529 1234 583 abbatis
1258 535 1310 580 et
1332 533 1632 580 conventus
1663 526 1978 580 monasterii
2004 525 2168 594 Maio-

600 624 672 676 ris
708 620 1010 674 Monasterii
1044 633 1208 689 prope
1239 618 1534 682 Turonem,
1561 617 1626 670 ad
1650 616 1948 673 Romanam
1978 617 2166 672 Eccle-

595 713 732 764 siam
781 710 928 764 nullo
955 709 1128 763 medio
1159 708 1501 778 pertinentis,
1535 707 1739 762 ordinis
1781 707 1966 763 Sancti
2001 707 2169 761 Bene-

593 801 741 865 dicti,
776 800 940 872 594
961 815 1022 854 ac
1047 801 1287 870 priorum
1313 799 1646 868 prioratuum
1671 799 1822 853 dicto.
1839 798 2167 854 monasterio

592 895 981 962 subiectorum,
1014 892 1066 945 in
1095 893 1196 946 hac
1222 901 1376 960 parte
1409 889 1892 960 supplicationibus
1925 888 2166 944 inclinati

590 985 781 1052 potiori
825 1000 922 1050 pro
947 983 1154 1039 cautela
1189 984 1574 1038 monasterium
1621 981 1963 1052 praedictum,
1996 995 2061 1035 ac
2089 980 2164 1034 illi

587 1075 848 1143 subjecta,
877 1088 931 1130 et
971 1078 1022 1130 in
1073 1075 1312 1130 futurum
1343 1072 1672 1142 subjicienda
1705 1073 2009 1142 ubicunque
2039 1088 2165 1128 con-

585 1168 851 1232 sistentia,
906 1169 1197 1236 prioratus,
1260 1165 1574 1235 hospitalia,
1621 1165 1894 1229 membra,
1948 1175 2000 1218 et
2049 1165 2163 1219 loca

584 1273 949 1326 ψκυριι-ιιίιιιρς
975 1273 1187 1311 necnon
1249 1255 1561 1310 monasterii
1594 1255 1954 1324 prioratuum,
1997 1271 2165 1308 mem.-

584 1349 832 1412 brorum,
883 1348 1247 1416 hospitalium,
1279 1356 1334 1401 et
1376 1347 1615 1401 locorum
1647 1346 2028 1415 praedictorum
2058 1345 2158 1399 ab-

585 1439 759 1503 bates,
787 1440 992 1507 priores
1015 1448 1069 1492 et
1099 1439 1408 1507 suppr-iores
1436 1452 1735 1505 eorumque
1760 1437 2074 1500 monachos,
2107 1447 2162 1491 et

585 1545 840 1596 personas
862 1529 1176 1595 familiares,
1203 1530 1548 1591 domesticos,
1572 1530 1857 1584 continuos
1884 1543 2159 1584 commen-

579 1622 738 1687 salcs,
773 1637 834 1675 ac
862 1637 1121 1691 personas
1159 1623 1211 1675 in
1241 1623 1370 1691 ipsis
1399 1623 1720 1684 residentes,
1760 1633 2054 1691 praesentes
2104 1633 2159 1676 et

579 1713 809 1780 futuros,
843 1729 965 1768 cum
996 1714 1247 1769 omnibus
1279 1714 1515 1782 ipsorum
1571 1713 1857 1766 mobilibus
1881 1721 1936 1766 et
1966 1713 2156 1766 immo-

2276 539 2381 578 non
2413 532 2685 594 exempta,
2717 523 3007 592 prioratus,
3043 537 3136 578 seu
3162 522 3278 576 loca
3323 536 3383 576 se
3428 523 3734 586 extendant,
3764 542 3811 581 ex

2271 615 2451 683 aliqua
2487 613 2602 682 eius
2637 613 3007 683 cujuscunque
3047 614 3249 669 tenoris
3273 615 3476 668 existat
3499 614 3811 682 indulgentia,

2270 721 2376 762 non
2406 707 2666 772 obsistat;
2725 707 2828 762 nisi
2861 705 3045 763 forsan
3103 707 3260 762 dicta:
3315 706 3510 766 litterae
3547 709 3816 776 apostolica:

2269 799 2335 854 de
2357 799 2547 854 ordine
2595 808 2648 852 et
2695 799 3024 852 monasterio
3070 797 3309 867 pra-fatis
3354 813 3420 853 ac
3461 800 3807 868 praesentibus,

2269 890 2334 945 de
2359 889 2527 944 verbo
2563 889 2629 943 ad
2661 891 2905 954 verbum,
2933 904 3142 944 necnon
3174 889 3459 944 monachis
3501 898 3557 944 et
3606 891 3814 959 degenti-

2264 982 2365 1037 bus
2443 983 2496 1036 in
2578 981 2906 1036 monasterio
2926 1023 2947 1052 ,_
3004 980 3373 1050 prioratibus,
3446 981 3812 1051 liOSpitalibus,

2265 1073 2525 1129 membris
2551 1083 2606 1128 et
2660 1074 2792 1129 locis
2835 1075 3107 1143 praedictis
3151 1075 3367 1144 plenam
3420 1083 3478 1130 et
3513 1091 3811 1145 expressam,

2265 1183 2328 1224 ac
2373 1168 2538 1224 etiam
2586 1177 2835 1224 notanter
2884 1180 2938 1224 et
2989 1169 3298 1238 specialiter
3346 1167 3580 1232 fecerint
3625 1172 3814 1227 mentio-

2263 1277 2406 1317 nem.

2339 1371 2356 1402 ε
2391 1353 2458 1406 Et
2501 1353 2720 1422 insuper
2768 1353 3014 1407 volumus
3045 1361 3099 1406 et
3137 1353 3342 1408 eisdem
3377 1353 3589 1419 abbati,
3622 1362 3673 1407 et
3713 1368 3816 1408 con-

2261 1443 2466 1508 ventui,
2523 1452 2576 1497 et
2643 1443 2913 1512 prioribus
2969 1444 3112 1497 dicta
3156 1442 3456 1512 apostolica
3516 1443 3815 1500 auctoritate

2260 1535 2623 1594 concedimus,
2652 1551 2770 1604 qum
2795 1535 2858 1589 de
2881 1534 3237 1602 pratsentibus
3261 1543 3315 1589 et
3345 1534 3401 1588 in
3431 1535 3514 1588 eis
3545 1536 3811 1601 contentis,

2260 1625 2418 1680 alicui
2447 1641 2509 1678 ex
2539 1626 2978 1695 archiepiscOpis,
3015 1641 3078 1679 ac
3126 1625 3250 1678 aliis
3274 1625 3520 1678 locorum
3554 1625 3810 1679 ordinariis

2258 1715 2551 1783 praedictis,
2584 1715 2844 1768 ineorum
2869 1715 2976 1768 vita
3008 1713 3108 1768 nisi
3145 1713 3312 1768 semel
3340 1723 3576 1776 tantum,
3613 1713 3654 1768 si
3678 1729 3810 1782 super

577 1807 773 1862 bilibus
828 1792 1484 1873 bonisIrcbus,iuribus,
1527 1816 1581 1859 et
1626 1804 1964 1875 pertinentiis
1991 1806 2150 1860 etiam
2186 1785 2227 1842 Β
2257 1803 2359 1861 hoc
2382 1821 2476 1874 per
2493 1821 2583 1861 eos
2608 1807 2850 1875 requisiti
2875 1806 3078 1862 fuerint
3103 1807 3258 1860 fidem
3293 1807 3475 1862 facere
3502 1820 3810 1874 nequaquam.

579 1899 935 1965 prtt‘SCtttibttS
963 1909 1013 1952 ct
1044 1898 1261 1965 futuris,
1292 1899 1358 1954 ab
1383 1898 1528 1953 omni
1551 1897 1949 1966 iurisdictione,
1983 1897 2155 1951 domi-

579 1993 687 2057 nio,
721 1990 1074 2059 subiectione,
1127 1993 1469 2060 auctoritate,
1521 2000 1808 2062 potestate,
1865 1991 2154 2060 superiori-

579 2093 706 2148 tate,
740 2082 1075 2148 visitatione,
1109 2083 1470 2146 correctione,
1528 2082 1875 2146 coercitione,
1917 2089 1971 2134 et
2005 2095 2152 2134 com-

575 2177 816 2247 pulsioue
847 2176 1044 2242 archie,
1072 2177 1374 2246 iseoporum
1399 2175 1816 2237 Turonensium,
1850 2188 2150 2242 eorumque

573 2266 898 2319 vicariorum
929 2274 982 2318 et
1013 2265 1338 2330 (.flicialium,
1385 2281 1449 2320 ac
1503 2265 1868 2335 quorumlibet
1921 2264 2148 2318 aliorum

569 2358 1012 2431 ordinariorlum,
1040 2368 1092 2411 et
1127 2358 1492 2426 prmlatorum,
1515 2371 1577 2410 ac
1602 2371 1952 2424 personarum
1980 2354 2150 2410 eccle-

571 2448 942 2513 siasticarum;
1005 2465 1210 2504 necnon
1269 2466 1298 2502 a
1351 2450 1618 2505 solutione
1679 2463 2144 2519 quorumcunque,

567 2540 1346 2610 -:ollectarum,pedagiorum,
1409 2541 1820 2595 earitativorum
1881 2539 2148 2594 subsidio-

573 2648 712 2700 rum,
743 2632 1142 2704 impositioaum
1175 2643 1226 2688 et
1253 2647 1502 2698 onerum,
1531 2648 1592 2686 ac
1621 2626 1986 2702 cuiuscunque
2013 2631 2148 2684 alte-

571 2725 683 2778 rius
729 2725 943 2793 generis
979 2725 1340 2790 exactionum,
1388 2725 1452 2779 de
1498 2725 1810 2794 apostolicae
1860 2724 2146 2794 potestatis

569 2815 922 2886 plenitudine,
949 2827 1001 2870 et
1028 2833 1093 2871 ex
1122 2827 1270 2872 certa
1301 2818 1556 2882 scientia,
1590 2831 1811 2887 prorsus
1835 2817 2142 2881 eximimus,

566 2901 619 2957 et
655 2905 892 2961 letaliter
945 2907 1257 2972 liberamus,
1301 2922 1363 2962 ac
1408 2907 1460 2961 in
1513 2908 1602 2977 jus
1652 2916 1706 2960 et
1757 2907 2143 2977 proprietatem

569 2996 710 3050 beati
752 2997 895 3052 Petri
927 2999 1070 3054 sedis
1099 2997 1428 3069 apostolicaa,
1461 3007 1516 3053 et
1543 3000 1642 3054 sub
1698 3013 1884 3052 eorum
1926 2996 2143 3065 speciali

564 3089 960 3164 acimmediata
987 3091 1320 3165 protectione
1351 3089 1696 3160 suscipimus,
1750 3098 1914 3158 atque
1958 3097 2140 3141 nostra

2261 1904 2574 1958 teneantur,
2625 1913 2724 1951 nec
2764 1898 2829 1950 ad
2874 1898 2924 1952 id
2969 1898 3118 1952 inviti
3171 1897 3391 1952 valeant
3438 1896 3809 1965 quomodolilict

2256 1991 2522 2044 coarctari
2561 1990 2732 2052 felicis
2757 1989 3150 2044 recordationis
3182 1988 3481 2044 Innocentii
3528 1987 3595 2042 ιν
3635 1989 3810 2056 pnede-

2255 2087 2487 2139 cessuris
2515 2087 2711 2143 nostri.
2747 2094 2801 2138 et
2838 2083 2960 2138 aliis
2992 2083 3306 2153 apostolicis
3331 2081 3806 2145 constitutionibus,

2254 2191 2462 2230 necnon
2489 2176 2695 2246 legibus
2721 2175 3088 2244 imperialibus
3114 2191 3177 2229 ac
3205 2174 3449 2239 statutis,
3467 2182 3523 2228 et
3547 2182 3806 2227 consuetu-

2253 2266 2486 2338 dinibus,
2512 2281 2722 2322 necnon
2749 2266 2850 2321 illis
2881 2280 2976 2335 per
3003 2281 3123 2335 qum
3145 2265 3424 2334 praemissa
3453 2274 3672 2335 possent
3699 2278 3808 2332 quo-

2249 2355 2541 2411 modolibet
2575 2355 2789 2425 infringi
2824 2355 2905 2410 vel
2945 2354 3230 2424 impediri,
3274 2363 3326 2407 et
3357 2353 3480 2408 aliis
3525 2353 3577 2406 in
3607 2362 3796 2407 contra-

2249 2448 2388 2502 rium
2423 2447 2581 2502 editis
2609 2446 3058 2502 nonobstantibus
3087 2445 3522 2514 quibuscunqnc.
3556 2444 3663 2500 Nos
3681 2447 3801 2502 enim

2248 2556 2599 2610 quascunque
2626 2539 3270 2601 excommunicationnm,
3298 2541 3706 2608 suspensionum
3724 2583 3736 2604 ,
3761 2553 3804 2596 et

2247 2635 2547 2698 interdicti,
2579 2635 2820 2702 aliasque
2849 2632 3252 2687 ecclesiasticas
3283 2631 3606 2694 sententias,
3633 2646 3799 2686 censu-

2248 2742 2338 2780 ras
2381 2735 2436 2780 et
2485 2739 2694 2794 pmnas,
2726 2738 2932 2780 necnon
2955 2737 3308 2793 quoscunque
3332 2735 3637 2790 processus,
3660 2723 3799 2775 etiam

2247 2832 2597 2886 quascunque
2625 2816 2920 2870 sententias
2960 2825 3016 2868 et
3062 2828 3253 2884 poenas
3281 2813 3333 2865 in
3377 2828 3438 2866 se
3467 2815 3801 2878 continentes,

2249 2923 2401 2976 quas,
2425 2917 2478 2960 et
2512 2922 2648 2976 quos
2677 2916 2863 2960 contra
2896 2905 3174 2969 abbatem,
3195 2912 3527 2957 conventum
3553 2943 3567 2964 ,
3598 2905 3799 2972 priores,

2245 2997 2560 3060 monachos,
2601 2996 2901 3052 residentes
2930 3011 3212 3064 personas,
3240 2997 3652 3060 monasterium,
3679 2995 3801 3063 prio—

2248 3096 2420 3151 ratus,
2446 3087 2760 3157 hospitalia,
2786 3087 3026 3142 membra
3056 3095 3110 3141 et
3148 3087 3268 3141 loca
3318 3087 3576 3155 praedicta
3595 3126 3609 3150 ,
3639 3094 3799 3140 contra

565 3161 919 3255 decernentes
962 3146 1351 3238 monasterium
1384 3222 1398 3246 ,
1446 3181 1720 3251 prioratus
1751 3223 1763 3244 ,
1834 3179 2138 3249 hospitalia,
2171 3146 2214 3208 δ
2249 3188 2488 3233 tenorem
2548 3189 2602 3234 et
2649 3182 2878 3234 formam
2925 3179 3294 3247 praesentium,
3352 3193 3420 3231 ac
3468 3175 3801 3245 exemptioan

564 3265 826 3335 membra,
853 3271 990 3339 loca,
1043 3273 1282 3335 abbates,
1312 3272 1545 3343 priores,
1576 3268 2142 3335 monachos,familia-

564 3373 653 3428 res
676 3375 954 3429 personas,
988 3361 1124 3415 bona
1147 3370 1202 3415 et
1231 3375 1315 3416 res
1340 3361 1628 3430 praedicta;
1665 3359 1836 3414 solum
1883 3366 1936 3413 et
1958 3358 2144 3412 imme-

564 3450 708 3503 diate
759 3451 913 3506 dictae
963 3453 1073 3507 sedi
1109 3453 1159 3506 in
1213 3453 1464 3508 omnibus
1514 3451 1825 3520 subiacere;
1876 3450 1948 3504 ita
2000 3451 2141 3518 quod

563 3542 976 3612 archiepiscopi,
1017 3543 1227 3606 vicarii,
1254 3542 1530 3606 olliciales,
1559 3543 1821 3597 ordinarii
1843 3550 1900 3596 et
1931 3541 2138 3610 praelati

562 3633 825 3700 praedicti,
856 3632 939 3687 vel
962 3634 1138 3702 quivis
1166 3633 1255 3686 alii
1308 3635 1360 3687 in
1385 3649 1473 3700 ea,
1498 3642 1681 3702 utpote
1714 3649 1934 3704 prorsus
1963 3648 2141 3686 exem-

561 3737 676 3792 pta,
731 3724 1059 3796 generaliter
1083 3735 1138 3780 et
1161 3726 1498 3795 specialiter,
1537 3735 1629 3778 aut
1667 3724 2026 3779 communiter
2056 3725 2140 3778 vel

559 3815 774 3890 divisim
799 3831 906 3886 non
935 3821 1143 3885 possint
1191 3818 1386 3887 quavis
1414 3817 1740 3870 auctoritate
1769 3817 2140 3874 excommuni-

560 3905 788 3958 e.-.tionis
813 3891 1202 3975 suspensionis,
1236 3907 1319 3962 vel
1358 3907 1652 3970 interdicti,
1695 3916 1782 3960 aut
1830 3905 1963 3959 alias
2012 3921 2139 3960 sen-

563 3994 759 4049 tentias
793 3995 1208 4062 ecelesiasticas,
1234 4011 1493 4052 censuras
1517 4005 1571 4051 et
1595 4010 1784 4066 poenas
1838 3995 2137 4064 quomodo-

562 4086 692 4150 libet
719 4088 1090 4159 promulgare,
1116 4104 1208 4154 seu
1236 4089 1374 4144 alias
1401 4087 1564 4143 etiam
1597 4088 1806 4143 ratione
1827 4088 2029 4153 delicti,
2057 4087 2139 4142 vel

559 4184 898 4242 contractus,
922 4186 1017 4230 aut
1041 4177 1140 4242 rei,
1167 4177 1234 4231 de
1265 4193 1370 4246 qua
1397 4177 1602 4247 agitur,
1632 4178 1936 4248 ubicunque
1985 4193 2136 4233 com-

559 4269 808 4323 mittatur
833 4269 1117 4333 delictum,
1167 4269 1382 4340 ineatur
1411 4279 1742 4334 contractus,
1771 4280 1863 4324 aut
1889 4285 1976 4325 res
2025 4272 2137 4338 ipsa

556 4360 860 4428 consistat;
895 4367 1238 4428 potestatem,
1279 4360 1733 4430 iurisdictionem,
1785 4362 2134 4430 superiorita-

559 4464 682 4516 tem,
711 4452 1113 4516 auctoritatem,
1145 4451 1526 4514 visitationem,
1555 4454 1968 4518 correctionem,
1988 4468 2132 4508 eoer-
2162 4489 2210 4548 υ

556 4543 811 4614 citionem
843 4583 859 4606 ,
918 4542 1342 4612 compulsionem
1371 4583 1385 4608 ,
1437 4543 1520 4598 vel
1573 4544 1868 4597 dominium
1917 4545 2131 4614 aliquod

555 4646 832 4686 exercere.
865 4631 1126 4701 Quodque
1154 4633 1314 4687 etiam
1355 4633 1599 4699 abbates,
1629 4633 1836 4701 priores
1881 4642 1935 4686 et
2001 4650 2134 4688 eon-

553 4729 748 4775 ventus
769 4713 1032 4790 praedicti,
1059 4723 1269 4778 ratione
1291 4724 1552 4778 bonorum
1607 4723 1940 4789 monasterii,
1989 4726 2134 4793 prio-

557 4820 797 4877 ratunm,
827 4812 1195 4882 hospitalium,
1228 4814 1594 4867 membrorum
1629 4827 1691 4865 ac
1724 4812 1963 4867 locorum
1993 4825 2133 4884 prie-

556 4904 842 4966 dictorum,
875 4891 1307 4973 precurationem
1363 4904 1620 4972 aliquam,
1667 4904 1751 4957 vel
1801 4905 1962 4958 etiam
2009 4921 2135 4960 con-

555 4996 890 5060 ventionem,
928 5005 1023 5050 aut
1068 4995 1450 5052 charitativum
1497 4995 1822 5060 subsidium,
1871 4996 2130 5067 gahellas,

556 5090 801 5159 pedagia,
830 5089 1037 5143 telonea
1061 5097 1116 5141 et
1138 5087 1270 5140 alias
1296 5086 1631 5149 exactiones,
1664 5088 1947 5156 quibusvis
1993 5089 2135 5159 regi-

555 5183 673 5250 bus,
697 5197 790 5236 seu
815 5181 934 5235 aliis
959 5177 1204 5248 personis
1232 5180 1641 5246 ecclesiasticis,
1671 5181 1752 5233 vel
1777 5181 1970 5234 sateula
1982 5183 2132 5236 ribus

555 5276 706 5336 dare,
737 5272 964 5336 solvere,
1001 5271 1221 5324 minime
1255 5280 1579 5337 teneantur;
1639 5287 1739 5345 nec
1779 5275 1844 5327 ad
1889 5273 1939 5328 id
1988 5289 2134 5328 com-

558 5365 679 5439 pelli
714 5365 944 5433 possint,
973 5364 1057 5416 vel
1094 5379 1256 5432 super
1283 5365 1404 5430 hoc,
1448 5374 1539 5418 aut
1593 5365 1726 5420 alias
1776 5381 1805 5418 a
1857 5381 2131 5435 quoquam

559 5453 960 5522 queinodolibet
985 5454 1284 5516 conveniri,
1311 5455 1394 5508 vel
1419 5469 1512 5522 per
1539 5454 1747 5510 litteras
1777 5457 1922 5512 sedis
1943 5458 2134 5527 praedi-

559 5554 680 5606 ctae,
712 5554 800 5598 aut
833 5544 1154 5614 legatorum,
1213 5545 1296 5598 vel
1332 5545 1721 5615 delegatorum,
1761 5561 1853 5601 seu
1914 5548 2132 5602 nuntio-

561 5653 678 5691 rum
709 5636 898 5706 ipsius,
924 5648 1016 5691 aut
1036 5637 1465 5692 dimcesanorum
1487 5636 1746 5702 locorum,
1779 5638 1860 5690 vel
1887 5653 2132 5707 querimi-

562 5727 1242 5800 cut‘tqucaliot‘um,etiam
1289 5727 1399 5782 sive
1451 5725 1689 5796 eiusdem
1737 5728 1879 5784 sedis
1937 5728 2131 5784 litteris

2245 3271 2550 3339 huiusmodi
2605 3272 2934 3343 promulgari
2994 3282 3051 3328 et
3091 3273 3316 3335 haberi;
3373 3287 3586 3327 necnon
3641 3277 3794 3325 totuat

2245 3361 2314 3426 id,
2347 3371 2401 3416 et
2424 3362 2677 3432 quidquid
2717 3363 2768 3415 in
2819 3362 3149 3416 contrarium
3208 3377 3237 3414 a
3290 3377 3584 3432 quoquam,
3627 3362 3794 3430 quavis

2243 3453 2584 3516 auctoritate,
2625 3454 2860 3508 scienter
2895 3452 2988 3507 “rel
3036 3453 3344 3522 ignorauter
3398 3452 3548 3517 fieri,
3604 3453 3680 3507 vel
3719 3461 3789 3505 at-

2246 3543 2441 3598 tentari
2492 3545 2800 3613 contigerit,
2835 3543 3000 3607 nulla,
3045 3559 3223 3607 cassa,
3283 3543 3471 3610 irrita,
3523 3544 3709 3599 infecta
3751 3553 3798 3599 et

2244 3636 2445 3702 inania,
2474 3653 2537 3691 ac
2565 3637 2764 3692 nullius
2785 3637 2948 3691 etiam
2979 3636 3324 3692 decernimus
3343 3637 3584 3692 existere
3612 3636 3798 3692 roboris

2241 3728 2326 3783 vel
2349 3729 2627 3783 momenti.

2318 3837 2336 3870 ι
2373 3818 2509 3872 Nulli
2535 3834 2664 3889 ergo
2691 3818 2968 3873 hominum
2993 3819 3155 3874 liceat
3177 3820 3316 3874 hanc
3341 3819 3593 3888 paginam
3624 3827 3802 3873 nostra:

2241 3913 2622 3980 exernptionis,
2657 3912 3010 3976 liberationis,
3044 3912 3431 3980 susceptionis,
3463 3911 3683 3968 decreti.
3716 3924 3800 3962 vo-

2242 4003 2874 4066 luntatis,eoneessionis
2925 4011 2982 4056 et
3033 4001 3443 4056 constitutionis
3506 4000 3800 4068 infringere,

2240 4095 2323 4148 vel
2351 4095 2398 4149 ei
2431 4110 2563 4149 ausu
2593 4095 2881 4148 temerario
2907 4095 3200 4148 contraire.
3249 4093 3304 4146 Si
3328 4093 3454 4162 quis
3492 4101 3671 4146 autem
3717 4092 3804 4143 hoc

2239 4196 2506 4240 attentare
2534 4185 2955 4256 praesumpserit,
2975 4185 3402 4252 indignationem
3428 4183 3804 4253 omnipotentis

2239 4277 2356 4342 Dei,
2389 4286 2443 4331 et
2469 4278 2749 4332 beatorum
2767 4275 2911 4330 Petri
2935 4284 2988 4328 et
3009 4274 3158 4329 Pauli
3191 4275 3562 4344 apostolorum
3596 4275 3801 4344 eius.se

2239 4370 2450 4424 noverit
2475 4369 2838 4422 ineursurum.
2891 4366 3081 4420 Datum
3133 4365 3320 4434 [totum
3367 4367 3512 4433 apud
3566 4365 3804 4419 Sanctam

2238 4459 2610 4514 Potentianam
2635 4473 2778 4511 anno
2808 4455 3200 4510 lncarnationis
3217 4456 3515 4512 Dominica:
3535 4456 3810 4509 millesimo

2238 4547 2770 4617 quadringentesimo
2846 4545 3260 4614 quadragesimo
3337 4553 3579 4608 octavo,
3662 4543 3810 4596 tertio

2237 4637 2447 4692 decimo
2479 4634 2702 4689 Kalend.
2728 4633 3056 4698 Decembris,
3087 4632 3439 4702 pontificatus
3470 4632 3645 4686 nostri
3674 4645 3810 4684 anno

2236 4729 2491 4783 secundo.
2509 4745 2528 4778 ι

2309 4816 2468 4886 595
2497 4813 2756 4869 xxxvu.
2783 4811 2958 4870 Gllldo
2983 4813 3181 4883 Vigerii
3208 4811 3438 4883 (Vigier)
3481 4813 3636 4866 1455.
3665 4812 3810 4865 Hisce

2239 4906 2573 4975 temporibus
2615 4905 2985 4974 expostularat
3025 4903 3268 4972 pontifex
3311 4904 3584 4957 maximus
3617 4902 3743 4956 Pius
3774 4901 3812 4954 ll

2237 4999 2457 5067 (quippe
2496 4998 2888 5068 expeditionem
2921 4996 3147 5066 parabat
3191 4998 3244 5047 in
3275 4994 3506 5064 Tureas)
3535 4996 3604 5049 ab
3641 4993 3808 5048 eccle-

2237 5090 2469 5144 siasticis
2529 5090 2664 5144 viris
2717 5088 3020 5151 decimam;
3076 5100 3238 5154 quam
3295 5085 3610 5155 persolvere
3662 5083 3810 5138 multi

2236 5179 2624 5233 detrectavere.
2673 5180 3008 5246 Quapmpter
3059 5173 3469 5244 Andegavensis
3525 5173 3812 5244 provincia:

2235 5270 2458 5330 Clerici,
2495 5270 2635 5338 quod
2673 5269 2725 5320 in
2773 5282 2835 5322 ea
2875 5268 3057 5335 plures
3103 5266 3402 5319 existerent
3451 5264 3673 5332 Maioris
3703 5263 3810 5317 Mo-

2237 5362 2457 5416 nasterii
2508 5361 2796 5430 prioratus,
2843 5357 3141 5412 Gnidonem
3189 5357 3440 5411 abbatem
3483 5356 3808 5410 submonue-

2236 5463 2382 5517 runt,
2411 5462 2680 5520 quatenus
2717 5465 2838 5504 cum
2887 5448 2991 5502 illis
3030 5447 3191 5500 iniret
3231 5446 3579 5511 societatem;
3611 5455 3668 5499 at
3698 5447 3811 5513 ipse

2237 5544 2386 5602 nefas
2424 5557 2635 5597 summo
2672 5540 2872 5610 pastori
2902 5538 3072 5606 jussis
3111 5553 3217 5592 non
3257 5553 3544 5606 assurgere
3583 5537 3810 5608 putavit.

2304 5638 2368 5690 Λ.
2403 5637 2463 5690 t3.
2501 5634 2658 5696 “58,
2691 5633 2958 5688 abbatiam
2993 5632 3043 5684 in
3077 5631 3288 5698 nepotis
3313 5629 3579 5686 Guidonis
3611 5627 3807 5697 V'igerii

2235 5730 2464 5800 gratiam
2500 5726 2785 5784 abdicavit.
2827 5725 2917 5780 ille
2957 5723 3193 5780 vicissim
3239 5723 3510 5796 prioratus
3551 5720 3814 5792 quosdam
