4032 6336
246 340 380 397 I077

1337 339 1546 396 DOMNI
1587 339 1645 393 L.
1671 337 2016 393 D‘ACIIERY
2056 339 2284 398 NOT2E.

3381 346 3513 406 1078

246 452 449 512 refudit
477 451 762 506 avunculo.
795 448 906 507 [lac
931 452 993 507 de
1019 468 1074 507 re
1101 452 1243 506 bulla
1279 451 1357 507 Pii
1389 452 1602 524 papa)“
1639 451 1826 507 eodem
1857 453 1906 512 A
1934 461 2092 508 tates.
2121 455 2404 510 Prioratus
2432 469 2532 524 per
2567 454 2650 511 fas
2679 463 2733 510 et
2764 455 2916 538 nefas
2947 457 3294 525 saecularibus
3329 471 3512 517 cont:-

249 560 395 601 anno
439 542 778 612 conscripta;
825 542 876 595 in
908 557 1012 611 qua
1055 542 1296 612 pontifex
1331 542 1627 598 Cuidonem
1668 539 1830 594 nobili

246 650 442 711 genere
480 641 854 705 procreatum,
888 627 1058 702 atque
1081 635 1132 686 in
1161 632 1346 700 Majori
1379 631 1700 686 Monasterio
1720 645 1832 685 mo.

247 729 492 783 nasticen
515 726 954 796 professum,nec
983 741 1085 780 non
1118 740 1220 780 ase
1237 735 1475 779 creatum
1506 723 1831 778 Bibliensem

246 818 564 886 episcopum
601 825 768 870 notat.
805 816 918 886 Ego
948 831 1076 870 vero
1107 825 1395 884 utrumque
1424 823 1477 868 et
1505 813 1829 868 avunculum

247 917 304 962 et
361 918 610 978 nepotem
669 908 1060 962 nundinatorcs
1113 906 1536 971 beneficiorum,
1595 907 1829 976 priorem

248 1000 488 1054 maxime
525 998 920 1053 animadverto.

324 1089 605 1144 XXXVIII.
665 1090 840 1145 Guido
888 1091 1084 1162 Vigerii
1143 1106 1310 1162 nepos
1371 1106 1495 1144 ann.
1553 1089 1709 1156 M58,
1767 1092 1830 1144 ad

249 1197 343 1237 an.
405 1182 560 1237 1499.
603 1181 906 1236 Fidelitatis
969 1191 1368 1236 sacramentum
1430 1181 1705 1234 Ludovico
1761 1179 1830 1232 Xl

247 1273 364 1342 regi
395 1273 550 1337 1495,
581 1279 706 1326 tunc
727 1271 1015 1338 Ambasire,
1042 1287 1104 1325 ac
1136 1271 1476 1341 postmodum
1501 1269 1696 1325 Carolo
1720 1269 1830 1323 VIII

247 1367 448 1422 ibidem
490 1363 766 1430 existenti,
803 1362 955 1428 facit,
996 1364 1134 1417 sicut
1158 1363 1512 1419 instrumenta
1541 1369 1827 1416 testantur.

323 1457 567 1513 XXXIX.
597 1454 901 1511 Ludovicus
928 1455 1028 1510 Pot
1052 1455 1206 1511 I499.
1241 1455 1424 1510 Abbas
1455 1452 1614 1509 simul
1645 1453 1828 1509 Sancti

249 1550 577 1605 Launomari
620 1549 912 1605 Blesensis.
960 1548 1266 1603 Prioratum
1305 1557 1511 1617 septem
1549 1548 1828 1604 Dormien-

252 1644 419 1707 tium,
454 1643 544 1712 qui
577 1643 720 1698 intra
762 1643 1076 1699 monasterii
1116 1657 1299 1696 muros
1329 1643 1657 1706 continetur,
1695 1657 1827 1696 con-

247 1734 394 1788 tulit.
422 1733 478 1787 ln
500 1734 694 1790 litteris
707 1737 1021 1806 cpisc0pum
1039 1735 1439 1790 Tornaccnsem
1463 1743 1623 1804 atque
1645 1733 1829 1789 Lecto-

249 1841 468 1880 rensem
517 1840 574 1879 se
628 1826 868 1896 insignit.
917 1825 992 1881 De
1044 1826 1315 1880 Ludovico
1363 1825 1463 1880 Pot
1496 1841 1559 1880 ac
1607 1825 1672 1880 de
1714 1824 1829 1893 ejus

253 1917 458 1971 familia
483 1917 746 1972 Andrmas
775 1917 1057 1973 Duchesne
1079 1919 1132 1972 in
1174 1917 1411 1973 llistoria
1438 1918 1828 1976 Montmorenc.

249 2011 344 2065 lib.
378 2027 429 2076 v,
454 2026 574 2080 cap.
599 2013 648 2074 I,
669 2026 788 2081 pag.
818 2011 943 2077 555,
961 2021 1014 2066 et
1041 2011 1092 2065 in
1118 2009 1536 2071 Probationibus
1557 2025 1679 2080 pag.
1702 2009 1830 2074 260,

248 2101 374 2155 Vita
405 2102 646 2172 fungitur
672 2119 760 2156 an.
796 2101 953 2156 1504.

321 2193 782 2250 ΧΙ.’.Ρι’δηείεειιε
825 2193 1026 2250 Sfortia
1077 2194 1254 2259 1501,
1303 2208 1369 2246 ex
1417 2191 1581 2247 nobili
1635 2205 1832 2263 genere

243 2283 643 2339 Sfortianorum
680 2283 958 2350 oriundus,
998 2286 1050 2338 in
1080 2283 1270 2352 Majori
1317 2280 1647 2336 Monasterio
1687 2281 1830 2350 leges

253 2375 586 2428 monasticas
625 2372 850 2441 juravit,
902 2389 965 2426 ac
1011 2371 1234 2440 jubente
1291 2385 1415 2440 rege
1471 2370 1764 2424 Francisco
1812 2369 1830 2423 l

249 2466 429 2521 adhuc
467 2465 685 2534 juvenis
715 2474 797 2519 est
845 2480 874 2518 a
915 2464 1195 2519 monachis
1230 2464 1279 2516 in
1313 2463 1561 2516 abbatem
1603 2461 1826 2516 electus.

245 2556 358 2612 Sed
388 2566 573 2611 contra
601 2556 972 2612 ecclesiastica
999 2564 1267 2625 prrecepta
1305 2554 1581 2608 venationi
1609 2569 1828 2622 operam

244 2664 370 2703 cum
394 2648 568 2712 daret,
596 2647 648 2701 in
675 2646 904 2712 foveam,
926 2661 1085 2714 quam
1103 2662 1242 2714 equo
1260 2646 1528 2700 concitato
1555 2646 1828 2700 transilire

246 2737 528 2806 cupiebat,
566 2737 884 2806 prolabitur.
927 2735 1028 2801 Qui
1074 2735 1310 2804 pondere
1356 2736 1479 2804 equi
1537 2750 1829 2804 Oppressus

247 2829 597 2898 graviterque
643 2829 919 2883 sauciatus
971 2828 1166 2894 rediit,
1223 2841 1284 2882 ac
1326 2836 1600 2896 postremo
1649 2842 1680 2882 e
1718 2828 1826 2882 vita

247 2920 482 2975 decessit
512 2935 601 2973 an.
637 2919 770 2974 1511

324 3011 454 3064 XLI.
491 3010 772 3066 Matthaeus
795 3009 1044 3065 Galterus
1083 3008 1364 3081 (Gaultier)
1403 3010 1558 3064 1511.
1599 3009 1817 3080 Majoris

248 3103 560 3160 Monasterii
591 3102 890 3165 etenobita,
919 3111 974 3156 et
1006 3102 1196 3156 doctor
1231 3101 1512 3173 theologus
1543 3103 1822 3158 societatis
1849 3142 1896 3206 ο

249 3198 439 3252 domus
472 3194 802 3249 Sorbonicw.
857 3195 1100 3262 Impense
1135 3193 1187 3246 in
1233 3193 1287 3245 Β.
1320 3194 1550 3258 Annam,
1592 3193 1685 3247 Dei
1720 3193 1825 3249 Ge-

229 3283 462 3338 ‘nitricis
510 3293 763 3346 matrem,
813 3291 929 3338 erat
980 3281 1234 3348 aIchtus;
1289 3297 1458 3351 quare
1513 3283 1580 3337 ab
1635 3284 1827 3339 abbate

249 3372 310 3426 S.
343 3371 600 3427 Florentii
641 3372 879 3427 Salmur.
925 3374 1228 3443 portionem
1271 3372 1464 3442 capitis
1491 3372 1634 3428 illius
1663 3375 1827 3442 (quod

250 3465 515 3526 asservari
544 3464 724 3520 ferunt
765 3464 817 3518 in
854 3465 1096 3534 prioratu
1125 3466 1190 3520 de
1231 3463 1380 3537 Caya
1413 3464 1664 3520 direcesis
1697 3465 1829 3520 Tre-

250 3555 449 3620 ceusis,
487 3556 552 3609 ah
585 3557 686 3610 hoc
719 3555 838 3626 ipso
872 3555 1120 3610 cmuobio
1163 3554 1449 3625 pendente)
1490 3555 1742 3609 obtinuit.
1771 3556 1826 3609 In

249 3644 442 3707 litteris
472 3645 611 3700 1550
640 3647 704 3701 de
737 3645 985 3700 Prioratu
1020 3654 1224 3715 septem
1264 3645 1655 3700 Durmicntium
1697 3647 1827 3700 Mat-

249 3737 423 3792 thaeus
455 3739 622 3792 abbas
654 3738 939 3807 episcopus
978 3737 1326 3806 Nigroponlis
1354 3741 1655 3792 denotatur.
1693 3737 1826 3793 Per-

249 3827 477 3879 mutavit
519 3827 788 3881 abbatiam
829 3841 950 3880 cum
991 3824 1237 3896 Philippo
1277 3825 1524 3907 llurault,
1559 3841 1657 3896 pro
1693 3827 1828 3881 Bur-

247 3916 474 3986 gulieusi
525 3917 577 3970 in
618 3918 893 3972 territorio
932 3917 1324 3987 Andegavensi.
1359 3915 1595 3972 Matthazi
1638 3932 1823 3988 nepos,

249 4007 468 4076 Majoris
497 4007 807 4064 Monasterii
832 4011 1112 4081 presbyter
1141 4018 1343 4078 asceta,
1370 4023 1433 4064 ac
1462 4010 1646 4065 doctor
1677 4011 1828 4065 theo-

249 4099 423 4170 logus,
450 4101 719 4157 Adrianus
744 4101 996 4157 Galtcrus
1031 4103 1269 4167 nomine,
1294 4113 1484 4156 auctor
1511 4103 1713 4172 operis,
1739 4104 1822 4158 cui

249 4191 459 4258 titulus,
495 4210 510 4242 ι
551 4191 936 4261 [Εαυῆὢτίιιιιι
979 4193 1237 4246 virtutum
1288 4192 1346 4245 Β.
1386 4191 1532 4246 Petri
1575 4193 1823 4262 apostoli,

246 4291 303 4337 et
335 4284 508 4338 sancti
533 4283 746 4338 Martini
784 4303 802 4336 ι

317 4375 474 4430 XLII.
521 4375 800 4445 Philippus
846 4374 1075 4430 Hurault
1122 4375 1278 4429 1556.
1330 4373 1446 4430 Non
1491 4375 1580 4428 diu
1630 4375 1823 4444 pedum

1936 544 2111 609 rebat,
2143 545 2427 600 excidebat
2469 545 2631 601 silvas
2651 585 2664 611 ,
2695 554 2748 601 et
2777 547 3036 617 quidquid
3077 550 3127 603 in
3161 567 3234 605 tes
3261 555 3508 608 converti

1934 649 2170 710 poterat,
2200 639 2466 695 conﬂabat
2492 655 2558 696 ex
2594 656 2660 696 eo
2686 655 2972 706 nummos;
3009 642 3219 712 aliaque
3260 646 3509 713 patravit,

1933 748 2053 803 qua:
2077 742 2203 787 sunt
2223 742 2426 788 aeterno
2451 733 2666 788 silentio
2686 732 3063 789 oblitteranda.
3091 735 3318 790 Mortem
3342 752 3506 805 oppe-

1935 827 2066 880 tisse
2096 826 2274 881 ferunt
2292 841 2434 880 anno
2461 825 2615 893 I555,
2636 837 2793 896 atque
2813 827 3077 897 sepultum
3097 829 3233 898 apud
3251 827 3520 884 Sanctum.

1933 917 2263 972 Germanum
2304 917 2356 969 in
2393 916 2556 987 Laya.

2003 1007 2189 1062 XLIV.
2267 1007 2492 1063 Carolus
2555 1008 2850 1064 cardinalis
2907 1023 2936 1062 a
3000 1009 3349 1080 Lotharingia
3391 1010 3507 1074 ,tit.

1933 1097 1992 1152 S.
2038 1097 2385 1166 Apollinaris,
2439 1112 2608 1168 nepos
2650 1097 2896 1162 Joannis,
2950 1097 3107 1162 I555,
3162 1098 3240 1152 vel
3287 1108 3345 1152 ut
3391 1099 3507 1153 aliis

1931 1188 2109 1257 placet
2147 1187 2303 1243 I550.
2353 1188 2408 1242 In
2463 1186 2716 1243 Comitiis
2765 1186 3107 1258 generalibus
3159 1197 3360 1243 statuta
3412 1203 3508 1258 pro

1932 1278 2273 1333 scholasticis
2319 1277 2529 1348 collegii
2587 1277 2801 1348 Majoris
2830 1276 3136 1333 Monasterii
3192 1276 3508 1333 Parisiensis

1933 1387 2022 1425 an.
2066 1370 2202 1425 1552
2231 1370 2386 1424 condi
2410 1368 2594 1437 jussit.

2005 1461 2163 1517 XLV.
2214 1462 2451 1518 Joannes
2481 1463 2547 1516 de
2590 1462 2636 1515 la
2676 1461 3123 1517 Rochefoucault.
3159 1460 3341 1516 Abbas
3381 1461 3510 1517 item

1931 1554 2295 1620 Cormcriaci,
2348 1569 2412 1609 ac
2459 1552 2872 1624 Villelupensis;
2929 1553 3256 1608 musicorum
3306 1553 3510 1622 pariter

1932 1646 2067 1702 aulae
2097 1646 2255 1716 regia:
2282 1644 2590 1716 prteIectus.
2619 1644 2993 1698 Juramentum
3020 1643 3292 1698 ﬁdelitatis
3317 1643 3512 1697 Carolo

1931 1752 2074 1792 nono
2114 1736 2310 1791 Franc.
2357 1736 2468 1806 regi
2511 1744 2732 1806 praestat
2774 1733 2932 1800 1566,
2969 1750 2996 1787 a
3037 1748 3144 1802 quo
3178 1741 3231 1787 et
3269 1731 3510 1786 tutelaris

1934 1829 2168 1898 przcsidii
2217 1827 2453 1898 diploma
2513 1843 2641 1882 ann.
2692 1827 2831 1882 1568
2891 1825 3218 1897 impetravit.
3277 1823 3507 1878 Joannes

1935 1923 2103 1976 abbas
2129 1921 2368 1992 probata:
2392 1921 2513 1976 vita:
2544 1920 2662 1974 fuit.
2699 1919 2918 1974 Solebat
2949 1920 2998 1972 in
3027 1916 3509 1986 Majori-Monastc-

1933 2013 2014 2068 rio
2043 2029 2152 2078 non
2187 2014 2488 2069 monachus
2522 2028 2640 2067 cum
2673 2012 2954 2067 monachis
2995 2011 3244 2080 religiose
3283 2009 3509 2063 versari.

1933 2103 2099 2157 Multa
2122 2104 2351 2158 contulit
2381 2102 2674 2168 beneficia;
2705 2104 2830 2157 totis
2851 2103 2992 2156 enim
3016 2101 3220 2155 viribus
3247 2110 3301 2156 et
3330 2100 3512 2153 animo

1932 2189 2418 2256 incumbebatPut
2464 2191 2652 2262 Majori
2690 2191 3019 2246 Monasterio
3069 2189 3214 2243 illata
3246 2205 3273 2242 a
3323 2189 3510 2253 fratre,

1931 2283 2169 2352 pessimo
2198 2283 2477 2347 haeretica,
2509 2284 2702 2337 damna
2733 2283 3050 2336 resarciret.
3089 2280 3210 2348 Qui,
3239 2294 3427 2348 nempe
3445 2279 3510 2332 ad

1932 2374 2188 2444 pietatem
2237 2389 2301 2428 ac
2350 2374 2778 2429 misericordiam
2830 2373 3116 2427 admodum
3179 2385 3509 2440 propensus,

1932 2479 2120 2519 sacras
2144 2474 2319 2519 vestes
2352 2464 2604 2520 Ecclesiae
2635 2473 2692 2518 et
2711 2463 2924 2518 codices
2951 2461 3133 2516 divino
3161 2459 3324 2540 cultui
3358 2468 3510 2527 aptos

1931 2556 2159 2610 contulit
2209 2555 2440 2610 abunde.
2487 2554 2758 2625 Quidquid
2803 2553 3072 2624 religiosis
3118 2552 3206 2606 die
3244 2560 3509 2620 noctuque

1932 2646 2046 2702 Deo
2077 2647 2464 2701 famulantibus
2507 2655 2626 2700 erat
2671 2644 3035 2700 necessarium
3075 2652 3299 2714 paterae
3329 2642 3509 2712 provi-

1930 2739 2087 2794 debat
2118 2737 2619 2808 suppeditabatque.

2003 2831 2613 2900 Egenorum-przeterea
2650 2837 2704 2882 et
2752 2828 2953 2883 morbis
3012 2827 3237 2895 aliisque
3278 2823 3513 2879 miseriis

1931 2920 2337 2984 aIIlictatorum,
2376 2935 2482 2972 non
2527 2927 2732 2973 tantum
2781 2919 3015 2988 inopiam
3052 2917 3237 2972 elfusis
3279 2915 3511 2970 eleemo-

1931 3013 2103 3082 synis,
2138 3025 2200 3063 ac
2229 3009 2600 3064 beneﬁcentiis
2632 3009 2977 3073 sublevabat,
3015 3009 3109 3062 sed
3138 3017 3192 3061 et
3231 3007 3512 3061 recreabat

1932 3107 2045 3172 ipse
2071 3118 2165 3157 sua
2201 3103 2508 3172 praesentia.
2549 3101 2787 3156 Tandem
2811 3101 2914 3170 piis
2947 3101 2996 3154 id
3031 3115 3200 3168 genus
3237 3098 3511 3152 exercitiis

1932 3195 2067 3249 dans
2095 3207 2336 3262 operam,
2376 3192 2515 3262 apud
2553 3190 2790 3246 Verteuil
2832 3193 2885 3246 in
2925 3191 3314 3261 Engolismcnsi
3353 3205 3508 3259 pago,

1931 3286 2093 3357 596
2111 3285 2309 3340 cIIlavit
2332 3285 2566 3339 animam
2591 3301 2680 3338 an.
2710 3285 2866 3339 1585.
2891 3285 3065 3352 Atque
3089 3283 3292 3336 utinam
3310 3279 3511 3350 posteri

1930 3377 2154 3434 abbates
2181 3376 2627 3432 commendatarii
2658 3375 2776 3444 ejus
2804 3381 3227 3446 assequerentur
3265 3369 3508 3431 semitas,

1930 3469 2172 3540 vestigiis
2200 3469 2566 3524 inhaererent!

1999 3561 2183 3616 XLVI.
2227 3560 2383 3614 Anno
2411 3560 2547 3615 I583
2569 3559 2803 3616 Jacobus
2843 3557 3148 3629 d‘Apurilli',
3197 3557 3280 3609 vir
3308 3554 3510 3609 inﬁma:

1929 3653 2278 3718 conditionis,
2310 3653 2452 3707 (ilius
2483 3652 2687 3708 lictoris
2715 3649 3142 3710 Aurelianensis.
3173 3649 3314 3702 dono
3341 3646 3510 3700 Fran—

1929 3747 2059 3803 cisci
2099 3745 2296 3800 Valesii
2338 3745 2746 3800 Aurelianensis
2780 3743 2953 3808 ducis,
2993 3752 3097 3796 etc.
3132 3740 3331 3795 Verum
3371 3738 3511 3792 duce

1929 3837 2222 3893 Francisco
2260 3851 2290 3890 e
2337 3835 2474 3888 vivis
2517 3835 2756 3898 sublato,
2794 3832 3028 3888 Iacobus
3075 3847 3172 3885 suo
3218 3830 3511 3884 destitutus

1928 3926 2202 3998 prtesidio,
2234 3940 2333 3980 nec
2357 3940 2476 3980 eam
2501 3925 2818 3995 dignitatem
2860 3925 3133 3979 sustinere
3163 3923 3345 3978 valens
3367 3962 3381 3985 ,
3413 3921 3509 3975 ab-

1927 4019 2129 4074 batiam
2153 4016 2415 4073 cardinali
2437 4015 2732 4070 Francisco
2745 4015 2809 4070 de
2823 4014 3051 4086 .oneuse
3066 4011 3381 4083 resignavit,
3401 4020 3506 4066 etc.

1927 4111 2052 4167 Haec
2085 4111 2274 4166 doctor
2310 4109 2590 4178 theologus
2631 4108 2865 4164 Jacobus
2919 4107 3251 4176 d‘lIuysscau
3290 4102 3508 4171 Majoris

1929 4202 2242 4258 Monasterii
2269 4200 2535 4256 emnobita
2567 4217 2798 4256 comvus.

1999 4293 2203 4348 XLVII.
2232 4293 2556 4346 Franciscus
2587 4293 2650 4346 de
2679 4290 2908 4360 .oncuse
2934 4287 3224 4342 cardinalis
3253 4284 3406 4339 1584.

1999 4384 2226 4440 XLVIII.
2257 4383 2484 4438 Carolus
2513 4399 2542 4436 a
2577 4382 2845 4435 Borbonio
2875 4380 3005 4434 obiit
3040 4379 3194 4434 1610.

246 4465 413 4535 gessit
436 4466 570 4534 ipse,
597 4465 687 4534 qui
721 4473 1025 4534 postremus
1046 4472 1130 4518 est
1152 4464 1432 4527 abbatum,
1459 4463 1572 4518 sive
1602 4473 1812 4532 patrum

1991 4474 2174 4528 XLIX.
2209 4475 2563 4530 Sebastianus
2597 4472 2806 4542 Galigai
2851 4471 3293 4540 archiepiscopus
3334 4468 3524 4523 Turo-.

247 4556 660 4623 monachorum,
715 4557 883 4610 vitam
943 4555 1243 4625 religiosam
1285 4554 1580 4623 professus.
1632 4555 1823 4609 Praesi-

246 4646 403 4700 debat
443 4646 580 4701 1558
619 4645 866 4714 Capitulo
901 4645 1135 4715 generali
1184 4646 1234 4698 in
1275 4645 1459 4715 Majori
1496 4645 1823 4699 Monasterio

245 4735 334 4789 die
385 4735 450 4788 17
508 4735 710 4790 mensis
765 4736 964 4805 Aprilis
1015 4735 1302 4791 celebrato.
1333 4737 1479 4791 Obiit
1523 4752 1612 4790 an.
1664 4737 1819 4792 1559.

246 4826 499 4896 Sepultus
519 4826 664 4897 jacet
686 4828 906 4883 Parisiis
931 4830 981 4882 in
1007 4829 1234 4884 ecclesia
1266 4829 1769 4886 Albimantellorum
1799 4850 1810 4883 :

245 4916 400 4985 cujus
435 4916 717 4988 inscriptio
747 4918 1061 4988 sepulcralis
1099 4919 1152 4972 in
1193 4934 1469 4975 marmore
1513 4921 1667 4992 nigro
1707 4922 1821 4974 lucc

243 5015 330 5062 est
360 5025 374 5060 :

317 5111 557 5150 PIIILII'PE
595 5113 843 5152 IIURAULT
882 5103 1010 5151 ΛΒΒΙ-’Σ
1050 5113 1115 5150 DE
1150 5113 1549 5163 MABHONSTIER,
1589 5115 1751 5152 1501R-

315 5175 492 5249 omae,
519 5172 675 5240 ετύε
698 5203 883 5241 suum
905 5203 1123 5240 arcens
1145 5189 1419 5253 n‘axcsus,
1439 5204 1524 5250 om
1550 5204 1748 5241 necum

317 5294 380 5330 LE
417 5294 487 5332 XII
530 5293 808 5333 NOVENBRE
855 5295 910 5330 Μ.
962 5295 1015 5332 Ι).
1070 5295 1232 5333 XXXIX
1275 5296 1370 5335 EST
1406 5296 1484 5334 Ιοῗ
1527 5296 1750 5336 DESSOUS

316 5374 587 5422 eatenus.

678 5460 900 5514 Abbates
934 5463 1381 5516 commendatarii.

321 5549 498 5604 XLIII.
530 5551 768 5609 Joannes
809 5554 1098 5610 cardinalis
1126 5571 1154 5608 a
1194 5554 1565 5627 Lotharingia,
1615 5558 1819 5626 primus

247 5646 417 5699 abbas
438 5637 950 5710 conmtcndatarius,
973 5645 1062 5712 qui
1096 5647 1460 5714 pessumdedit
1486 5663 1674 5702 omnes
1695 5664 1817 5710 pro-

247 5738 532 5805 pemodum
567 5735 780 5804 Majoris
813 5737 1118 5794 Monasterii
1161 5741 1531 5808 possessiones
1559 5750 1611 5796 ct
1647 5742 1813 5796 I'acul-

1927 4567 2111 4621 nensis
2141 4565 2295 4619 1610.

1998 4657 2056 4710 L.
2087 4655 2393 4710 Alexander
2415 4671 2580 4725 eques
2609 4654 3024 4710 Vindociuensis
3050 4651 3202 4707 1617.

1993 4747 2076 4801 LI.
2115 4747 2305 4802 Petrus
2337 4748 2624 4803 cardinalis
2659 4746 2726 4802 de
2757 4745 2969 4801 Bérule.

1949 4849 1955 4856 '
1995 4839 2100 4894 LII.
2124 4840 2361 4896 Ioannes
2401 4840 2723 4904 Armandus,
2758 4838 3051 4894 cardinalis
3097 4839 3160 4891 de
3194 4836 3498 4899 llichelieu;

1925 4928 2076 4994 cujus
2122 4930 2379 4999 auspiciis
2429 4929 2722 4981 instaurata
2772 4938 2856 4983 est
2901 4928 3099 4998 regula:
3145 4926 3503 4980 Benedictinze

1924 5021 2162 5088 perfecta
2194 5020 2472 5090 disciplina
2502 5035 2595 5087 per
2629 5017 2818 5074 Patres
2844 5017 3280 5089 congregationis
3316 5016 3501 5070 Sancti

1924 5110 2112 5164 Mauri.
2141 5111 2288 5165 Obiit
2316 5109 2472 5174 1612,
2494 5110 2525 5163 4
2549 5110 2799 5165 Decemb.

1996 5201 2121 5255 LIII.
2157 5203 2457 5256 Amadorus
2485 5191 2718 5256 Joannes
2749 5202 2875 5270 Bap.
2910 5202 2976 5255 de
3005 5200 3284 5270 Vignerot.

1993 5291 2082 5360 (δ’)
2130 5290 2283 5346 CAP.
2344 5292 2411 5346 X.
2462 5323 2530 5330 —
2581 5292 2764 5346 Simon
2823 5292 2960 5344 enim
3013 5292 3248 5360 quidam.
3308 5289 3499 5345 Comes

1921 5383 2311 5453 Crespeiensis.
2371 5382 2538 5450 Hujus
2586 5382 2761 5437 Vitam
2809 5384 2876 5438 ab
2929 5393 3150 5438 auctore
3195 5383 3500 5452 synchrono

1923 5483 2231 5538 exaratam,
2261 5475 2522 5529 hactenus
2555 5474 2608 5528 in
2638 5474 2966 5530 monasterio
2992 5473 3292 5541 Ursicampi
3331 5489 3498 5543 prope

1921 5562 2323 5628 Noviodunum,
2384 5565 2814 5634 congregationis
2861 5563 3238 5620 Cisterciensis
3288 5566 3496 5620 ordinis

1921 5653 2104 5708 Sancti
2149 5654 2416 5708 Benedicti
2456 5656 2708 5709 latentem
2748 5656 3100 5726 evulgamuso;
3144 5655 3316 5710 locum
3355 5657 3495 5710 obti-

1920 5756 2010 5802 nct
2036 5748 2087 5801 in
2120 5746 2510 5802 Additamentis
2538 5748 2788 5817 operibus
2827 5747 3072 5804 Guiberti
3110 5749 3298 5803 nostri.
3333 5749 3487 5801 Insu-
