4018 6324
575 303 710 359 Ιοῖθ
1448 302 1536 353 AD
1563 300 1709 356 OPP.
1739 298 1890 352 VEN.
1919 296 2240 354 GUIBERTI
2274 297 2359 352 BE
2396 297 2790 354 NOVIGENTO
3656 308 3766 368 Iaso

570 425 668 482 per
697 425 762 468 ex
804 409 1060 465 chronico
1106 404 1364 462 Besuensi
1415 420 1517 459 ms.
1565 421 1875 475 pericopen,
1924 414 1982 457 ut
2007 413 2138 474 puta
2169 409 2214 466 Α
2248 407 2300 456 in
2345 409 2595 474 spelunca
2644 404 2839 474 duplici
2878 405 3144 461 collocare
3187 406 3321 472 feci,
3366 419 3421 462 ut
3463 410 3636 470 melius
3655 429 3765 488 apud

572 501 712 556 lectu
751 517 858 556 non
900 499 1194 568 indignam,
1228 504 1281 551 et
1317 497 1384 552 ah
1421 497 1687 571 scriptore
1716 496 1847 552 Viue
1875 498 1934 552 Β.
1967 496 2142 554 Simo-
2247 493 2439 560 Deum,
2470 495 2717 549 etnndem
2748 495 3214 568 archiepiscopum
3242 507 3296 554 et
3321 511 3624 570 martyrem,
3650 508 3767 563 vide-

571 594 655 646 nis
685 594 881 662 partim
913 591 1056 645 haud
1093 588 1308 658 scriptis
1343 577 1655 657 consignata
1698 590 2140 659 complectentem
2247 585 2371 639 licet
2423 585 2637 640 beatqu
2681 586 3342 655 Aruulfum,-habeamus
3389 607 3484 660 pro
3531 595 3769 654 animabus

570 695 863 750 excerpere
917 681 1090 736 visum
1131 688 1232 734 est.
1291 679 1459 748 Igitur
1506 680 1558 732 iu
1617 673 1894 748 Stephano
1948 679 2143 750 abbate
2245 678 2448 734 nostris
2474 678 2921 745 intercessorem;
2957 681 3131 736 eidem
3163 682 3402 737 ecclesia:
3431 699 3524 752 per
3554 689 3769 743 annulum

571 770 824 832 Bcsucusi
857 789 868 823 :
900 787 917 820 ι
964 770 1019 823 ln
1063 770 1252 832 diebus
1287 770 1393 824 illis
1433 771 1648 825 vocavit
1689 786 1922 840 sponsus
1969 774 2036 828 ad
2084 789 2144 829 se
2245 782 2466 821 aureum
2500 776 2668 822 totam
2705 778 2904 824 terram
2933 771 3000 824 de
3033 771 3323 836 Bonoeulo,
3358 787 3514 840 quam
3553 774 3772 833 hactenus

571 876 820 930 sponsam
849 877 997 920 suam
1021 861 1559 930 Christus,videlicet
1580 863 2088 932 Ecclesium,venire
2110 882 2141 921 a
2245 857 2296 912 in
2320 858 2558 913 (Ιοηιίηίο
2587 859 2872 927 habebam.
2903 875 3024 915 cum
3053 861 3229 916 εθτνῖε
3262 870 3316 915 ει
3341 862 3580 916 omnibus
3604 879 3768 933 πψρρη-

568 952 836 1010 euhilibus
885 954 1124 1022 leonum,
1165 963 1219 1008 et
1245 955 1515 1010 montibus
1567 955 1944 1027 leopardorum
1969 997 1986 1024 ,
2045 974 2143 1028 per
2245 946 2398 1001 diciis
2425 947 2536 1001 suis
2559 949 2817 1013 concedo,
2852 958 2957 1003 etc.
2994 950 3186 1004 Actum
3214 950 3566 1020 Crispiacensi
3593 955 3774 1008 castello

568 1053 804 1098 montem
856 1046 1089 1114 myrrhae
1137 1055 1193 1100 et
1239 1045 1403 1101 colles
1447 1046 1632 1102 libani.
1682 1046 1961 1118 Principes
1997 1049 2138 1106 enim
2245 1038 2624 1108 κιΚθι-Αιπῖι-
2655 1041 3770 1112 anolncarnat-1077.indiclo“aemuli.

568 1133 658 1212 qui
699 1135 849 1204 prius
897 1134 1110 1191 fuerant
1135 1137 1341 1193 similes
1380 1137 1624 1194 leonibus
1659 1149 1878 1208 propter
1909 1141 2142 1196 crudeli—
2243 1140 2490 1182 εοηοιιπι
2525 1144 2597 1195 νιν
2632 1138 2888 1200 regnante
2915 1130 3160 1201 ΡΙΙῙΠΡΡΟ
3190 1148 3314 1200 ΐυὲε
3340 1131 3672 1195 Francorum-

569 1233 731 1280 tatem
763 1235 818 1280 et
854 1236 1114 1297 terrorem
1135 1267 1150 1290 ,
1183 1237 1238 1284 et
1269 1229 1535 1298 leopardis
1560 1237 1780 1299 propter
1799 1231 2139 1302 diversarum
2317 1237 2335 1269 ι
2369 1217 2591 1289 εῑεηιιηι
2616 1219 2843 1289 Philippi
2875 1222 3035 1291 regis:
3075 1242 3094 1275 ³
3122 1232 3227 1278 ειε-

566 1316 911 1387 iniquitatum
960 1321 1305 1385 varietatem;
1363 1322 1656 1391 hysopina,
1701 1322 1887 1377 humili
1938 1323 2143 1380 scilicet

2311 1305 2387 1361 lla
2428 1307 2801 1365 Chartularius
2839 1309 3227 1382 Crespeiensis.
3263 1312 3393 1380 Quae
3428 1329 3554 1370 vero
3579 1318 3778 1386 sequitur

568 1409 910 1468 confessione
939 1412 1200 1476 mundati,
1233 1425 1328 1481 per
1358 1414 1634 1481 myrrham
1671 1415 2140 1470 mortificationum

2243 1396 2482 1454 Simonis
2534 1401 2749 1456 comitis
2799 1403 3025 1472 epistola
3062 1405 3128 1459 ad
3160 1406 3374 1460 beatum
3419 1405 3776 1480 Hugouempa-

569 1502 800 1574 ραῃαοιεθ
827 1510 949 1556 sum
975 1518 1140 1572 super
1167 1503 1343 1559 nivem
1371 1504 1622 1560 dealbali,
1660 1525 1677 1556 ,
2241 1491 2346 1546 lam
2387 1491 2516 1548 facit
2541 1497 2786 1551 eamdem
2819 1496 3004 1553 Sancti
3045 1501 3252 1554 Arnulfi
3299 1500 3567 1556 abbaliam
3605 1503 3812 1560 Clunia-‘

642 1612 665 1658 ι¹
716 1593 918 1648 Horum
979 1605 1186 1652 autem'
1210 1597 1418 1652 exstitit
1458 1606 1620 1667 caput
1659 1606 1714 1654 et
1769 1598 1877 1653 dux
1921 1599 2138 1668 quidam
2242 1584 2494 1639 (εθυδίυυε
2523 1584 2990 1643 Ῑυίεεθῑηάῖιωηι

565 1699 744 1740 eomes
802 1685 1130 1743 Francorum
1192 1687 1556 1744 nobilissimus
1582 1729 1597 1755 ,
1639 1689 1827 1745 Simon
1886 1692 2135 1759 nomine,
2173 1753 2208 1759 _
2321 1695 2338 1727 ‘
2376 1677 2694 1734 venerando
2726 1668 2906 1736 abba“
2936 1680 3143 1752 ιιιιεοιιί
3170 1691 3223 1737 ει
3251 1684 3398 1737 ("Mli
3428 1687 3783 1758 οοηῧιέἕίιῑίοιιὶ

563 1776 830 1846 Boilulphi
860 1779 1075 1834 comitis
1105 1778 1244 1851 [περ.
1287 1780 1473 1852 filius].
1505 1753 1605 1836 llic
1643 1781 1823 1835 divina
1861 1753 2140 1852 respectus

2193 1753 2214 1808 ³
2240 1769 2608 1829 Cluniacensis
2628 1775 2882 1840 ctenohii,
2912 1774 3094 1830 Simon
3128 1791 3332 1842 eomes,
3371 1774 3577 1831 Vestra:
3612 1782 3780 1834 sancti-

564 1868 958 1936 miserieordia,
991 1872 1247 1926 mundum
1283 1872 1577 1942 fugientem
1603 1874 1757 1943 fugit,
1783 1883 1836 1928 et
1864 1873 2139 1930 Christum
2244 1863 2368 1916 ιίηίε
2407 1866 2678 1930 εθτνυῑιιε,
2706 1866 2950 1920 ειὶιυιθιῐι·
2985 1885 3006 1920 ι

562 1970 852 2018 vocantem
881 1977 936 2017 se
974 1972 1190 2018 secutus
1217 1974 1322 2018 est.
1360 1963 1594 2032 Expetiit
1627 1972 1806 2019 autem
1833 1963 2139 2020 emnobium

2312 1951 2472 2024 597
2502 1973 2520 2005 ι
2553 1953 2746 2010 Notum
2793 1957 2862 2010 sit
2904 1965 3099 2011 vestrae
3125 1955 3476 2023 Celsitudini,
3514 1959 3781 2017 beatissime

562 2053 736 2117 sancti
785 2053 1026 2124 Eugendi
1073 2054 1347 2119 Jurensis,
1395 2054 1467 2108 ibi
1506 2054 1724 2111 Christo
1767 2070 1826 2110 se
1868 2054 2143 2112 sacrifiea-
2241 2044 2424 2111 Ρειιθν,
2465 2061 2550 2101 me
2588 2047 2872 2117 Plus‘l'mm
2917 2064 3106 2103 Omnes
3145 2049 3394 2104 humines
3427 2051 3481 2104 Ῐη
3533 2067 3682 2107 came
3719 2055 3784 2124 νίῆ

563 2151 736 2199 turus.
777 2143 1122 2199 Praemiserat
1148 2154 1274 2200 ante
1303 2159 1362 2200 se
1391 2146 1527 2201 duos
1555 2144 1945 2210 illustiﬁsimos
1973 2146 2138 2211 viros,
2241 2145 2429 2192 νεηιὲε
2469 2137 2522 2191 in
2574 2138 2744 2192 Deum
2776 2138 3021 2208 diligere:
3053 2149 3215 2208 ειιίιιυξ
3243 2139 3547 2210 Prom—"um
3573 2153 3622 2197 ει
3649 2144 3786 2199 hono-

561 2233 818 2290 domnum
855 2237 1222 2306 Rodulphum,
1255 2247 1311 2291 et
1344 2237 1598 2291 domuum
1645 2237 2012 2302 Franconem;
2051 2252 2138 2291 se-

2244 2243 2354 2282 rem
2411 2236 2651 2284 vestrum
2695 2229 2746 2283 in
2773 2239 3040 2301 quantum
3082 2232 3238 2286 valeo
3266 2247 3535 2300 quaerere.
3577 2234 3785 2291 Com-edo

563 2338 685 2384 cum
722 2340 852 2380 vero
871 2325 1046 2386 ,duxit-
1078 2328 1334 2381 domuum
1375 2327 1689 2392 Robertum,
1733 2328 1990 2381 domuum
2039 2327 2140 2380 Ar—
2244 2321 2421 2390 ilaque
2444 2323 2594 2378 vobis
2619 2332 2673 2377 et
2709 2326 2959 2380 omnibus
2993 2328 3407 2382 successoribus
3441 2334 3631 2386 vestris
3653 2334 3784 2385 abba-

563 2412 822 2483 nulphum
853 2454 867 2476 ,
922 2425 976 2469 et
1033 2416 1290 2476 domuum
1343 2417 1678 2472 Varnerium.
1737 2416 1798 2476 lli
1845 2432 2033 2471 omnes
2085 2427 2140 2471 et
2245 2411 2370 2467 tiam
2402 2413 2572 2467 sancti
2598 2414 2884 2482 Arnulphi,
2915 2431 3034 2484 qua:
3056 2425 3370 2472 constructa
3398 2421 3784 2488 estiucastello,

561 2505 861 2560 secundum
912 2521 1080 2574 genus
1131 2506 1311 2562 sreculi
1362 2507 1687 2572 clarissimi,
1739 2516 1794 2562 et
1845 2508 2138 2562 secundum

2242 2505 2330 2574 qui
2368 2514 2590 2559 vocatur
2619 2504 2825 2576 Crispi;
2858 2515 2914 2560 ut
2938 2509 3160 2562 omnino
3187 2509 3433 2575 subjecta
3466 2513 3537 2566 sit
3558 2514 3787 2576 vobismt

562 2595 734 2651 Deum
765 2597 1110 2666 nobilissimi,
1143 2609 1327 2670 postea
1359 2615 1416 2654 se
1446 2600 1816 2655 holocaustum
1845 2600 1956 2658 Deo
1989 2601 2142 2657 obtu-
2243 2592 2313 2646 ibi
2379 2593 2628 2648 ειὺδίιιθῐη
2693 2595 2760 2650 de
2835 2597 3031 2650 νεειτίδ
3098 2599 3376 2653 ιηοηίιοιὶῖε
3434 2600 3657 2670 ε¹Ῐ8³ιῘεν
3713 2605 3782 2670 ιιιιί

561 2685 762 2762 lerunt.
2242 2683 2534 2738 secundum
2579 2685 2769 2750 Deum,
2806 2684 3173 2742 etsecundum
3229 2691 3478 2759 regulam
3530 2692 3660 2746 beati
3703 2693 3780 2746 3::-

641 2797 658 2829 r
693 2779 826 2834 Erat
864 2780 1039 2836 adhuc
1075 2780 1304 2838 domnus
1345 2780 1670 2852 Stephanus,
1721 2783 1786 2837 de
1833 2799 1938 2853 quo
1988 2785 2141 2840 nobis
2242 2777 2462 2840 nedicti,
2491 2777 2616 2831 illud
2669 2780 3056 2832 monasterium
3089 2793 3275 2848 regere
3310 2782 3511 2849 possit.
3543 2782 3664 2838 Volo
3687 2801 3789 2854 ergo

562 2884 767 2936 sermo,
793 2871 1041 2936 tenellus,
1067 2872 1392 2928 militaribus
1416 2881 1623 2928 tantum
1646 2875 1814 2928 armis
1835 2876 2137 2932 decoratus,
2243 2878 2301 2923 ut
2333 2870 2520 2923 sciatis
2541 2885 2626 2924 me
2654 2867 2848 2924 fecisse
2871 2887 2995 2925 eum
3031 2873 3278 2937 consilio,
3310 2882 3363 2927 et
3393 2889 3520 2940 cum
3556 2875 3790 2928 voluntate

565 2960 672 3017 Sed
728 2964 930 3018 saniori
977 2981 1104 3020 usus
1157 2965 1410 3030 consilio,
1461 2982 1598 3030 una,
1655 2967 1764 3022 Deo
1811 2967 2138 3037 inspirante,
2244 2975 2492 3014 meorum
2553 2961 2855 3026 hominum,
2889 2963 3097 3017 scilicet
3134 2962 3444 3031 majorum;
3501 2982 3598 3020 nec
3641 2979 3790 3020 nonut

563 3054 750 3111 Patres
781 3058 914 3112 istos
947 3067 1184 3124 secutus,
1222 3058 1468 3114 saeculari
1509 3058 1691 3116 balteo
1730 3059 2136 3128 abrenuntiatis,
2167 3089 2212 3150 ο
2243 3063 2424 3119 regem
2487 3051 2624 3120 hanc
2665 3065 2786 3104 meo
2845 3050 3134 3119 ἀεβτθίτίηη
3184 3053 3436 3108 ﬁrmasse
3500 3056 3790 3119 Charlulam;

563 3146 870 3222 Christique
918 3149 1098 3220 iugum
1151 3151 1472 3220 suscipiens,
1524 3152 1575 3204 in
1623 3151 1847 3219 praefato
1893 3151 2140 3208 cmnobio
2174 3140 2212 3150 "
2242 3140 2490 3210 Philippo
2532 3142 2785 3196 videlicet
2843 3151 3074 3205 astante.
3134 3151 3188 3198 et
3253 3145 3590 3200 concedente
3644 3145 3789 3198 Ivonc.

564 3241 922 3314 inonachilem
952 3243 1114 3296 vitam
1153 3241 1403 3311 arripuit,
1453 3243 1630 3312 ibique
1669 3242 1769 3306 sub
1807 3241 2003 3296 domno
2032 3242 2141 3296 llu-
2244 3231 2432 3287 Τυειστε
2463 3232 2649 3287 δίπηοη
2697 3232 2926 3303 ἀτερπεῖς
2966 3242 3068 3288 θίο·
3097 3232 3319 3290 Factum
3367 3236 3422 3289 ίιι
3451 3236 3607 3304 domo
3635 3236 3796 3308 5-3“?

565 3333 740 3386 nando
770 3333 968 3388 abbate
1009 3347 1108 3402 per
1139 3332 1325 3386 decem
1371 3347 1543 3386 annos
1587 3347 1645 3386 se
1683 3332 1735 3385 in
1786 3331 1878 3386 Dei
1919 3333 2142 3388 servitio
2243 3325 2337 3380 ria:
2395 3325 2737 3390 Parisiensis,
2797 3326 2885 3380 die
2934 3324 3246 3381 festivitatis
3299 3330 3549 3381 omnium
3604 3329 3793 3384 Sancto-

563 3424 835 3496 mactavit.
871 3423 1072 3478 Deinde
1102 3423 1414 3478 Cluniacum
1453 3424 1699 3493 expetiit,
1737 3443 1756 3477 ι
1792 3433 1899 3478 etc.
2244 3431 2385 3470 rum.

641 3499 924 3571 Alberieus
979 3515 1356 3570 Cisterciensis
1413 3519 1710 3571 monachus
1772 3519 1823 3570 in
1885 3516 2142 3584 chronica
2319 3529 2336 3561 ι
2375 3509 2600 3579 Signum
2625 3508 2853 3578 Philippi
2889 3509 3053 3579 regis.
3090 3529 3108 3559 ι

564 3606 801 3664 nondum
842 3605 987 3662 edito
1025 3606 1332 3660 summatim
1381 3615 1528 3677 gesta
1581 3607 1745 3661 refert
1784 3607 1844 3660 Β.
1879 3607 2139 3670 Simonis,
2316 3600 2440 3656 "mc
2461 3611 2670 3661 veteres
2693 3601 3025 3655 membr-“lum
3049 3599 3461 3663 Cluniacenses.

567 3697 814 3752 videlicet
839 3697 997 3752 anuis
1034 3695 1200 3758 1074,
1235 3697 1370 3751 1076
1417 3707 1471 3752 et
1504 3697 1656 3760 1081,
1698 3699 1791 3753 sed
1831 3699 1954 3767 quia
2012 3698 2143 3752 nihil
2314 3691 2644 3745 Confirmata
2685 3705 2901 3761 quoque
2939 3699 3022 3744 est
3047 3689 3284 3759 praefatae
3325 3691 3584 3747 Ecclesize
3615 3693 3798 3753 donatio

565 3789 858 3860 singulare,
885 3800 1080 3857 prceter
1100 3805 1160 3844 ea
1185 3805 1304 3860 qua:
1325 3789 1377 3845 in
1405 3789 1517 3844 vita
1553 3798 1818 3857 recenset,
1848 3790 2143 3862 regereuda
2245 3797 2273 3836 a
2305 3783 2696 3838 Silvanectcnsi
2751 3781 2990 3836 antistite
3023 3781 3246 3852 Hugone
3287 3799 3302 3836 :
3345 3791 3501 3852 patet
3530 3800 3595 3837 ex
3641 3783 3796 3837 iisdem

559 3891 672 3932 non
701 3877 902 3946 putavi.
2245 3875 2594 3931 membranis.

597 3952 602 3956 ’
636 3968 804 4022 l’orro
830 3976 1007 4023 autem
1047 3969 1301 4037 praeclara
1334 3979 1496 4040 atque
1529 3971 1774 4042 religiosa
1806 3973 1874 4025 ab
1903 3971 2142 4040 Simone,
2317 3967 2404 4038 (³³)
2445 3968 2574 4022 lum.
2607 3997 2674 4008 -—
2701 3967 2806 4032 Qui
2829 3965 3040 4037 quidem
3072 3965 3383 4034 Badttlphus
3407 3983 3567 4036 quam
3595 3963 3795 4028 celebris,

565 4058 692 4111 dum
727 4059 900 4113 adhuc
939 4059 1284 4115 saecularibus
1327 4059 1712 4130 implicaretur,
1755 4073 1872 4118 acta
1912 4079 2146 4120 comme-
2247 4069 2353 4114 etc.
2412 4058 2542 4130 Ejus
2591 4058 2960 4129 genealogiam
3015 4057 3275 4110 describit
3325 4057 3416 4110 lvo
3461 4055 3792 4112 Carnoteusis,

566 4157 780 4206 merant
810 4148 1138 4204 chartulas-ia
1171 4148 1494 4220 Crepeiense
1525 4160 1579 4206 et
1606 4152 1978 4210 Cluniaeense.
2211 4211 2216 4216 ,
2247 4151 2402 4220 epist.
2444 4150 2544 4204 '45.
2579 4169 2600 4200 ο
2626 4149 2897 4226 Perlatum
2949 4155 3032 4202 est
3091 4147 3156 4200 ad
3213 4163 3374 4201 aures
3420 4157 3637 4200 nostras
3682 4143 3796 4212 quod

642 4257 662 4288 ‹
716 4238 772 4292 lu
811 4238 1030 4294 nomine
1061 4249 1262 4294 sancta:
1289 4250 1343 4296 et
1383 4241 1670 4298 individua:
1698 4243 2006 4310 Trinitatis,
2037 4256 2142 4302 etc.
2247 4243 2590 4303 Mellenlinus
2639 4257 2822 4298 comes
2879 4241 3079 4295 ducere
3138 4239 3267 4294 velit
3299 4241 3351 4294 in
3407 4255 3632 4312 uxorem
3663 4238 3794 4291 filiam

566 4326 754 4384 Omnis
800 4329 888 4397 qui
928 4329 1272 4398 semetipsum
1324 4330 1575 4402 intelligit
1621 4333 1892 4389 hominem
1938 4335 2146 4392 duabus
2251 4334 2491 4402 llugonis
2543 4333 2917 4402 Crespeiensis
2978 4331 3208 4393 comitis,
3264 4339 3371 4385 etc.
3402 4330 3606 4384 [lorum
3649 4338 3796 4382 autem

567 4417 800 4480 naturis,
828 4418 1004 4471 anima
1029 4417 1285 4474 videlicet
1306 4421 1552 4475 rationali
1576 4431 1630 4476 et
1651 4437 1877 4492 corpore
1899 4435 2147 4481 constare
2179 4426 2224 4485 D
2254 4424 2588 4493 sanguiuitas
2633 4437 2735 4477 nec
2793 4423 2975 4490 ignota
3021 4429 3124 4484 est,
3172 4435 3271 4474 nec
3310 4429 3543 4488 remota,
3579 4422 3708 4473 sicut
3741 4429 3797 4471 te-

569 4510 877 4578 eoguoseit,
911 4521 1017 4566 etc.
1049 4498 1406 4583 'Quapmpter
1444 4528 1543 4580 ego
1573 4513 1759 4590 Simon
1806 4532 1987 4572 comes
2016 4517 2146 4574 Cre-
2250 4526 2484 4580 stantur,
2519 4525 2573 4569 et
2627 4517 2855 4584 probare
2909 4513 3082 4583 parati
3140 4523 3267 4566 sunt
3313 4514 3564 4582 praeclari
3617 4513 3707 4564 viri
3748 4511 3798 4563 dc

571 4599 848 4666 speiensis,
894 4609 996 4655 etc.
1031 4601 1266 4656 Salutem
1311 4605 1504 4660 animae
1537 4622 1690 4672 mete,
1733 4608 1841 4664 imo
1883 4620 1936 4664 et
1979 4612 2147 4678 patris
2249 4608 2439 4666 eadem
2478 4607 2580 4661 sati
2626 4606 2898 4674 prosapia.
2934 4605 3127 4658 Dicunt
3173 4605 3317 4658 enim
3363 4606 3494 4672 quia
3527 4604 3800 4659 Cualterius

572 4691 676 4744 mei
717 4693 1038 4748 venerabilis
1071 4695 1284 4751 comitis
1321 4695 1583 4764 Radulphi
1627 4715 1938 4768 przecaveus
1977 4701 2028 4754 in
2063 4701 2145 4754 fu-
2249 4699 2415 4752 Albus
2442 4697 2627 4766 genuit
2653 4705 2878 4762 matrem
2903 4692 3232 4750 Gualeranni
3259 4695 3498 4770 comitis,
3535 4694 3624 4762 qui
3650 4691 3800 4761 genuit

573 4790 776 4847 turmn,
813 4785 1094 4850 praesentis
1131 4787 1251 4840 vitm
1293 4788 1407 4842 dies
1451 4788 1585 4842 nihil
1629 4806 1746 4844 esse
1789 4794 2148 4862 conspicwns,
2253 4794 2480 4840 matrem
2520 4786 2739 4840 Roherti
2771 4785 3006 4839 comitis.
3032 4783 3160 4838 Item
3183 4785 3531 4853 supradictus
3551 4783 3802 4838 (iualterus

571 4881 982 4941 atquemcntem
1006 4890 1102 4944 pro
1123 4892 1280 4946 pose
1306 4879 1354 4931 in
1377 4881 1807 4937 consideratione
1832 4885 2150 4938 aeternitatis
2251 4878 2438 4947 gt'uuit
2472 4877 2807 4946 Radulphum
2848 4887 3054 4945 patrem
3087 4875 3316 4930 alterius
3351 4875 3623 4944 Radulphi
3657 4873 3802 4942 (cuius

575 4967 763 5036 tigeus,
805 4967 1170 5038 supradictum
1221 4969 1558 5040 Radulphum
1610 4981 1817 5042 patrem
1867 4990 2064 5038 meum,
2086 4976 2152 5029 de
2255 4971 2341 5024 hic
2374 4969 2960 5036 tnelninitGuibertus)
2999 4969 3090 5037 qui
3134 4969 3323 5039 genuit
3379 4967 3801 5021 Vertttandensetn

574 5057 1042 5126 Montedesiderio,
1068 5060 1178 5128 jam
1209 5076 1302 5130 per
1327 5071 1435 5117 tres
1463 5079 1633 5118 annos
1657 5073 1777 5134 post
1803 5067 1884 5120 sui
1909 5068 2153 5137 corporis
2257 5061 2612 5127 comitissam,
2647 5081 2666 5114 ι
2709 5072 2813 5116 etc.
2851 5061 2918 5115 Et
2951 5062 3065 5114 haec
3086 5049 3343 5114 haeresi}.
3373 5059 3614 5114 Simonis
3651 5054 3802 5108 fratris

575 5150 981 5205 dissolutionem
1010 5151 1080 5206 ibi
1098 5153 1388 5222 iacentem,
1411 5164 1690 5222 asportare
1738 5155 1863 5223 feci,
1889 5166 1946 5212 et
1972 5159 2152 5214 Eccle-
2258 5153 2600 5218 sui-exstitit;
2635 5151 2788 5221 cujus
2821 5153 2930 5206 ﬁlia
2982 5151 3146 5206 Adela
3187 5151 3427 5215 nomine,
3457 5149 3687 5220 llugoui,
3717 5146 3805 5199 ﬁlio

577 5243 671 5306 sim
699 5241 886 5298 Sancti
923 5235 1208 5313 Arnulphi,
1244 5261 1361 5313 quae
1390 5247 1459 5302 ab
1483 5249 1695 5313 eodem,
1730 5260 1784 5302 et
1816 5249 1884 5303 ab
1907 5258 2153 5306 anteccs-
2261 5244 2474 5298 llenrici
2529 5245 2671 5314 regis
2719 5244 3072 5308 Francorum,
3136 5243 3317 5312 nupsit
3356 5243 3617 5311 primum,
3645 5237 3805 5293 deinde

578 5332 791 5387 scribus
820 5333 872 5387 in
905 5333 1125 5389 castello
1151 5334 1508 5404 Crispiaceusi
1549 5336 1846 5392 honorifico
1884 5339 2158 5394 schemate
2264 5336 2521 5390 liuinaldo
2577 5335 2762 5389 comiti
2827 5334 3290 5398 Claromonlcnsi.
3344 5343 3402 5386 ul
3450 5331 3623 5386 refert
3682 5338 3806 5382 “illis

579 5421 836 5488 fundata;
868 5425 922 5478 in
951 5440 1057 5495 qua
1083 5425 1246 5480 etiam
1278 5441 1344 5482 ex
1382 5442 1520 5496 aqua
1547 5437 1600 5482 et
1629 5427 1832 5498 Spiritu
1863 5439 2051 5484 sancto
2076 5446 2162 5485 re—
2261 5430 2448 5484 charta
2478 5430 2848 5498 Crespeiensis
2874 5437 3108 5484 monast.

579 5522 742 5568 natus
763 5514 955 5580 fuerat,
984 5517 1213 5580 reddidi,
1243 5518 1423 5586 ibique
1449 5533 1597 5574 more
1631 5520 1974 5589 antiquorum
2005 5521 2156 5590 juxta
2337 5538 2356 5572 ι
2388 5519 2499 5590 Ego
2550 5519 2716 5574 Adela
2759 5519 3251 5573 Viromanduorum
3293 5516 3600 5580 comitissa,
3647 5523 3697 5567 et
3733 5509 3804 5563 [iiii

580 5603 890 5671 sepulcrum
920 5607 1108 5660 matris
1129 5622 1283 5672 mere,
1313 5609 1496 5664 uxoris
1523 5625 1666 5673 suae;
1692 5627 1790 5666 nec
1814 5627 1918 5665 non
1950 5621 2000 5666 et
2027 5628 2161 5680 prze-
2265 5610 2368 5665 mei
2399 5624 2582 5664 eomes
2612 5609 2936 5679 Radulphus
2964 5619 3017 5686 et
3040 5607 3324 5684 Henricus.
3355 5607 3604 5660 dedimus
3645 5605 3696 5657 S.
3726 5604 3806 5653 Ar-

585 5693 926 5750 dccessorum
959 5705 1276 5762 nostrorum,
1307 5714 1426 5753 eum
1468 5701 1688 5767 psalmis
1725 5712 1774 5755 et
1808 5704 2158 5768 orationibus,
2269 5701 2412 5757 nulfo
2467 5702 2713 5774 martyri,
2752 5717 2812 5757 ea
2863 5717 2982 5772 quae
3033 5700 3322 5756 comitissae
3351 5699 3735 5772 ⁸(ἐιιξδνείοειερδ
3767 5694 3806 5774 ia
