  <div class='ocr_page' id='page_1' title='image "/cluster/home/n/w/nwhite01/storage/ocr_20150623/156/hvd.32044010683712/546.png"; bbox 0 0 4018 6324; ppageno 0'>
   <div class='ocr_carea' id='block_1_1' title="bbox 244 326 372 380">
    <p class='ocr_par' dir='ltr' id='par_1_1' title="bbox 244 326 372 380">
     <span class='ocr_line' id='line_1_1' title="bbox 244 326 372 380; baseline -0.008 0"><span class='ocrx_word' id='word_1_1' title='bbox 244 326 372 380; x_wconf 70' lang='grc'><strong>1081</strong></span> 
     </span>
    </p>
   </div>
   <div class='ocr_carea' id='block_1_2' title="bbox 1340 326 2292 387">
    <p class='ocr_par' dir='ltr' id='par_1_2' title="bbox 1340 326 2292 387">
     <span class='ocr_line' id='line_1_2' title="bbox 1340 326 2292 387; baseline 0.004 -8"><span class='ocrx_word' id='word_1_2' title='bbox 1340 326 1548 383; x_wconf 79' lang='lat' dir='ltr'><strong>DOMNI</strong></span> <span class='ocrx_word' id='word_1_3' title='bbox 1598 326 1658 381; x_wconf 88' lang='lat' dir='ltr'><strong>L.</strong></span> <span class='ocrx_word' id='word_1_4' title='bbox 1689 326 2030 384; x_wconf 70' lang='lat' dir='ltr'><strong>D‘ACllERY</strong></span> <span class='ocrx_word' id='word_1_5' title='bbox 2068 330 2292 387; x_wconf 71' lang='grc' dir='ltr'><strong>ΝΟΤᾸΞ.</strong></span> 
     </span>
    </p>
   </div>
   <div class='ocr_carea' id='block_1_3' title="bbox 3368 344 3502 398">
    <p class='ocr_par' dir='ltr' id='par_1_3' title="bbox 3368 344 3502 398">
     <span class='ocr_line' id='line_1_3' title="bbox 3368 344 3502 398; baseline 0.007 -1"><span class='ocrx_word' id='word_1_6' title='bbox 3368 344 3502 398; x_wconf 65' lang='lat'><strong>1082</strong></span> 
     </span>
    </p>
   </div>
   <div class='ocr_carea' id='block_1_4' title="bbox 244 440 3499 523">
    <p class='ocr_par' dir='ltr' id='par_1_4' title="bbox 244 440 3499 523">
     <span class='ocr_line' id='line_1_4' title="bbox 244 440 3499 523; baseline 0.006 -30"><span class='ocrx_word' id='word_1_7' title='bbox 244 450 602 511; x_wconf 65' lang='lat' dir='ltr'><strong>privatelure</strong></span> <span class='ocrx_word' id='word_1_8' title='bbox 631 454 749 505; x_wconf 86' lang='lat' dir='ltr'><strong>suo,</strong></span> <span class='ocrx_word' id='word_1_9' title='bbox 788 440 841 493; x_wconf 90' lang='lat' dir='ltr'><strong>in</strong></span> <span class='ocrx_word' id='word_1_10' title='bbox 890 448 1075 494; x_wconf 88' lang='lat' dir='ltr'><strong>castro</strong></span> <span class='ocrx_word' id='word_1_11' title='bbox 1123 453 1242 494; x_wconf 85' lang='lat' dir='ltr'><strong>meo</strong></span> <span class='ocrx_word' id='word_1_12' title='bbox 1293 440 1535 510; x_wconf 83' lang='lat' dir='ltr'><strong>Crespei,</strong></span> <span class='ocrx_word' id='word_1_13' title='bbox 1589 450 1643 496; x_wconf 90' lang='lat' dir='ltr'><strong>et</strong></span> <span class='ocrx_word' id='word_1_14' title='bbox 1684 442 1822 497; x_wconf 92' lang='lat' dir='ltr'><strong>villis</strong></span> <span class='ocrx_word' id='word_1_15' title='bbox 1852 448 1892 506; x_wconf 77' lang='grc' dir='ltr'><strong>Α</strong></span> <span class='ocrx_word' id='word_1_16' title='bbox 1926 444 2228 499; x_wconf 82' lang='lat' dir='ltr'><strong>Carthusiae</strong></span> <span class='ocrx_word' id='word_1_17' title='bbox 2301 446 2584 501; x_wconf 89' lang='lat' dir='ltr'><strong>Dominum</strong></span> <span class='ocrx_word' id='word_1_18' title='bbox 2644 446 2824 503; x_wconf 85' lang='lat' dir='ltr'><strong>Jcsum</strong></span> <span class='ocrx_word' id='word_1_19' title='bbox 2886 450 3159 509; x_wconf 86' lang='lat' dir='ltr'><strong>Christum</strong></span> <span class='ocrx_word' id='word_1_20' title='bbox 3231 458 3499 523; x_wconf 79' lang='lat' dir='ltr'><strong>quoddam</strong></span> 
     </span>
    </p>
   </div>
   <div class='ocr_carea' id='block_1_5' title="bbox 239 530 1818 594">
    <p class='ocr_par' dir='ltr' id='par_1_5' title="bbox 239 530 1818 594">
     <span class='ocr_line' id='line_1_5' title="bbox 239 530 1818 594; baseline -0.002 -7"><span class='ocrx_word' id='word_1_21' title='bbox 239 531 437 594; x_wconf 77' lang='lat' dir='ltr'><strong>Fcnez,</strong></span> <span class='ocrx_word' id='word_1_22' title='bbox 468 540 600 594; x_wconf 88' lang='lat' dir='ltr'><strong>etc.,</strong></span> <span class='ocrx_word' id='word_1_23' title='bbox 627 530 690 584; x_wconf 89' lang='lat' dir='ltr'><strong>ad</strong></span> <span class='ocrx_word' id='word_1_24' title='bbox 711 531 1158 585; x_wconf 90' lang='lat' dir='ltr'><strong>sustentationem</strong></span> <span class='ocrx_word' id='word_1_25' title='bbox 1192 532 1576 585; x_wconf 79' lang='lat' dir='ltr'><strong>monachorum</strong></span> <span class='ocrx_word' id='word_1_26' title='bbox 1602 530 1818 584; x_wconf 76' lang='lat' dir='ltr'><strong>Clunia-</strong></span> 
     </span>
    </p>
   </div>
   <div class='ocr_carea' id='block_1_6' title="bbox 237 620 1817 690">
    <p class='ocr_par' dir='ltr' id='par_1_6' title="bbox 237 620 1817 690">
     <span class='ocr_line' id='line_1_6' title="bbox 237 620 1817 690; baseline -0.001 -13"><span class='ocrx_word' id='word_1_27' title='bbox 237 623 484 677; x_wconf 88' lang='lat' dir='ltr'><strong>censium</strong></span> <span class='ocrx_word' id='word_1_28' title='bbox 536 622 677 690; x_wconf 89' lang='lat' dir='ltr'><strong>apud</strong></span> <span class='ocrx_word' id='word_1_29' title='bbox 737 620 1048 688; x_wconf 88' lang='lat' dir='ltr'><strong>Crespeium</strong></span> <span class='ocrx_word' id='word_1_30' title='bbox 1105 620 1213 676; x_wconf 83' lang='lat' dir='ltr'><strong>Deo</strong></span> <span class='ocrx_word' id='word_1_31' title='bbox 1270 622 1639 676; x_wconf 89' lang='lat' dir='ltr'><strong>servientium.</strong></span> <span class='ocrx_word' id='word_1_32' title='bbox 1704 620 1817 675; x_wconf 90' lang='lat' dir='ltr'><strong>lloc</strong></span> 
     </span>
    </p>
   </div>
   <div class='ocr_carea' id='block_1_7' title="bbox 238 709 1814 780">
    <p class='ocr_par' dir='ltr' id='par_1_7' title="bbox 238 709 1814 780">
     <span class='ocr_line' id='line_1_7' title="bbox 238 709 1814 780; baseline -0.002 -13"><span class='ocrx_word' id='word_1_33' title='bbox 238 714 439 767; x_wconf 89' lang='lat' dir='ltr'><strong>donum</strong></span> <span class='ocrx_word' id='word_1_34' title='bbox 469 710 714 775; x_wconf 79' lang='lat' dir='ltr'><strong>fecimus,</strong></span> <span class='ocrx_word' id='word_1_35' title='bbox 745 720 804 763; x_wconf 93' lang='lat' dir='ltr'><strong>ut</strong></span> <span class='ocrx_word' id='word_1_36' title='bbox 830 710 1081 764; x_wconf 88' lang='lat' dir='ltr'><strong>dominus</strong></span> <span class='ocrx_word' id='word_1_37' title='bbox 1108 725 1260 765; x_wconf 88' lang='lat' dir='ltr'><strong>meus</strong></span> <span class='ocrx_word' id='word_1_38' title='bbox 1282 709 1433 780; x_wconf 84' lang='lat' dir='ltr'><strong>llugo</strong></span> <span class='ocrx_word' id='word_1_39' title='bbox 1452 725 1697 780; x_wconf 84' lang='lat' dir='ltr'><strong>magnus,</strong></span> <span class='ocrx_word' id='word_1_40' title='bbox 1722 710 1814 779; x_wconf 87' lang='lat' dir='ltr'><strong>qui</strong></span> 
     </span>
    </p>
   </div>
   <div class='ocr_carea' id='block_1_8' title="bbox 237 799 1816 870">
    <p class='ocr_par' dir='ltr' id='par_1_8' title="bbox 237 799 1816 870">
     <span class='ocr_line' id='line_1_8' title="bbox 237 799 1816 870; baseline 0.001 -15"><span class='ocrx_word' id='word_1_41' title='bbox 237 803 372 856; x_wconf 78' lang='lat' dir='ltr'><strong>obiit</strong></span> <span class='ocrx_word' id='word_1_42' title='bbox 420 818 472 855; x_wconf 87' lang='lat' dir='ltr'><strong>In</strong></span> <span class='ocrx_word' id='word_1_43' title='bbox 512 802 597 855; x_wconf 89' lang='lat' dir='ltr'><strong>via</strong></span> <span class='ocrx_word' id='word_1_44' title='bbox 650 799 1126 870; x_wconf 82' lang='lat' dir='ltr'><strong>Jerosolymitana,</strong></span> <span class='ocrx_word' id='word_1_45' title='bbox 1168 815 1288 854; x_wconf 90' lang='lat' dir='ltr'><strong>cum</strong></span> <span class='ocrx_word' id='word_1_46' title='bbox 1331 802 1455 855; x_wconf 84' lang='lat' dir='ltr'><strong>filiis</strong></span> <span class='ocrx_word' id='word_1_47' title='bbox 1508 812 1562 854; x_wconf 92' lang='lat' dir='ltr'><strong>et</strong></span> <span class='ocrx_word' id='word_1_48' title='bbox 1604 802 1816 857; x_wconf 83' lang='lat' dir='ltr'><strong>filiabus</strong></span> 
     </span>
    </p>
   </div>
   <div class='ocr_carea' id='block_1_9' title="bbox 239 890 1815 955">
    <p class='ocr_par' dir='ltr' id='par_1_9' title="bbox 239 890 1815 955">
     <span class='ocr_line' id='line_1_9' title="bbox 239 890 1815 955; baseline -0.001 -9"><span class='ocrx_word' id='word_1_49' title='bbox 239 893 392 955; x_wconf 86' lang='lat' dir='ltr'><strong>meis,</strong></span> <span class='ocrx_word' id='word_1_50' title='bbox 417 907 542 947; x_wconf 88' lang='lat' dir='ltr'><strong>cum</strong></span> <span class='ocrx_word' id='word_1_51' title='bbox 583 892 799 946; x_wconf 78' lang='lat' dir='ltr'><strong>domino</strong></span> <span class='ocrx_word' id='word_1_52' title='bbox 850 907 971 945; x_wconf 88' lang='lat' dir='ltr'><strong>meo</strong></span> <span class='ocrx_word' id='word_1_53' title='bbox 1011 892 1207 946; x_wconf 89' lang='lat' dir='ltr'><strong>comite</strong></span> <span class='ocrx_word' id='word_1_54' title='bbox 1248 890 1639 947; x_wconf 87' lang='lat' dir='ltr'><strong>Clermontensi</strong></span> <span class='ocrx_word' id='word_1_55' title='bbox 1688 892 1815 946; x_wconf 72' lang='grc' dir='ltr'><strong>[ἰυὶ-</strong></span> 
     </span>
    </p>
   </div>
   <div class='ocr_carea' id='block_1_10' title="bbox 236 984 1814 1054">
    <p class='ocr_par' dir='ltr' id='par_1_10' title="bbox 236 984 1814 1054">
     <span class='ocr_line' id='line_1_10' title="bbox 236 984 1814 1054; baseline 0 -17"><span class='ocrx_word' id='word_1_56' title='bbox 236 984 417 1048; x_wconf 64' lang='lat' dir='ltr'><strong>nullo,</strong></span> <span class='ocrx_word' id='word_1_57' title='bbox 445 985 740 1054; x_wconf 84' lang='lat' dir='ltr'><strong>participes</strong></span> <span class='ocrx_word' id='word_1_58' title='bbox 769 984 938 1038; x_wconf 86' lang='lat' dir='ltr'><strong>simus</strong></span> <span class='ocrx_word' id='word_1_59' title='bbox 963 984 1012 1037; x_wconf 90' lang='lat' dir='ltr'><strong>in</strong></span> <span class='ocrx_word' id='word_1_60' title='bbox 1044 985 1379 1039; x_wconf 89' lang='lat' dir='ltr'><strong>orationibus</strong></span> <span class='ocrx_word' id='word_1_61' title='bbox 1406 985 1646 1040; x_wconf 91' lang='lat' dir='ltr'><strong>omnium</strong></span> <span class='ocrx_word' id='word_1_62' title='bbox 1679 999 1814 1038; x_wconf 90' lang='lat' dir='ltr'><strong>eon-</strong></span> 
     </span>
    </p>
   </div>
   <div class='ocr_carea' id='block_1_11' title="bbox 235 1071 1813 1145">
    <p class='ocr_par' dir='ltr' id='par_1_11' title="bbox 235 1071 1813 1145">
     <span class='ocr_line' id='line_1_11' title="bbox 235 1071 1813 1145; baseline 0 -19"><span class='ocrx_word' id='word_1_63' title='bbox 235 1075 610 1145; x_wconf 79' lang='lat' dir='ltr'><strong>gregationum</strong></span> <span class='ocrx_word' id='word_1_64' title='bbox 666 1073 896 1127; x_wconf 67' lang='grc' dir='ltr'><strong>ρωποι)Ῑί</strong></span> <span class='ocrx_word' id='word_1_65' title='bbox 961 1072 1202 1126; x_wconf 84' lang='lat' dir='ltr'><strong>Cluniae.</strong></span> <span class='ocrx_word' id='word_1_66' title='bbox 1266 1073 1459 1126; x_wconf 87' lang='lat' dir='ltr'><strong>Actum</strong></span> <span class='ocrx_word' id='word_1_67' title='bbox 1526 1087 1615 1126; x_wconf 90' lang='lat' dir='ltr'><strong>an.</strong></span> <span class='ocrx_word' id='word_1_68' title='bbox 1674 1071 1813 1126; x_wconf 78' lang='lat' dir='ltr'><strong>Hl8</strong></span> 
     </span>
    </p>
   </div>
   <div class='ocr_carea' id='block_1_12' title="bbox 235 1164 1597 1235">
    <p class='ocr_par' dir='ltr' id='par_1_12' title="bbox 235 1164 1597 1235">
     <span class='ocr_line' id='line_1_12' title="bbox 235 1164 1597 1235; baseline 0.001 -17"><span class='ocrx_word' id='word_1_69' title='bbox 235 1165 496 1220; x_wconf 82' lang='lat' dir='ltr'><strong>l’aschalc</strong></span> <span class='ocrx_word' id='word_1_70' title='bbox 524 1164 588 1231; x_wconf 92' lang='lat' dir='ltr'><strong>ll,</strong></span> <span class='ocrx_word' id='word_1_71' title='bbox 618 1164 720 1218; x_wconf 87' lang='lat' dir='ltr'><strong>PP.</strong></span> <span class='ocrx_word' id='word_1_72' title='bbox 749 1180 874 1235; x_wconf 85' lang='lat' dir='ltr'><strong>rege</strong></span> <span class='ocrx_word' id='word_1_73' title='bbox 905 1164 1098 1219; x_wconf 84' lang='lat' dir='ltr'><strong>Franc.</strong></span> <span class='ocrx_word' id='word_1_74' title='bbox 1131 1164 1454 1229; x_wconf 67' lang='lat' dir='ltr'><strong>Ludovico,»</strong></span> <span class='ocrx_word' id='word_1_75' title='bbox 1492 1176 1597 1221; x_wconf 92' lang='lat' dir='ltr'><strong>etc.</strong></span> 
     </span>
    </p>
   </div>
   <div class='ocr_carea' id='block_1_13' title="bbox 306 1258 1813 1326">
    <p class='ocr_par' dir='ltr' id='par_1_13' title="bbox 306 1258 1813 1326">
     <span class='ocr_line' id='line_1_13' title="bbox 306 1258 1813 1326; baseline 0.003 -17"><span class='ocrx_word' id='word_1_76' title='bbox 306 1258 649 1325; x_wconf 73' lang='lat' dir='ltr'><strong>Ilodulphum</strong></span> <span class='ocrx_word' id='word_1_77' title='bbox 680 1266 857 1310; x_wconf 86' lang='lat' dir='ltr'><strong>autem</strong></span> <span class='ocrx_word' id='word_1_78' title='bbox 900 1272 1057 1309; x_wconf 89' lang='lat' dir='ltr'><strong>avum</strong></span> <span class='ocrx_word' id='word_1_79' title='bbox 1085 1258 1284 1321; x_wconf 67' lang='lat' dir='ltr'><strong>Adeltc,</strong></span> <span class='ocrx_word' id='word_1_80' title='bbox 1328 1260 1393 1311; x_wconf 87' lang='lat' dir='ltr'><strong>de</strong></span> <span class='ocrx_word' id='word_1_81' title='bbox 1419 1274 1524 1326; x_wconf 90' lang='lat' dir='ltr'><strong>quo</strong></span> <span class='ocrx_word' id='word_1_82' title='bbox 1548 1260 1702 1314; x_wconf 90' lang='lat' dir='ltr'><strong>nobis</strong></span> <span class='ocrx_word' id='word_1_83' title='bbox 1730 1267 1813 1313; x_wconf 78' lang='lat' dir='ltr'><strong>est</strong></span> 
     </span>
    </p>
   </div>
   <div class='ocr_carea' id='block_1_14' title="bbox 232 1347 1813 1417">
    <p class='ocr_par' dir='ltr' id='par_1_14' title="bbox 232 1347 1813 1417">
     <span class='ocr_line' id='line_1_14' title="bbox 232 1347 1813 1417; baseline 0.001 -16"><span class='ocrx_word' id='word_1_84' title='bbox 232 1363 435 1411; x_wconf 84' lang='lat' dir='ltr'><strong>sermo,</strong></span> <span class='ocrx_word' id='word_1_85' title='bbox 460 1347 889 1417; x_wconf 82' lang='lat' dir='ltr'><strong>Crespciensem,</strong></span> <span class='ocrx_word' id='word_1_86' title='bbox 938 1348 1052 1400; x_wconf 87' lang='lat' dir='ltr'><strong>sive</strong></span> <span class='ocrx_word' id='word_1_87' title='bbox 1100 1347 1398 1401; x_wconf 85' lang='lat' dir='ltr'><strong>Vadensem</strong></span> <span class='ocrx_word' id='word_1_88' title='bbox 1442 1357 1494 1402; x_wconf 91' lang='lat' dir='ltr'><strong>et</strong></span> <span class='ocrx_word' id='word_1_89' title='bbox 1537 1350 1813 1405; x_wconf 86' lang='lat' dir='ltr'><strong>Valcsien-</strong></span> 
     </span>
    </p>
   </div>
   <div class='ocr_carea' id='block_1_15' title="bbox 230 1439 1808 1499">
    <p class='ocr_par' dir='ltr' id='par_1_15' title="bbox 230 1439 1808 1499">
     <span class='ocr_line' id='line_1_15' title="bbox 230 1439 1808 1499; baseline 0.003 -4"><span class='ocrx_word' id='word_1_90' title='bbox 230 1456 342 1495; x_wconf 56' lang='lat' dir='ltr'><strong>sam</strong></span> <span class='ocrx_word' id='word_1_91' title='bbox 401 1440 654 1494; x_wconf 89' lang='lat' dir='ltr'><strong>comitem</strong></span> <span class='ocrx_word' id='word_1_92' title='bbox 714 1439 894 1492; x_wconf 90' lang='lat' dir='ltr'><strong>multis</strong></span> <span class='ocrx_word' id='word_1_93' title='bbox 940 1439 1157 1493; x_wconf 79' lang='lat' dir='ltr'><strong>auxisse</strong></span> <span class='ocrx_word' id='word_1_94' title='bbox 1226 1440 1380 1495; x_wconf 91' lang='lat' dir='ltr'><strong>bonis</strong></span> <span class='ocrx_word' id='word_1_95' title='bbox 1426 1444 1808 1499; x_wconf 81' lang='lat' dir='ltr'><strong>monasterium</strong></span> 
     </span>
    </p>
   </div>
   <div class='ocr_carea' id='block_1_16' title="bbox 230 1528 1808 1606">
    <p class='ocr_par' dir='ltr' id='par_1_16' title="bbox 230 1528 1808 1606">
     <span class='ocr_line' id='line_1_16' title="bbox 230 1528 1808 1606; baseline 0.004 -21"><span class='ocrx_word' id='word_1_96' title='bbox 230 1531 287 1585; x_wconf 89' lang='lat' dir='ltr'><strong>S.</strong></span> <span class='ocrx_word' id='word_1_97' title='bbox 323 1530 588 1600; x_wconf 82' lang='lat' dir='ltr'><strong>Arnulphi</strong></span> <span class='ocrx_word' id='word_1_98' title='bbox 617 1531 801 1600; x_wconf 90' lang='lat' dir='ltr'><strong>Cresp.</strong></span> <span class='ocrx_word' id='word_1_99' title='bbox 839 1530 1032 1599; x_wconf 77' lang='lat' dir='ltr'><strong>(huius</strong></span> <span class='ocrx_word' id='word_1_100' title='bbox 1064 1528 1317 1586; x_wconf 84' lang='lat' dir='ltr'><strong>fundator</strong></span> <span class='ocrx_word' id='word_1_101' title='bbox 1365 1548 1497 1588; x_wconf 90' lang='lat' dir='ltr'><strong>avus</strong></span> <span class='ocrx_word' id='word_1_102' title='bbox 1544 1534 1808 1606; x_wconf 78' lang='lat' dir='ltr'><strong>Radulphi</strong></span> 
     </span>
    </p>
   </div>
   <div class='ocr_carea' id='block_1_17' title="bbox 228 1620 1807 1695">
    <p class='ocr_par' dir='ltr' id='par_1_17' title="bbox 228 1620 1807 1695">
     <span class='ocr_line' id='line_1_17' title="bbox 228 1620 1807 1695; baseline 0.003 -18"><span class='ocrx_word' id='word_1_103' title='bbox 228 1622 535 1677; x_wconf 83' lang='lat' dir='ltr'><strong>Cualterius</strong></span> <span class='ocrx_word' id='word_1_104' title='bbox 574 1622 742 1675; x_wconf 83' lang='lat' dir='ltr'><strong>Albus</strong></span> <span class='ocrx_word' id='word_1_105' title='bbox 770 1620 1122 1691; x_wconf 79' lang='lat' dir='ltr'><strong>agnoscitur),</strong></span> <span class='ocrx_word' id='word_1_106' title='bbox 1153 1625 1391 1692; x_wconf 79' lang='lat' dir='ltr'><strong>produnt</strong></span> <span class='ocrx_word' id='word_1_107' title='bbox 1432 1626 1671 1695; x_wconf 82' lang='lat' dir='ltr'><strong>ejusdem</strong></span> <span class='ocrx_word' id='word_1_108' title='bbox 1706 1628 1807 1682; x_wconf 88' lang='lat' dir='ltr'><strong>loci</strong></span> 
     </span>
    </p>
   </div>
   <div class='ocr_carea' id='block_1_18' title="bbox 226 1720 1804 1788">
    <p class='ocr_par' dir='ltr' id='par_1_18' title="bbox 226 1720 1804 1788">
     <span class='ocr_line' id='line_1_18' title="bbox 226 1720 1804 1788; baseline 0.004 -17"><span class='ocrx_word' id='word_1_109' title='bbox 226 1720 534 1788; x_wconf 89' lang='lat' dir='ltr'><strong>antiquiora</strong></span> <span class='ocrx_word' id='word_1_110' title='bbox 598 1728 965 1784; x_wconf 81' lang='lat' dir='ltr'><strong>tuonumenta,</strong></span> <span class='ocrx_word' id='word_1_111' title='bbox 1016 1721 1110 1775; x_wconf 89' lang='lat' dir='ltr'><strong>sed</strong></span> <span class='ocrx_word' id='word_1_112' title='bbox 1158 1721 1392 1776; x_wconf 83' lang='lat' dir='ltr'><strong>maxime</strong></span> <span class='ocrx_word' id='word_1_113' title='bbox 1448 1723 1576 1777; x_wconf 89' lang='lat' dir='ltr'><strong>illud</strong></span> <span class='ocrx_word' id='word_1_114' title='bbox 1633 1725 1804 1779; x_wconf 87' lang='lat' dir='ltr'><strong>sacris</strong></span> 
     </span>
    </p>
   </div>
   <div class='ocr_carea' id='block_1_19' title="bbox 228 1788 1882 1880">
    <p class='ocr_par' dir='ltr' id='par_1_19' title="bbox 228 1788 1882 1880">
     <span class='ocr_line' id='line_1_19' title="bbox 228 1788 1882 1880; baseline 0.004 -18"><span class='ocrx_word' id='word_1_115' title='bbox 228 1810 284 1863; x_wconf 85' lang='grc' dir='ltr'>Β.</span> <span class='ocrx_word' id='word_1_116' title='bbox 318 1810 584 1879; x_wconf 86' lang='lat' dir='ltr'><strong>Aruulphi</strong></span> <span class='ocrx_word' id='word_1_117' title='bbox 634 1809 948 1880; x_wconf 82' lang='lat' dir='ltr'><strong>pignoribus</strong></span> <span class='ocrx_word' id='word_1_118' title='bbox 995 1813 1302 1866; x_wconf 89' lang='lat' dir='ltr'><strong>decorasse.</strong></span> <span class='ocrx_word' id='word_1_119' title='bbox 1350 1812 1573 1868; x_wconf 81' lang='lat' dir='ltr'><strong>Veteres</strong></span> <span class='ocrx_word' id='word_1_120' title='bbox 1602 1814 1806 1868; x_wconf 69' lang='lat' dir='ltr'><strong>charta:</strong></span> <span class='ocrx_word' id='word_1_121' title='bbox 1839 1788 1882 1846; x_wconf 73' lang='grc' dir='ltr'><strong>Β</strong></span> 
     </span>
    </p>
   </div>
   <div class='ocr_carea' id='block_1_20' title="bbox 224 1902 1810 1973">
    <p class='ocr_par' dir='ltr' id='par_1_20' title="bbox 224 1902 1810 1973">
     <span class='ocr_line' id='line_1_20' title="bbox 224 1902 1810 1973; baseline 0.002 -16"><span class='ocrx_word' id='word_1_122' title='bbox 224 1902 290 1957; x_wconf 89' lang='lat' dir='ltr'><strong>de</strong></span> <span class='ocrx_word' id='word_1_123' title='bbox 315 1902 618 1973; x_wconf 61' lang='lat' dir='ltr'><strong>Bodulpho,</strong></span> <span class='ocrx_word' id='word_1_124' title='bbox 660 1918 889 1972; x_wconf 89' lang='lat' dir='ltr'><strong>quarum</strong></span> <span class='ocrx_word' id='word_1_125' title='bbox 943 1904 1295 1959; x_wconf 84' lang='lat' dir='ltr'><strong>summarium</strong></span> <span class='ocrx_word' id='word_1_126' title='bbox 1334 1906 1438 1960; x_wconf 91' lang='lat' dir='ltr'><strong>hoc</strong></span> <span class='ocrx_word' id='word_1_127' title='bbox 1478 1917 1598 1960; x_wconf 89' lang='lat' dir='ltr'><strong>est:</strong></span> <span class='ocrx_word' id='word_1_128' title='bbox 1654 1924 1671 1957; x_wconf 85' lang='grc'><em>‹</em></span> <span class='ocrx_word' id='word_1_129' title='bbox 1700 1906 1810 1960; x_wconf 79' lang='lat' dir='ltr'><strong>Ro-</strong></span> 
     </span>
    </p>
   </div>
   <div class='ocr_carea' id='block_1_21' title="bbox 224 1995 1806 2068">
    <p class='ocr_par' dir='ltr' id='par_1_21' title="bbox 224 1995 1806 2068">
     <span class='ocr_line' id='line_1_21' title="bbox 224 1995 1806 2068; baseline 0.003 -19"><span class='ocrx_word' id='word_1_130' title='bbox 224 1995 460 2065; x_wconf 88' lang='lat' dir='ltr'><strong>dulphus</strong></span> <span class='ocrx_word' id='word_1_131' title='bbox 483 2011 665 2050; x_wconf 80' lang='lat' dir='ltr'><strong>comes</strong></span> <span class='ocrx_word' id='word_1_132' title='bbox 692 1995 1122 2065; x_wconf 79' lang='lat' dir='ltr'><strong>Crespciacensis</strong></span> <span class='ocrx_word' id='word_1_133' title='bbox 1162 1996 1393 2065; x_wconf 88' lang='lat' dir='ltr'><strong>plurima</strong></span> <span class='ocrx_word' id='word_1_134' title='bbox 1440 1999 1712 2068; x_wconf 90' lang='lat' dir='ltr'><strong>quondam</strong></span> <span class='ocrx_word' id='word_1_135' title='bbox 1752 2000 1806 2053; x_wconf 93' lang='lat' dir='ltr'><strong>in</strong></span> 
     </span>
    </p>
   </div>
   <div class='ocr_carea' id='block_1_22' title="bbox 222 2087 1807 2160">
    <p class='ocr_par' dir='ltr' id='par_1_22' title="bbox 222 2087 1807 2160">
     <span class='ocr_line' id='line_1_22' title="bbox 222 2087 1807 2160; baseline 0.003 -18"><span class='ocrx_word' id='word_1_136' title='bbox 222 2087 486 2142; x_wconf 82' lang='lat' dir='ltr'><strong>beneﬁcio</strong></span> <span class='ocrx_word' id='word_1_137' title='bbox 519 2090 734 2141; x_wconf 82' lang='lat' dir='ltr'><strong>tenebat</strong></span> <span class='ocrx_word' id='word_1_138' title='bbox 769 2088 961 2143; x_wconf 90' lang='lat' dir='ltr'><strong>altaria</strong></span> <span class='ocrx_word' id='word_1_139' title='bbox 996 2088 1064 2142; x_wconf 88' lang='lat' dir='ltr'><strong>ab</strong></span> <span class='ocrx_word' id='word_1_140' title='bbox 1103 2090 1356 2160; x_wconf 89' lang='lat' dir='ltr'><strong>episcopo</strong></span> <span class='ocrx_word' id='word_1_141' title='bbox 1397 2091 1807 2160; x_wconf 85' lang='lat' dir='ltr'><strong>Suessionensi;</strong></span> 
     </span>
    </p>
   </div>
   <div class='ocr_carea' id='block_1_23' title="bbox 222 2177 1806 2247">
    <p class='ocr_par' dir='ltr' id='par_1_23' title="bbox 222 2177 1806 2247">
     <span class='ocr_line' id='line_1_23' title="bbox 222 2177 1806 2247; baseline 0.004 -15"><span class='ocrx_word' id='word_1_142' title='bbox 222 2178 315 2232; x_wconf 61' lang='lat' dir='ltr'><strong>Sed</strong></span> <span class='ocrx_word' id='word_1_143' title='bbox 348 2186 468 2246; x_wconf 90' lang='lat' dir='ltr'><strong>post</strong></span> <span class='ocrx_word' id='word_1_144' title='bbox 527 2187 753 2232; x_wconf 87' lang='lat' dir='ltr'><strong>mortem</strong></span> <span class='ocrx_word' id='word_1_145' title='bbox 808 2177 991 2234; x_wconf 73' lang='lat' dir='ltr'><strong>Adclze</strong></span> <span class='ocrx_word' id='word_1_146' title='bbox 1038 2180 1223 2233; x_wconf 82' lang='lat' dir='ltr'><strong>uxoris</strong></span> <span class='ocrx_word' id='word_1_147' title='bbox 1274 2197 1404 2247; x_wconf 67' lang='lat' dir='ltr'><strong>sum,</strong></span> <span class='ocrx_word' id='word_1_148' title='bbox 1449 2183 1517 2236; x_wconf 88' lang='lat' dir='ltr'><strong>ah</strong></span> <span class='ocrx_word' id='word_1_149' title='bbox 1547 2183 1806 2240; x_wconf 84' lang='lat' dir='ltr'><strong>llcddone</strong></span> 
     </span>
    </p>
   </div>
   <div class='ocr_carea' id='block_1_24' title="bbox 224 2267 1808 2339">
    <p class='ocr_par' dir='ltr' id='par_1_24' title="bbox 224 2267 1808 2339">
     <span class='ocr_line' id='line_1_24' title="bbox 224 2267 1808 2339; baseline 0.006 -18"><span class='ocrx_word' id='word_1_150' title='bbox 224 2267 604 2322; x_wconf 80' lang='lat' dir='ltr'><strong>Suessioneusi</strong></span> <span class='ocrx_word' id='word_1_151' title='bbox 661 2269 917 2339; x_wconf 86' lang='lat' dir='ltr'><strong>episcopo</strong></span> <span class='ocrx_word' id='word_1_152' title='bbox 969 2271 1196 2338; x_wconf 86' lang='lat' dir='ltr'><strong>obtinet,</strong></span> <span class='ocrx_word' id='word_1_153' title='bbox 1227 2282 1286 2328; x_wconf 93' lang='lat' dir='ltr'><strong>ut</strong></span> <span class='ocrx_word' id='word_1_154' title='bbox 1343 2274 1513 2329; x_wconf 85' lang='lat' dir='ltr'><strong>altare</strong></span> <span class='ocrx_word' id='word_1_155' title='bbox 1543 2276 1610 2330; x_wconf 89' lang='lat' dir='ltr'><strong>de</strong></span> <span class='ocrx_word' id='word_1_156' title='bbox 1639 2277 1808 2331; x_wconf 88' lang='lat' dir='ltr'><strong>Bonol</strong></span> 
     </span>
    </p>
   </div>
   <div class='ocr_carea' id='block_1_25' title="bbox 223 2361 1806 2437">
    <p class='ocr_par' dir='ltr' id='par_1_25' title="bbox 223 2361 1806 2437">
     <span class='ocr_line' id='line_1_25' title="bbox 223 2361 1806 2437; baseline 0.007 -24"><span class='ocrx_word' id='word_1_157' title='bbox 223 2361 483 2431; x_wconf 83' lang='lat' dir='ltr'><strong>(Bonocil)</strong></span> <span class='ocrx_word' id='word_1_158' title='bbox 533 2362 674 2429; x_wconf 80' lang='lat' dir='ltr'><strong>quod</strong></span> <span class='ocrx_word' id='word_1_159' title='bbox 734 2363 785 2416; x_wconf 94' lang='lat' dir='ltr'><strong>in</strong></span> <span class='ocrx_word' id='word_1_160' title='bbox 832 2363 1119 2419; x_wconf 84' lang='lat' dir='ltr'><strong>beneficio</strong></span> <span class='ocrx_word' id='word_1_161' title='bbox 1166 2368 1380 2422; x_wconf 84' lang='lat' dir='ltr'><strong>tenebat</strong></span> <span class='ocrx_word' id='word_1_162' title='bbox 1410 2368 1485 2421; x_wconf 84' lang='lat' dir='ltr'><strong>ad</strong></span> <span class='ocrx_word' id='word_1_163' title='bbox 1520 2382 1806 2437; x_wconf 86' lang='lat' dir='ltr'><strong>personam</strong></span> 
     </span>
    </p>
   </div>
   <div class='ocr_carea' id='block_1_26' title="bbox 221 2452 1807 2527">
    <p class='ocr_par' dir='ltr' id='par_1_26' title="bbox 221 2452 1807 2527">
     <span class='ocr_line' id='line_1_26' title="bbox 221 2452 1807 2527; baseline 0.008 -24"><span class='ocrx_word' id='word_1_164' title='bbox 221 2452 628 2522; x_wconf 89' lang='lat' dir='ltr'><strong>perpetualiter,</strong></span> <span class='ocrx_word' id='word_1_165' title='bbox 686 2462 740 2507; x_wconf 92' lang='lat' dir='ltr'><strong>et</strong></span> <span class='ocrx_word' id='word_1_166' title='bbox 782 2468 907 2508; x_wconf 91' lang='lat' dir='ltr'><strong>cum</strong></span> <span class='ocrx_word' id='word_1_167' title='bbox 964 2454 1281 2527; x_wconf 78' lang='lat' dir='ltr'><strong>integritate</strong></span> <span class='ocrx_word' id='word_1_168' title='bbox 1331 2468 1511 2513; x_wconf 82' lang='lat' dir='ltr'><strong>teneat</strong></span> <span class='ocrx_word' id='word_1_169' title='bbox 1563 2460 1807 2516; x_wconf 85' lang='lat' dir='ltr'><strong>Ecclesia</strong></span> 
     </span>
    </p>
   </div>
   <div class='ocr_carea' id='block_1_27' title="bbox 222 2544 802 2613">
    <p class='ocr_par' dir='ltr' id='par_1_27' title="bbox 222 2544 802 2613">
     <span class='ocr_line' id='line_1_27' title="bbox 222 2544 802 2613; baseline -0.002 -14"><span class='ocrx_word' id='word_1_170' title='bbox 222 2544 279 2599; x_wconf 87' lang='lat' dir='ltr'><strong>S.</strong></span> <span class='ocrx_word' id='word_1_171' title='bbox 319 2545 606 2613; x_wconf 87' lang='lat' dir='ltr'><strong>Arnulphi,</strong></span> <span class='ocrx_word' id='word_1_172' title='bbox 640 2565 657 2597; x_wconf 77' lang='grc' dir='ltr'><strong><em>ι</em></strong></span> <span class='ocrx_word' id='word_1_173' title='bbox 696 2554 802 2600; x_wconf 86' lang='lat' dir='ltr'><strong>etc.</strong></span> 
     </span>
    </p>
   </div>
   <div class='ocr_carea' id='block_1_28' title="bbox 290 2638 1805 2707">
    <p class='ocr_par' dir='ltr' id='par_1_28' title="bbox 290 2638 1805 2707">
     <span class='ocr_line' id='line_1_28' title="bbox 290 2638 1805 2707; baseline 0.003 -16"><span class='ocrx_word' id='word_1_174' title='bbox 290 2638 485 2692; x_wconf 86' lang='lat' dir='ltr'><strong>Actum</strong></span> <span class='ocrx_word' id='word_1_175' title='bbox 541 2638 819 2692; x_wconf 83' lang='lat' dir='ltr'><strong>Suessioni</strong></span> <span class='ocrx_word' id='word_1_176' title='bbox 868 2653 1000 2693; x_wconf 90' lang='lat' dir='ltr'><strong>ann.</strong></span> <span class='ocrx_word' id='word_1_177' title='bbox 1068 2640 1339 2695; x_wconf 87' lang='lat' dir='ltr'><strong>lncarnat.</strong></span> <span class='ocrx_word' id='word_1_178' title='bbox 1392 2641 1545 2707; x_wconf 78' lang='lat' dir='ltr'><strong>l055,</strong></span> <span class='ocrx_word' id='word_1_179' title='bbox 1586 2641 1805 2695; x_wconf 81' lang='lat' dir='ltr'><strong>Henriei</strong></span> 
     </span>
    </p>
   </div>
   <div class='ocr_carea' id='block_1_29' title="bbox 220 2729 1374 2802">
    <p class='ocr_par' dir='ltr' id='par_1_29' title="bbox 220 2729 1374 2802">
     <span class='ocr_line' id='line_1_29' title="bbox 220 2729 1374 2802; baseline 0.003 -19"><span class='ocrx_word' id='word_1_180' title='bbox 220 2729 366 2799; x_wconf 84' lang='lat' dir='ltr'><strong>regis</strong></span> <span class='ocrx_word' id='word_1_181' title='bbox 389 2747 477 2784; x_wconf 69' lang='lat' dir='ltr'><strong>xxx</strong></span> <span class='ocrx_word' id='word_1_182' title='bbox 506 2739 561 2784; x_wconf 90' lang='lat' dir='ltr'><strong>et</strong></span> <span class='ocrx_word' id='word_1_183' title='bbox 604 2731 778 2799; x_wconf 91' lang='lat' dir='ltr'><strong>primo</strong></span> <span class='ocrx_word' id='word_1_184' title='bbox 822 2730 1092 2786; x_wconf 85' lang='lat' dir='ltr'><strong>lleddonis</strong></span> <span class='ocrx_word' id='word_1_185' title='bbox 1115 2733 1374 2802; x_wconf 83' lang='lat' dir='ltr'><strong>episcopi.</strong></span> 
     </span>
    </p>
   </div>
   <div class='ocr_carea' id='block_1_30' title="bbox 290 2822 1805 2894">
    <p class='ocr_par' dir='ltr' id='par_1_30' title="bbox 290 2822 1805 2894">
     <span class='ocr_line' id='line_1_30' title="bbox 290 2822 1805 2894; baseline 0.003 -19"><span class='ocrx_word' id='word_1_186' title='bbox 290 2822 429 2876; x_wconf 90' lang='lat' dir='ltr'><strong>llinc</strong></span> <span class='ocrx_word' id='word_1_187' title='bbox 461 2822 765 2886; x_wconf 84' lang='lat' dir='ltr'><strong>nonnullos,</strong></span> <span class='ocrx_word' id='word_1_188' title='bbox 813 2824 902 2892; x_wconf 85' lang='lat' dir='ltr'><strong>qui</strong></span> <span class='ocrx_word' id='word_1_189' title='bbox 937 2822 1300 2893; x_wconf 79' lang='lat' dir='ltr'><strong>Rodulphum,</strong></span> <span class='ocrx_word' id='word_1_190' title='bbox 1333 2826 1607 2894; x_wconf 84' lang='lat' dir='ltr'><strong>liliumque</strong></span> <span class='ocrx_word' id='word_1_191' title='bbox 1634 2824 1694 2878; x_wconf 86' lang='grc' dir='ltr'>Β.</span> <span class='ocrx_word' id='word_1_192' title='bbox 1720 2825 1805 2880; x_wconf 88' lang='lat' dir='ltr'><strong>Si-</strong></span> 
     </span>
    </p>
   </div>
   <div class='ocr_carea' id='block_1_31' title="bbox 219 2914 1806 2982">
    <p class='ocr_par' dir='ltr' id='par_1_31' title="bbox 219 2914 1806 2982">
     <span class='ocr_line' id='line_1_31' title="bbox 219 2914 1806 2982; baseline 0.003 -14"><span class='ocrx_word' id='word_1_193' title='bbox 219 2930 434 2968; x_wconf 88' lang='lat' dir='ltr'><strong>monem</strong></span> <span class='ocrx_word' id='word_1_194' title='bbox 467 2914 783 2970; x_wconf 82' lang='lat' dir='ltr'><strong>Viromand.</strong></span> <span class='ocrx_word' id='word_1_195' title='bbox 826 2916 1053 2970; x_wconf 89' lang='lat' dir='ltr'><strong>comites</strong></span> <span class='ocrx_word' id='word_1_196' title='bbox 1075 2916 1283 2982; x_wconf 76' lang='lat' dir='ltr'><strong>Volunt,</strong></span> <span class='ocrx_word' id='word_1_197' title='bbox 1314 2917 1632 2971; x_wconf 87' lang='lat' dir='ltr'><strong>halluciuari</strong></span> <span class='ocrx_word' id='word_1_198' title='bbox 1688 2920 1806 2973; x_wconf 86' lang='lat' dir='ltr'><strong>ani-</strong></span> 
     </span>
    </p>
   </div>
   <div class='ocr_carea' id='block_1_32' title="bbox 217 3005 1804 3079">
    <p class='ocr_par' dir='ltr' id='par_1_32' title="bbox 217 3005 1804 3079">
     <span class='ocr_line' id='line_1_32' title="bbox 217 3005 1804 3079; baseline 0.003 -20"><span class='ocrx_word' id='word_1_199' title='bbox 217 3005 560 3060; x_wconf 87' lang='lat' dir='ltr'><strong>madvertere</strong></span> <span class='ocrx_word' id='word_1_200' title='bbox 589 3013 694 3059; x_wconf 86' lang='lat' dir='ltr'><strong>est.</strong></span> <span class='ocrx_word' id='word_1_201' title='bbox 751 3005 894 3075; x_wconf 81' lang='lat' dir='ltr'><strong>Lege</strong></span> <span class='ocrx_word' id='word_1_202' title='bbox 944 3006 1153 3061; x_wconf 83' lang='lat' dir='ltr'><strong>Claudii</strong></span> <span class='ocrx_word' id='word_1_203' title='bbox 1209 3007 1455 3062; x_wconf 90' lang='lat' dir='ltr'><strong>llemerei</strong></span> <span class='ocrx_word' id='word_1_204' title='bbox 1506 3008 1804 3079; x_wconf 73' lang='lat' dir='ltr'><strong>Augustam</strong></span> 
     </span>
    </p>
   </div>
   <div class='ocr_carea' id='block_1_33' title="bbox 1919 535 3501 610">
    <p class='ocr_par' dir='ltr' id='par_1_33' title="bbox 1919 535 3501 610">
     <span class='ocr_line' id='line_1_33' title="bbox 1919 535 3501 610; baseline 0.011 -23"><span class='ocrx_word' id='word_1_205' title='bbox 1919 535 2360 601; x_wconf 82' lang='lat' dir='ltr'><strong>confirmantem;</strong></span> <span class='ocrx_word' id='word_1_206' title='bbox 2399 538 2583 592; x_wconf 86' lang='lat' dir='ltr'><strong>stellas</strong></span> <span class='ocrx_word' id='word_1_207' title='bbox 2626 540 2789 593; x_wconf 87' lang='lat' dir='ltr'><strong>etiam</strong></span> <span class='ocrx_word' id='word_1_208' title='bbox 2828 552 3032 610; x_wconf 87' lang='lat' dir='ltr'><strong>septem</strong></span> <span class='ocrx_word' id='word_1_209' title='bbox 3064 544 3315 600; x_wconf 85' lang='lat' dir='ltr'><strong>ducatum</strong></span> <span class='ocrx_word' id='word_1_210' title='bbox 3342 548 3501 603; x_wconf 84' lang='lat' dir='ltr'><strong>itinc-</strong></span> 
     </span>
    </p>
   </div>
   <div class='ocr_carea' id='block_1_34' title="bbox 1921 627 3496 711">
    <p class='ocr_par' dir='ltr' id='par_1_34' title="bbox 1921 627 3496 711">
     <span class='ocr_line' id='line_1_34' title="bbox 1921 627 3496 711; baseline 0.011 -32"><span class='ocrx_word' id='word_1_211' title='bbox 1921 628 1994 680; x_wconf 87' lang='lat' dir='ltr'><strong>ris</strong></span> <span class='ocrx_word' id='word_1_212' title='bbox 2024 627 2123 680; x_wconf 84' lang='lat' dir='ltr'><strong>sibi</strong></span> <span class='ocrx_word' id='word_1_213' title='bbox 2163 636 2498 696; x_wconf 84' lang='lat' dir='ltr'><strong>praestantes.</strong></span> <span class='ocrx_word' id='word_1_214' title='bbox 2532 629 2642 685; x_wconf 86' lang='lat' dir='ltr'><strong>Nec</strong></span> <span class='ocrx_word' id='word_1_215' title='bbox 2683 647 2831 687; x_wconf 90' lang='lat' dir='ltr'><strong>mora</strong></span> <span class='ocrx_word' id='word_1_216' title='bbox 2875 635 2940 687; x_wconf 89' lang='lat' dir='ltr'><strong>ad</strong></span> <span class='ocrx_word' id='word_1_217' title='bbox 2979 635 3151 704; x_wconf 88' lang='lat' dir='ltr'><strong>ipsum</strong></span> <span class='ocrx_word' id='word_1_218' title='bbox 3184 641 3496 711; x_wconf 80' lang='lat' dir='ltr'><strong>episcOpum</strong></span> 
     </span>
    </p>
   </div>
   <div class='ocr_carea' id='block_1_35' title="bbox 1918 719 3496 794">
    <p class='ocr_par' dir='ltr' id='par_1_35' title="bbox 1918 719 3496 794">
     <span class='ocr_line' id='line_1_35' title="bbox 1918 719 3496 794; baseline 0.014 -26"><span class='ocrx_word' id='word_1_219' title='bbox 1918 719 2142 772; x_wconf 87' lang='lat' dir='ltr'><strong>veniunt</strong></span> <span class='ocrx_word' id='word_1_220' title='bbox 2195 728 2401 789; x_wconf 88' lang='lat' dir='ltr'><strong>septem</strong></span> <span class='ocrx_word' id='word_1_221' title='bbox 2457 722 2578 789; x_wconf 90' lang='lat' dir='ltr'><strong>viri,</strong></span> <span class='ocrx_word' id='word_1_222' title='bbox 2624 726 2715 794; x_wconf 89' lang='lat' dir='ltr'><strong>qui</strong></span> <span class='ocrx_word' id='word_1_223' title='bbox 2766 741 2872 780; x_wconf 94' lang='lat' dir='ltr'><strong>uno</strong></span> <span class='ocrx_word' id='word_1_224' title='bbox 2921 728 3190 783; x_wconf 90' lang='lat' dir='ltr'><strong>desiderio</strong></span> <span class='ocrx_word' id='word_1_225' title='bbox 3250 738 3496 790; x_wconf 75' lang='lat' dir='ltr'><strong>succensi</strong></span> 
     </span>
    </p>
   </div>
   <div class='ocr_carea' id='block_1_36' title="bbox 1917 810 3493 898">
    <p class='ocr_par' dir='ltr' id='par_1_36' title="bbox 1917 810 3493 898">
     <span class='ocr_line' id='line_1_36' title="bbox 1917 810 3493 898; baseline 0.015 -35"><span class='ocrx_word' id='word_1_226' title='bbox 1917 810 2090 865; x_wconf 91' lang='lat' dir='ltr'><strong>locum</strong></span> <span class='ocrx_word' id='word_1_227' title='bbox 2119 813 2410 867; x_wconf 71' lang='lat' dir='ltr'><strong>eremitieze</strong></span> <span class='ocrx_word' id='word_1_228' title='bbox 2434 816 2558 870; x_wconf 85' lang='lat' dir='ltr'><strong>vitae</strong></span> <span class='ocrx_word' id='word_1_229' title='bbox 2588 820 2918 885; x_wconf 82' lang='lat' dir='ltr'><strong>quaerebant.</strong></span> <span class='ocrx_word' id='word_1_230' title='bbox 2939 838 3037 877; x_wconf 85' lang='lat' dir='ltr'><strong>nec</strong></span> <span class='ocrx_word' id='word_1_231' title='bbox 3072 824 3249 880; x_wconf 88' lang='lat' dir='ltr'><strong>adhuc</strong></span> <span class='ocrx_word' id='word_1_232' title='bbox 3274 843 3493 898; x_wconf 79' lang='lat' dir='ltr'><strong>repere-</strong></span> 
     </span>
    </p>
   </div>
   <div class='ocr_carea' id='block_1_37' title="bbox 1917 906 3494 991">
    <p class='ocr_par' dir='ltr' id='par_1_37' title="bbox 1917 906 3494 991">
     <span class='ocr_line' id='line_1_37' title="bbox 1917 906 3494 991; baseline 0.013 -36"><span class='ocrx_word' id='word_1_233' title='bbox 1917 911 2042 955; x_wconf 86' lang='lat' dir='ltr'><strong>raut</strong></span> <span class='ocrx_word' id='word_1_234' title='bbox 2070 917 2083 954; x_wconf 88' lang='lat'><strong>:</strong></span> <span class='ocrx_word' id='word_1_235' title='bbox 2116 918 2344 972; x_wconf 91' lang='lat' dir='ltr'><strong>quorum</strong></span> <span class='ocrx_word' id='word_1_236' title='bbox 2371 906 2578 973; x_wconf 91' lang='lat' dir='ltr'><strong>primus</strong></span> <span class='ocrx_word' id='word_1_237' title='bbox 2610 908 2711 962; x_wconf 89' lang='lat' dir='ltr'><strong>fuit</strong></span> <span class='ocrx_word' id='word_1_238' title='bbox 2744 914 2997 981; x_wconf 77' lang='lat' dir='ltr'><strong>magister</strong></span> <span class='ocrx_word' id='word_1_239' title='bbox 3025 916 3206 972; x_wconf 84' lang='lat' dir='ltr'><strong>Bruno</strong></span> <span class='ocrx_word' id='word_1_240' title='bbox 3239 921 3494 991; x_wconf 84' lang='lat' dir='ltr'><strong>religione</strong></span> 
     </span>
    </p>
   </div>
   <div class='ocr_carea' id='block_1_38' title="bbox 1916 995 3494 1078">
    <p class='ocr_par' dir='ltr' id='par_1_38' title="bbox 1916 995 3494 1078">
     <span class='ocr_line' id='line_1_38' title="bbox 1916 995 3494 1078; baseline 0.014 -31"><span class='ocrx_word' id='word_1_241' title='bbox 1916 1002 1969 1048; x_wconf 92' lang='lat' dir='ltr'><strong>ct</strong></span> <span class='ocrx_word' id='word_1_242' title='bbox 2019 995 2242 1049; x_wconf 86' lang='lat' dir='ltr'><strong>scientia</strong></span> <span class='ocrx_word' id='word_1_243' title='bbox 2292 995 2490 1062; x_wconf 90' lang='lat' dir='ltr'><strong>clarus,</strong></span> <span class='ocrx_word' id='word_1_244' title='bbox 2536 1007 2591 1053; x_wconf 91' lang='lat' dir='ltr'><strong>et</strong></span> <span class='ocrx_word' id='word_1_245' title='bbox 2625 1001 2713 1054; x_wconf 82' lang='lat' dir='ltr'><strong>alii</strong></span> <span class='ocrx_word' id='word_1_246' title='bbox 2745 1013 2975 1072; x_wconf 89' lang='lat' dir='ltr'><strong>quatuor</strong></span> <span class='ocrx_word' id='word_1_247' title='bbox 3006 1008 3251 1078; x_wconf 88' lang='lat' dir='ltr'><strong>litterati,</strong></span> <span class='ocrx_word' id='word_1_248' title='bbox 3300 1021 3354 1068; x_wconf 89' lang='lat' dir='ltr'><strong>et</strong></span> <span class='ocrx_word' id='word_1_249' title='bbox 3388 1014 3494 1069; x_wconf 91' lang='lat' dir='ltr'><strong>duo</strong></span> 
     </span>
    </p>
   </div>
   <div class='ocr_carea' id='block_1_39' title="bbox 1917 1084 3493 1175">
    <p class='ocr_par' dir='ltr' id='par_1_39' title="bbox 1917 1084 3493 1175">
     <span class='ocr_line' id='line_1_39' title="bbox 1917 1084 3493 1175; baseline 0.015 -38"><span class='ocrx_word' id='word_1_250' title='bbox 1917 1084 2071 1149; x_wconf 85' lang='lat' dir='ltr'><strong>laici,</strong></span> <span class='ocrx_word' id='word_1_251' title='bbox 2131 1102 2267 1154; x_wconf 90' lang='lat' dir='ltr'><strong>quos</strong></span> <span class='ocrx_word' id='word_1_252' title='bbox 2307 1098 2528 1143; x_wconf 87' lang='lat' dir='ltr'><strong>sanctus</strong></span> <span class='ocrx_word' id='word_1_253' title='bbox 2587 1089 2739 1161; x_wconf 84' lang='lat' dir='ltr'><strong>Hugo</strong></span> <span class='ocrx_word' id='word_1_254' title='bbox 2792 1105 3073 1164; x_wconf 84' lang='lat' dir='ltr'><strong>gratanter</strong></span> <span class='ocrx_word' id='word_1_255' title='bbox 3112 1106 3371 1175; x_wconf 76' lang='lat' dir='ltr'><strong>suscepit,</strong></span> <span class='ocrx_word' id='word_1_256' title='bbox 3436 1114 3493 1161; x_wconf 86' lang='lat' dir='ltr'><strong>et</strong></span> 
     </span>
    </p>
   </div>
   <div class='ocr_carea' id='block_1_40' title="bbox 1915 1177 3493 1264">
    <p class='ocr_par' dir='ltr' id='par_1_40' title="bbox 1915 1177 3493 1264">
     <span class='ocr_line' id='line_1_40' title="bbox 1915 1177 3493 1264; baseline 0.013 -36"><span class='ocrx_word' id='word_1_257' title='bbox 1915 1177 2022 1229; x_wconf 89' lang='lat' dir='ltr'><strong>voti</strong></span> <span class='ocrx_word' id='word_1_258' title='bbox 2069 1186 2348 1247; x_wconf 84' lang='lat' dir='ltr'><strong>compotes</strong></span> <span class='ocrx_word' id='word_1_259' title='bbox 2387 1178 2535 1234; x_wconf 85' lang='lat' dir='ltr'><strong>fecit.</strong></span> <span class='ocrx_word' id='word_1_260' title='bbox 2584 1179 2701 1250; x_wconf 85' lang='lat' dir='ltr'><strong>Ipso</strong></span> <span class='ocrx_word' id='word_1_261' title='bbox 2738 1199 2969 1253; x_wconf 89' lang='lat' dir='ltr'><strong>namque</strong></span> <span class='ocrx_word' id='word_1_262' title='bbox 3021 1192 3356 1259; x_wconf 88' lang='lat' dir='ltr'><strong>consulente,</strong></span> <span class='ocrx_word' id='word_1_263' title='bbox 3405 1194 3493 1264; x_wconf 86' lang='lat' dir='ltr'><strong>ju-</strong></span> 
     </span>
    </p>
   </div>
   <div class='ocr_carea' id='block_1_41' title="bbox 1916 1271 3491 1340">
    <p class='ocr_par' dir='ltr' id='par_1_41' title="bbox 1916 1271 3491 1340">
     <span class='ocr_line' id='line_1_41' title="bbox 1916 1271 3491 1340; baseline 0.012 -20"><span class='ocrx_word' id='word_1_264' title='bbox 1916 1278 2091 1330; x_wconf 88' lang='lat' dir='ltr'><strong>vante,</strong></span> <span class='ocrx_word' id='word_1_265' title='bbox 2138 1279 2193 1324; x_wconf 90' lang='lat' dir='ltr'><strong>et</strong></span> <span class='ocrx_word' id='word_1_266' title='bbox 2224 1271 2519 1326; x_wconf 89' lang='lat' dir='ltr'><strong>comitante</strong></span> <span class='ocrx_word' id='word_1_267' title='bbox 2546 1272 2848 1330; x_wconf 86' lang='lat' dir='ltr'><strong>Carthusiae</strong></span> <span class='ocrx_word' id='word_1_268' title='bbox 2879 1277 3224 1335; x_wconf 79' lang='lat' dir='ltr'><strong>solitudinem</strong></span> <span class='ocrx_word' id='word_1_269' title='bbox 3258 1283 3491 1340; x_wconf 87' lang='lat' dir='ltr'><strong>intrave-</strong></span> 
     </span>
    </p>
   </div>
   <div class='ocr_carea' id='block_1_42' title="bbox 1915 1360 3490 1436">
    <p class='ocr_par' dir='ltr' id='par_1_42' title="bbox 1915 1360 3490 1436">
     <span class='ocr_line' id='line_1_42' title="bbox 1915 1360 3490 1436; baseline 0.008 -23"><span class='ocrx_word' id='word_1_270' title='bbox 1915 1369 2058 1423; x_wconf 89' lang='lat' dir='ltr'><strong>runt,</strong></span> <span class='ocrx_word' id='word_1_271' title='bbox 2090 1360 2313 1415; x_wconf 76' lang='lat' dir='ltr'><strong>:edificia</strong></span> <span class='ocrx_word' id='word_1_272' title='bbox 2344 1372 2785 1429; x_wconf 76' lang='lat' dir='ltr'><strong>construxerunt,</strong></span> <span class='ocrx_word' id='word_1_273' title='bbox 2818 1375 2870 1419; x_wconf 89' lang='lat' dir='ltr'><strong>et</strong></span> <span class='ocrx_word' id='word_1_274' title='bbox 2905 1365 2975 1420; x_wconf 87' lang='lat' dir='ltr'><strong>ibi</strong></span> <span class='ocrx_word' id='word_1_275' title='bbox 3017 1368 3189 1436; x_wconf 87' lang='lat' dir='ltr'><strong>quieti</strong></span> <span class='ocrx_word' id='word_1_276' title='bbox 3226 1370 3277 1423; x_wconf 92' lang='lat' dir='ltr'><strong>in</strong></span> <span class='ocrx_word' id='word_1_277' title='bbox 3307 1387 3490 1426; x_wconf 86' lang='lat' dir='ltr'><strong>eremo</strong></span> 
     </span>
    </p>
   </div>
   <div class='ocr_carea' id='block_1_43' title="bbox 1914 1450 3492 1523">
    <p class='ocr_par' dir='ltr' id='par_1_43' title="bbox 1914 1450 3492 1523">
     <span class='ocr_line' id='line_1_43' title="bbox 1914 1450 3492 1523; baseline 0.008 -19"><span class='ocrx_word' id='word_1_278' title='bbox 1914 1450 2141 1506; x_wconf 87' lang='lat' dir='ltr'><strong>Domino</strong></span> <span class='ocrx_word' id='word_1_279' title='bbox 2181 1451 2346 1523; x_wconf 79' lang='lat'><strong>593</strong></span> <span class='ocrx_word' id='word_1_280' title='bbox 2366 1455 2691 1508; x_wconf 84' lang='lat' dir='ltr'><strong>servierunt.</strong></span> <span class='ocrx_word' id='word_1_281' title='bbox 2730 1476 2748 1508; x_wconf 73' lang='grc' dir='ltr'><strong><em>ι</em></strong></span> <span class='ocrx_word' id='word_1_282' title='bbox 2787 1455 2876 1511; x_wconf 93' lang='lat' dir='ltr'><strong>Sic</strong></span> <span class='ocrx_word' id='word_1_283' title='bbox 2906 1457 3013 1522; x_wconf 91' lang='lat' dir='ltr'><strong>ille,</strong></span> <span class='ocrx_word' id='word_1_284' title='bbox 3039 1459 3117 1513; x_wconf 85' lang='lat' dir='ltr'><strong>sic</strong></span> <span class='ocrx_word' id='word_1_285' title='bbox 3138 1468 3192 1513; x_wconf 93' lang='lat' dir='ltr'><strong>et</strong></span> <span class='ocrx_word' id='word_1_286' title='bbox 3222 1460 3492 1517; x_wconf 86' lang='lat' dir='ltr'><strong>innumeri</strong></span> 
     </span>
    </p>
   </div>
   <div class='ocr_carea' id='block_1_44' title="bbox 1912 1543 3494 1616">
    <p class='ocr_par' dir='ltr' id='par_1_44' title="bbox 1912 1543 3494 1616">
     <span class='ocr_line' id='line_1_44' title="bbox 1912 1543 3494 1616; baseline 0.009 -22"><span class='ocrx_word' id='word_1_287' title='bbox 1912 1543 2299 1611; x_wconf 89' lang='lat' dir='ltr'><strong>propemodum</strong></span> <span class='ocrx_word' id='word_1_288' title='bbox 2344 1545 2655 1614; x_wconf 84' lang='lat' dir='ltr'><strong>scriptores,</strong></span> <span class='ocrx_word' id='word_1_289' title='bbox 2706 1562 2841 1616; x_wconf 90' lang='lat' dir='ltr'><strong>quos</strong></span> <span class='ocrx_word' id='word_1_290' title='bbox 2901 1548 2986 1603; x_wconf 91' lang='lat' dir='ltr'><strong>his</strong></span> <span class='ocrx_word' id='word_1_291' title='bbox 3050 1552 3494 1608; x_wconf 81' lang='lat' dir='ltr'><strong>adnotationibus</strong></span> 
     </span>
    </p>
   </div>
   <div class='ocr_carea' id='block_1_45' title="bbox 1915 1636 3495 1707">
    <p class='ocr_par' dir='ltr' id='par_1_45' title="bbox 1915 1636 3495 1707">
     <span class='ocr_line' id='line_1_45' title="bbox 1915 1636 3495 1707; baseline 0.006 -19"><span class='ocrx_word' id='word_1_292' title='bbox 1915 1636 2128 1690; x_wconf 90' lang='lat' dir='ltr'><strong>insuere</strong></span> <span class='ocrx_word' id='word_1_293' title='bbox 2153 1636 2315 1706; x_wconf 85' lang='lat' dir='ltr'><strong>piget,</strong></span> <span class='ocrx_word' id='word_1_294' title='bbox 2346 1639 2782 1707; x_wconf 87' lang='lat' dir='ltr'><strong>quandoquidem</strong></span> <span class='ocrx_word' id='word_1_295' title='bbox 2809 1656 2893 1694; x_wconf 91' lang='lat' dir='ltr'><strong>me</strong></span> <span class='ocrx_word' id='word_1_296' title='bbox 2925 1643 2993 1695; x_wconf 86' lang='lat' dir='ltr'><strong>ab</strong></span> <span class='ocrx_word' id='word_1_297' title='bbox 3016 1640 3116 1697; x_wconf 92' lang='lat' dir='ltr'><strong>hoc</strong></span> <span class='ocrx_word' id='word_1_298' title='bbox 3156 1658 3322 1698; x_wconf 91' lang='lat' dir='ltr'><strong>onere</strong></span> <span class='ocrx_word' id='word_1_299' title='bbox 3353 1644 3495 1699; x_wconf 84' lang='lat' dir='ltr'><strong>levet</strong></span> 
     </span>
    </p>
   </div>
   <div class='ocr_carea' id='block_1_46' title="bbox 1911 1726 3490 1799">
    <p class='ocr_par' dir='ltr' id='par_1_46' title="bbox 1911 1726 3490 1799">
     <span class='ocr_line' id='line_1_46' title="bbox 1911 1726 3490 1799; baseline 0.007 -20"><span class='ocrx_word' id='word_1_300' title='bbox 1911 1726 2144 1781; x_wconf 81' lang='lat' dir='ltr'><strong>Joannes</strong></span> <span class='ocrx_word' id='word_1_301' title='bbox 2181 1728 2531 1799; x_wconf 70' lang='lat' dir='ltr'><strong>deLaunoy,</strong></span> <span class='ocrx_word' id='word_1_302' title='bbox 2579 1732 2661 1789; x_wconf 86' lang='lat' dir='ltr'><strong>vir</strong></span> <span class='ocrx_word' id='word_1_303' title='bbox 2705 1732 3027 1787; x_wconf 89' lang='lat' dir='ltr'><strong>eruditionis</strong></span> <span class='ocrx_word' id='word_1_304' title='bbox 3081 1735 3371 1789; x_wconf 66' lang='lat' dir='ltr'><strong>recondita:</strong></span> <span class='ocrx_word' id='word_1_305' title='bbox 3424 1751 3490 1790; x_wconf 90' lang='lat' dir='ltr'><strong>ac</strong></span> 
     </span>
    </p>
   </div>
   <div class='ocr_carea' id='block_1_47' title="bbox 1912 1820 3489 1891">
    <p class='ocr_par' dir='ltr' id='par_1_47' title="bbox 1912 1820 3489 1891">
     <span class='ocr_line' id='line_1_47' title="bbox 1912 1820 3489 1891; baseline 0.006 -18"><span class='ocrx_word' id='word_1_306' title='bbox 1912 1820 2209 1890; x_wconf 71' lang='lat' dir='ltr'><strong>disciplium</strong></span> <span class='ocrx_word' id='word_1_307' title='bbox 2256 1821 2643 1878; x_wconf 72' lang='lat' dir='ltr'><strong>ecclesiastica:</strong></span> <span class='ocrx_word' id='word_1_308' title='bbox 2680 1823 3059 1891; x_wconf 78' lang='lat' dir='ltr'><strong>peritissimus,</strong></span> <span class='ocrx_word' id='word_1_309' title='bbox 3129 1827 3180 1879; x_wconf 94' lang='lat' dir='ltr'><strong>in</strong></span> <span class='ocrx_word' id='word_1_310' title='bbox 3229 1827 3489 1882; x_wconf 86' lang='lat' dir='ltr'><strong>disserta-</strong></span> 
     </span>
    </p>
   </div>
   <div class='ocr_carea' id='block_1_48' title="bbox 1913 1912 3493 1973">
    <p class='ocr_par' dir='ltr' id='par_1_48' title="bbox 1913 1912 3493 1973">
     <span class='ocr_line' id='line_1_48' title="bbox 1913 1912 3493 1973; baseline 0.006 -9"><span class='ocrx_word' id='word_1_311' title='bbox 1913 1912 2060 1968; x_wconf 84' lang='lat' dir='ltr'><strong>tione</strong></span> <span class='ocrx_word' id='word_1_312' title='bbox 2103 1916 2175 1969; x_wconf 91' lang='lat' dir='ltr'><strong>De</strong></span> <span class='ocrx_word' id='word_1_313' title='bbox 2214 1929 2341 1969; x_wconf 86' lang='lat' dir='ltr'><strong>vera</strong></span> <span class='ocrx_word' id='word_1_314' title='bbox 2374 1929 2540 1969; x_wconf 86' lang='lat' dir='ltr'><strong>causa</strong></span> <span class='ocrx_word' id='word_1_315' title='bbox 2592 1928 2840 1969; x_wconf 90' lang='lat' dir='ltr'><strong>secessus</strong></span> <span class='ocrx_word' id='word_1_316' title='bbox 2879 1914 2938 1969; x_wconf 98' lang='grc'><strong>8.</strong></span> <span class='ocrx_word' id='word_1_317' title='bbox 2979 1916 3246 1973; x_wconf 88' lang='lat' dir='ltr'><strong>Brunonis</strong></span> <span class='ocrx_word' id='word_1_318' title='bbox 3286 1918 3339 1972; x_wconf 90' lang='lat' dir='ltr'><strong>in</strong></span> <span class='ocrx_word' id='word_1_319' title='bbox 3372 1932 3493 1973; x_wconf 85' lang='lat' dir='ltr'><strong>ere-</strong></span> 
     </span>
    </p>
   </div>
   <div class='ocr_carea' id='block_1_49' title="bbox 1913 2003 3492 2076">
    <p class='ocr_par' dir='ltr' id='par_1_49' title="bbox 1913 2003 3492 2076">
     <span class='ocr_line' id='line_1_49' title="bbox 1913 2003 3492 2076; baseline 0.004 -22"><span class='ocrx_word' id='word_1_320' title='bbox 1913 2018 2078 2057; x_wconf 67' lang='lat' dir='ltr'><strong>nium.</strong></span> <span class='ocrx_word' id='word_1_321' title='bbox 2127 2003 2296 2071; x_wconf 84' lang='lat' dir='ltr'><strong>Quem</strong></span> <span class='ocrx_word' id='word_1_322' title='bbox 2324 2019 2487 2072; x_wconf 88' lang='lat' dir='ltr'><strong>porro</strong></span> <span class='ocrx_word' id='word_1_323' title='bbox 2519 2005 2796 2061; x_wconf 90' lang='lat' dir='ltr'><strong>doctorem</strong></span> <span class='ocrx_word' id='word_1_324' title='bbox 2838 2007 3092 2062; x_wconf 77' lang='lat' dir='ltr'><strong>habuerit</strong></span> <span class='ocrx_word' id='word_1_325' title='bbox 3118 2008 3302 2076; x_wconf 86' lang='lat' dir='ltr'><strong>paucis</strong></span> <span class='ocrx_word' id='word_1_326' title='bbox 3331 2024 3492 2063; x_wconf 89' lang='lat' dir='ltr'><strong>enar-</strong></span> 
     </span>
    </p>
   </div>
   <div class='ocr_carea' id='block_1_50' title="bbox 1912 2094 3489 2169">
    <p class='ocr_par' dir='ltr' id='par_1_50' title="bbox 1912 2094 3489 2169">
     <span class='ocr_line' id='line_1_50' title="bbox 1912 2094 3489 2169; baseline 0.008 -22"><span class='ocrx_word' id='word_1_327' title='bbox 1912 2101 1995 2147; x_wconf 90' lang='lat' dir='ltr'><strong>rat</strong></span> <span class='ocrx_word' id='word_1_328' title='bbox 2017 2094 2461 2165; x_wconf 85' lang='lat' dir='ltr'><strong>chronographus</strong></span> <span class='ocrx_word' id='word_1_329' title='bbox 2492 2096 2866 2155; x_wconf 88' lang='lat' dir='ltr'><strong>Malleacensis</strong></span> <span class='ocrx_word' id='word_1_330' title='bbox 2895 2115 2996 2169; x_wconf 89' lang='lat' dir='ltr'><strong>par</strong></span> <span class='ocrx_word' id='word_1_331' title='bbox 3046 2102 3205 2157; x_wconf 88' lang='lat' dir='ltr'><strong>beato</strong></span> <span class='ocrx_word' id='word_1_332' title='bbox 3249 2102 3489 2159; x_wconf 85' lang='lat' dir='ltr'><strong>Brunoni</strong></span> 
     </span>
    </p>
   </div>
   <div class='ocr_carea' id='block_1_51' title="bbox 1910 2185 3491 2249">
    <p class='ocr_par' dir='ltr' id='par_1_51' title="bbox 1910 2185 3491 2249">
     <span class='ocr_line' id='line_1_51' title="bbox 1910 2185 3491 2249; baseline 0.008 -12"><span class='ocrx_word' id='word_1_333' title='bbox 1910 2186 1975 2238; x_wconf 91' lang='lat' dir='ltr'><strong>ad</strong></span> <span class='ocrx_word' id='word_1_334' title='bbox 2000 2199 2089 2240; x_wconf 85' lang='lat' dir='ltr'><strong>an.</strong></span> <span class='ocrx_word' id='word_1_335' title='bbox 2118 2185 2241 2241; x_wconf 84' lang='lat'><strong>996.</strong></span> <span class='ocrx_word' id='word_1_336' title='bbox 2286 2204 2303 2237; x_wconf 75' lang='grc' dir='ltr'>ι</span> <span class='ocrx_word' id='word_1_337' title='bbox 2332 2186 2627 2243; x_wconf 87' lang='lat' dir='ltr'><strong>Gerhertus</strong></span> <span class='ocrx_word' id='word_1_338' title='bbox 2678 2190 2857 2245; x_wconf 90' lang='lat' dir='ltr'><strong>docuit</strong></span> <span class='ocrx_word' id='word_1_339' title='bbox 2916 2192 3229 2247; x_wconf 88' lang='lat' dir='ltr'><strong>Fulbertum</strong></span> <span class='ocrx_word' id='word_1_340' title='bbox 3277 2195 3491 2249; x_wconf 80' lang='lat' dir='ltr'><strong>Carno-</strong></span> 
     </span>
    </p>
   </div>
   <div class='ocr_carea' id='block_1_52' title="bbox 1912 2276 3489 2356">
    <p class='ocr_par' dir='ltr' id='par_1_52' title="bbox 1912 2276 3489 2356">
     <span class='ocr_line' id='line_1_52' title="bbox 1912 2276 3489 2356; baseline 0.006 -27"><span class='ocrx_word' id='word_1_341' title='bbox 1912 2284 2048 2331; x_wconf 89' lang='lat' dir='ltr'><strong>teus.</strong></span> <span class='ocrx_word' id='word_1_342' title='bbox 2079 2276 2417 2346; x_wconf 85' lang='lat' dir='ltr'><strong>episcopum,</strong></span> <span class='ocrx_word' id='word_1_343' title='bbox 2451 2289 2556 2351; x_wconf 85' lang='lat' dir='ltr'><strong>etc.</strong></span> <span class='ocrx_word' id='word_1_344' title='bbox 2588 2279 2686 2334; x_wconf 83' lang='lat' dir='ltr'><strong>llic</strong></span> <span class='ocrx_word' id='word_1_345' title='bbox 2730 2282 2923 2335; x_wconf 88' lang='lat' dir='ltr'><strong>itermn</strong></span> <span class='ocrx_word' id='word_1_346' title='bbox 2977 2283 3163 2338; x_wconf 92' lang='lat' dir='ltr'><strong>docuit</strong></span> <span class='ocrx_word' id='word_1_347' title='bbox 3217 2284 3489 2356; x_wconf 81' lang='lat' dir='ltr'><strong>Berenga-</strong></span> 
     </span>
    </p>
   </div>
   <div class='ocr_carea' id='block_1_53' title="bbox 1910 2368 3491 2441">
    <p class='ocr_par' dir='ltr' id='par_1_53' title="bbox 1910 2368 3491 2441">
     <span class='ocr_line' id='line_1_53' title="bbox 1910 2368 3491 2441; baseline 0.006 -22"><span class='ocrx_word' id='word_1_348' title='bbox 1910 2368 2048 2420; x_wconf 91' lang='lat' dir='ltr'><strong>rium</strong></span> <span class='ocrx_word' id='word_1_349' title='bbox 2100 2369 2421 2423; x_wconf 87' lang='lat' dir='ltr'><strong>canonicum</strong></span> <span class='ocrx_word' id='word_1_350' title='bbox 2453 2370 2635 2424; x_wconf 87' lang='lat' dir='ltr'><strong>Sancti</strong></span> <span class='ocrx_word' id='word_1_351' title='bbox 2686 2370 2936 2437; x_wconf 82' lang='lat' dir='ltr'><strong>Martini;</strong></span> <span class='ocrx_word' id='word_1_352' title='bbox 2984 2374 3074 2441; x_wconf 91' lang='lat' dir='ltr'><strong>qui</strong></span> <span class='ocrx_word' id='word_1_353' title='bbox 3125 2375 3251 2428; x_wconf 86' lang='lat' dir='ltr'><strong>item</strong></span> <span class='ocrx_word' id='word_1_354' title='bbox 3280 2374 3491 2429; x_wconf 65' lang='lat' dir='ltr'><strong>Brunoa</strong></span> 
     </span>
    </p>
   </div>
   <div class='ocr_carea' id='block_1_54' title="bbox 1910 2459 3488 2536">
    <p class='ocr_par' dir='ltr' id='par_1_54' title="bbox 1910 2459 3488 2536">
     <span class='ocr_line' id='line_1_54' title="bbox 1910 2459 3488 2536; baseline 0.005 -23"><span class='ocrx_word' id='word_1_355' title='bbox 1910 2474 2031 2513; x_wconf 91' lang='lat' dir='ltr'><strong>nem</strong></span> <span class='ocrx_word' id='word_1_356' title='bbox 2062 2459 2408 2526; x_wconf 76' lang='lat' dir='ltr'><strong>Remensem,</strong></span> <span class='ocrx_word' id='word_1_357' title='bbox 2453 2472 2508 2517; x_wconf 91' lang='lat' dir='ltr'><strong>et</strong></span> <span class='ocrx_word' id='word_1_358' title='bbox 2559 2464 2758 2519; x_wconf 90' lang='lat' dir='ltr'><strong>multos</strong></span> <span class='ocrx_word' id='word_1_359' title='bbox 2796 2464 2932 2519; x_wconf 84' lang='lat' dir='ltr'><strong>alios</strong></span> <span class='ocrx_word' id='word_1_360' title='bbox 2980 2466 3220 2521; x_wconf 77' lang='lat' dir='ltr'><strong>hzeredes</strong></span> <span class='ocrx_word' id='word_1_361' title='bbox 3270 2468 3488 2536; x_wconf 88' lang='lat' dir='ltr'><strong>reliquit</strong></span> 
     </span>
    </p>
   </div>
   <div class='ocr_carea' id='block_1_55' title="bbox 1908 2552 3488 2627">
    <p class='ocr_par' dir='ltr' id='par_1_55' title="bbox 1908 2552 3488 2627">
     <span class='ocr_line' id='line_1_55' title="bbox 1908 2552 3488 2627; baseline 0.005 -24"><span class='ocrx_word' id='word_1_362' title='bbox 1908 2552 2276 2622; x_wconf 68' lang='lat' dir='ltr'><strong>pltilOSnpltim.</strong></span> <span class='ocrx_word' id='word_1_363' title='bbox 2311 2554 2490 2608; x_wconf 85' lang='lat' dir='ltr'><strong>Bruno</strong></span> <span class='ocrx_word' id='word_1_364' title='bbox 2536 2555 2756 2623; x_wconf 84' lang='lat' dir='ltr'><strong>quidem</strong></span> <span class='ocrx_word' id='word_1_365' title='bbox 2797 2557 3067 2625; x_wconf 87' lang='lat' dir='ltr'><strong>perfectus</strong></span> <span class='ocrx_word' id='word_1_366' title='bbox 3115 2559 3488 2627; x_wconf 58' lang='lat' dir='ltr'><strong>philosolibus,</strong></span> 
     </span>
    </p>
   </div>
   <div class='ocr_carea' id='block_1_56' title="bbox 1910 2634 3492 2714">
    <p class='ocr_par' dir='ltr' id='par_1_56' title="bbox 1910 2634 3492 2714">
     <span class='ocr_line' id='line_1_56' title="bbox 1910 2634 3492 2714; baseline 0.004 -20"><span class='ocrx_word' id='word_1_367' title='bbox 1910 2644 2206 2698; x_wconf 89' lang='lat' dir='ltr'><strong>monachus</strong></span> <span class='ocrx_word' id='word_1_368' title='bbox 2230 2642 2452 2698; x_wconf 75' lang='lat' dir='ltr'><strong>eﬂ‘ectus</strong></span> <span class='ocrx_word' id='word_1_369' title='bbox 2476 2654 2530 2697; x_wconf 90' lang='lat' dir='ltr'><strong>et</strong></span> <span class='ocrx_word' id='word_1_370' title='bbox 2555 2646 2935 2714; x_wconf 88' lang='lat' dir='ltr'><strong>eremitaapud</strong></span> <span class='ocrx_word' id='word_1_371' title='bbox 2961 2634 3148 2701; x_wconf 75' lang='lat' dir='ltr'><strong>Calain</strong></span> <span class='ocrx_word' id='word_1_372' title='bbox 3166 2648 3268 2699; x_wconf 81' lang='lat' dir='ltr'><strong>iam</strong></span> <span class='ocrx_word' id='word_1_373' title='bbox 3300 2649 3409 2701; x_wconf 78' lang='lat' dir='ltr'><strong>nul</strong></span> <span class='ocrx_word' id='word_1_374' title='bbox 3436 2664 3492 2701; x_wconf 79' lang='lat' dir='ltr'><strong>o-</strong></span> 
     </span>
    </p>
   </div>
   <div class='ocr_carea' id='block_1_57' title="bbox 1909 2733 3211 2790">
    <p class='ocr_par' dir='ltr' id='par_1_57' title="bbox 1909 2733 3211 2790">
     <span class='ocr_line' id='line_1_57' title="bbox 1909 2733 3211 2790; baseline 0.002 -5"><span class='ocrx_word' id='word_1_375' title='bbox 1909 2748 2025 2786; x_wconf 89' lang='lat' dir='ltr'><strong>rmn</strong></span> <span class='ocrx_word' id='word_1_376' title='bbox 2062 2735 2446 2787; x_wconf 88' lang='lat' dir='ltr'><strong>monachorum</strong></span> <span class='ocrx_word' id='word_1_377' title='bbox 2476 2733 2636 2788; x_wconf 83' lang='lat' dir='ltr'><strong>Pater</strong></span> <span class='ocrx_word' id='word_1_378' title='bbox 2673 2736 2805 2789; x_wconf 93' lang='lat' dir='ltr'><strong>obiit</strong></span> <span class='ocrx_word' id='word_1_379' title='bbox 2834 2740 2884 2789; x_wconf 88' lang='lat' dir='ltr'><strong>in</strong></span> <span class='ocrx_word' id='word_1_380' title='bbox 2917 2738 3156 2790; x_wconf 81' lang='lat' dir='ltr'><strong>Christo.</strong></span> <span class='ocrx_word' id='word_1_381' title='bbox 3194 2756 3211 2787; x_wconf 70' lang='grc' dir='ltr'><strong><em>ι</em></strong></span> 
     </span>
    </p>
   </div>
   <div class='ocr_carea' id='block_1_58' title="bbox 1977 2823 3491 2895">
    <p class='ocr_par' dir='ltr' id='par_1_58' title="bbox 1977 2823 3491 2895">
     <span class='ocr_line' id='line_1_58' title="bbox 1977 2823 3491 2895; baseline 0.004 -21"><span class='ocrx_word' id='word_1_382' title='bbox 1977 2823 2045 2876; x_wconf 87' lang='lat' dir='ltr'><strong>At</strong></span> <span class='ocrx_word' id='word_1_383' title='bbox 2096 2823 2450 2876; x_wconf 88' lang='lat' dir='ltr'><strong>omittendum</strong></span> <span class='ocrx_word' id='word_1_384' title='bbox 2493 2824 2848 2888; x_wconf 84' lang='lat' dir='ltr'><strong>minimeest,</strong></span> <span class='ocrx_word' id='word_1_385' title='bbox 2896 2827 3036 2895; x_wconf 92' lang='lat' dir='ltr'><strong>quod</strong></span> <span class='ocrx_word' id='word_1_386' title='bbox 3087 2827 3367 2881; x_wconf 73' lang='lat' dir='ltr'><strong>observavi</strong></span> <span class='ocrx_word' id='word_1_387' title='bbox 3423 2830 3491 2880; x_wconf 66' lang='lat' dir='ltr'><strong>r&#39;o</strong></span> 
     </span>
    </p>
   </div>
   <div class='ocr_carea' id='block_1_59' title="bbox 1906 2914 3485 2987">
    <p class='ocr_par' dir='ltr' id='par_1_59' title="bbox 1906 2914 3485 2987">
     <span class='ocr_line' id='line_1_59' title="bbox 1906 2914 3485 2987; baseline 0.003 -18"><span class='ocrx_word' id='word_1_388' title='bbox 1906 2923 2097 2969; x_wconf 86' lang='lat' dir='ltr'><strong>sancto</strong></span> <span class='ocrx_word' id='word_1_389' title='bbox 2126 2914 2396 2980; x_wconf 73' lang='lat' dir='ltr'><strong>liruuoue,</strong></span> <span class='ocrx_word' id='word_1_390' title='bbox 2429 2916 2682 2985; x_wconf 87' lang='lat' dir='ltr'><strong>quodque</strong></span> <span class='ocrx_word' id='word_1_391' title='bbox 2719 2916 2872 2985; x_wconf 80' lang='lat' dir='ltr'><strong>fugit,</strong></span> <span class='ocrx_word' id='word_1_392' title='bbox 2904 2919 3117 2986; x_wconf 90' lang='lat' dir='ltr'><strong>opinor,</strong></span> <span class='ocrx_word' id='word_1_393' title='bbox 3153 2920 3398 2987; x_wconf 69' lang='lat' dir='ltr'><strong>scriptor.</strong></span> <span class='ocrx_word' id='word_1_394' title='bbox 3420 2938 3445 2973; x_wconf 88' lang='lat' dir='ltr'><strong>s</strong></span> <span class='ocrx_word' id='word_1_395' title='bbox 3472 2968 3485 2985; x_wconf 87' lang='lat'><strong>,</strong></span> 
     </span>
    </p>
   </div>
   <div class='ocr_carea' id='block_1_60' title="bbox 1907 3004 3484 3075">
    <p class='ocr_par' dir='ltr' id='par_1_60' title="bbox 1907 3004 3484 3075">
     <span class='ocr_line' id='line_1_60' title="bbox 1907 3004 3484 3075; baseline 0.002 -17"><span class='ocrx_word' id='word_1_396' title='bbox 1907 3014 2034 3073; x_wconf 88' lang='lat' dir='ltr'><strong>puta</strong></span> <span class='ocrx_word' id='word_1_397' title='bbox 2070 3004 2386 3059; x_wconf 84' lang='lat' dir='ltr'><strong>caucellaria</strong></span> <span class='ocrx_word' id='word_1_398' title='bbox 2416 3005 2682 3075; x_wconf 80' lang='lat' dir='ltr'><strong>dignitate</strong></span> <span class='ocrx_word' id='word_1_399' title='bbox 2708 3006 2967 3061; x_wconf 87' lang='lat' dir='ltr'><strong>claruisse</strong></span> <span class='ocrx_word' id='word_1_400' title='bbox 3019 3008 3069 3061; x_wconf 92' lang='lat' dir='ltr'><strong>in</strong></span> <span class='ocrx_word' id='word_1_401' title='bbox 3104 3008 3343 3063; x_wconf 75' lang='lat' dir='ltr'><strong>Ecrlesia</strong></span> <span class='ocrx_word' id='word_1_402' title='bbox 3377 3011 3484 3063; x_wconf 69' lang='lat' dir='ltr'><strong>Re-</strong></span> 
     </span>
    </p>
   </div>
   <div class='ocr_carea' id='block_1_61' title="bbox 222 3097 3488 3185">
    <p class='ocr_par' dir='ltr' id='par_1_61' title="bbox 222 3097 3488 3185">
     <span class='ocr_line' id='line_1_61' title="bbox 222 3097 3488 3185; baseline 0.002 -34"><span class='ocrx_word' id='word_1_403' title='bbox 222 3097 533 3152; x_wconf 84' lang='lat' dir='ltr'><strong>Viromand.</strong></span> <span class='ocrx_word' id='word_1_404' title='bbox 568 3097 633 3152; x_wconf 89' lang='lat' dir='ltr'><strong>ad</strong></span> <span class='ocrx_word' id='word_1_405' title='bbox 663 3112 747 3150; x_wconf 90' lang='lat' dir='ltr'><strong>an.</strong></span> <span class='ocrx_word' id='word_1_406' title='bbox 780 3097 937 3165; x_wconf 76' lang='grc'><strong>1046,</strong></span> <span class='ocrx_word' id='word_1_407' title='bbox 966 3107 1019 3154; x_wconf 90' lang='lat' dir='ltr'><strong>et</strong></span> <span class='ocrx_word' id='word_1_408' title='bbox 1046 3099 1316 3153; x_wconf 88' lang='lat' dir='ltr'><strong>Andream</strong></span> <span class='ocrx_word' id='word_1_409' title='bbox 1345 3100 1648 3166; x_wconf 86' lang='lat' dir='ltr'><strong>Duchcsne,</strong></span> <span class='ocrx_word' id='word_1_410' title='bbox 1677 3101 1799 3156; x_wconf 89' lang='lat' dir='ltr'><strong>hist.</strong></span> <span class='ocrx_word' id='word_1_411' title='bbox 1831 3130 1873 3185; x_wconf 67' lang='grc' dir='ltr'><strong>ρ</strong></span> <span class='ocrx_word' id='word_1_412' title='bbox 1908 3102 2111 3167; x_wconf 89' lang='lat' dir='ltr'><strong>mensi;</strong></span> <span class='ocrx_word' id='word_1_413' title='bbox 2142 3101 2339 3155; x_wconf 90' lang='lat' dir='ltr'><strong>doceor</strong></span> <span class='ocrx_word' id='word_1_414' title='bbox 2362 3101 2413 3156; x_wconf 90' lang='lat' dir='ltr'><strong>id</strong></span> <span class='ocrx_word' id='word_1_415' title='bbox 2439 3115 2501 3155; x_wconf 82' lang='lat' dir='ltr'><strong>ex</strong></span> <span class='ocrx_word' id='word_1_416' title='bbox 2539 3102 2740 3155; x_wconf 77' lang='lat' dir='ltr'><strong>charta:</strong></span> <span class='ocrx_word' id='word_1_417' title='bbox 2772 3101 3167 3171; x_wconf 85' lang='lat' dir='ltr'><strong>subscriptione</strong></span> <span class='ocrx_word' id='word_1_418' title='bbox 3189 3103 3342 3169; x_wconf 88' lang='lat' dir='ltr'><strong>jussu</strong></span> <span class='ocrx_word' id='word_1_419' title='bbox 3374 3105 3488 3157; x_wconf 78' lang='lat' dir='ltr'><strong>Ma-</strong></span> 
     </span>
    </p>
   </div>
   <div class='ocr_carea' id='block_1_62' title="bbox 215 3186 901 3250">
    <p class='ocr_par' dir='ltr' id='par_1_62' title="bbox 215 3186 901 3250">
     <span class='ocr_line' id='line_1_62' title="bbox 215 3186 901 3250; baseline -0.003 -7"><span class='ocrx_word' id='word_1_420' title='bbox 215 3188 517 3243; x_wconf 86' lang='lat' dir='ltr'><strong>Castillion.</strong></span> <span class='ocrx_word' id='word_1_421' title='bbox 553 3186 646 3241; x_wconf 92' lang='lat' dir='ltr'><strong>lib.</strong></span> <span class='ocrx_word' id='word_1_422' title='bbox 674 3203 738 3250; x_wconf 86' lang='grc' dir='ltr'><strong>ιι,</strong></span> <span class='ocrx_word' id='word_1_423' title='bbox 767 3203 817 3242; x_wconf 92' lang='lat' dir='ltr'><strong>c.</strong></span> <span class='ocrx_word' id='word_1_424' title='bbox 849 3189 901 3242; x_wconf 89' lang='lat'><strong>9.</strong></span> 
     </span>
    </p>
   </div>
   <div class='ocr_carea' id='block_1_63' title="bbox 290 3277 1796 3351">
    <p class='ocr_par' dir='ltr' id='par_1_63' title="bbox 290 3277 1796 3351">
     <span class='ocr_line' id='line_1_63' title="bbox 290 3277 1796 3351; baseline 0.001 -19"><span class='ocrx_word' id='word_1_425' title='bbox 290 3280 381 3351; x_wconf 65' lang='lat'><strong>(”)</strong></span> <span class='ocrx_word' id='word_1_426' title='bbox 421 3278 550 3332; x_wconf 82' lang='lat' dir='ltr'><strong>lBlD.</strong></span> <span class='ocrx_word' id='word_1_427' title='bbox 570 3308 641 3317; x_wconf 93' lang='lat'><strong>—-</strong></span> <span class='ocrx_word' id='word_1_428' title='bbox 664 3277 742 3331; x_wconf 77' lang='lat' dir='ltr'><strong>Ad</strong></span> <span class='ocrx_word' id='word_1_429' title='bbox 772 3277 830 3332; x_wconf 90' lang='lat' dir='ltr'><strong>S.</strong></span> <span class='ocrx_word' id='word_1_430' title='bbox 859 3277 1169 3347; x_wconf 81' lang='lat' dir='ltr'><strong>Eugenrlum</strong></span> <span class='ocrx_word' id='word_1_431' title='bbox 1196 3278 1250 3331; x_wconf 79' lang='lat' dir='ltr'><strong>in</strong></span> <span class='ocrx_word' id='word_1_432' title='bbox 1278 3280 1537 3331; x_wconf 81' lang='lat' dir='ltr'><strong>territorio</strong></span> <span class='ocrx_word' id='word_1_433' title='bbox 1563 3278 1796 3335; x_wconf 78' lang='lat' dir='ltr'><strong>Jurensi.</strong></span> 
     </span>
    </p>
   </div>
   <div class='ocr_carea' id='block_1_64' title="bbox 215 3367 1801 3438">
    <p class='ocr_par' dir='ltr' id='par_1_64' title="bbox 215 3367 1801 3438">
     <span class='ocr_line' id='line_1_64' title="bbox 215 3367 1801 3438; baseline 0.001 -15"><span class='ocrx_word' id='word_1_434' title='bbox 215 3369 345 3423; x_wconf 84' lang='lat' dir='ltr'><strong>.lura</strong></span> <span class='ocrx_word' id='word_1_435' title='bbox 379 3371 491 3423; x_wconf 89' lang='lat' dir='ltr'><strong>sive</strong></span> <span class='ocrx_word' id='word_1_436' title='bbox 520 3368 776 3422; x_wconf 82' lang='lat' dir='ltr'><strong>.lurassus</strong></span> <span class='ocrx_word' id='word_1_437' title='bbox 827 3384 1005 3432; x_wconf 88' lang='lat' dir='ltr'><strong>mons,</strong></span> <span class='ocrx_word' id='word_1_438' title='bbox 1052 3369 1102 3422; x_wconf 92' lang='lat' dir='ltr'><strong>in</strong></span> <span class='ocrx_word' id='word_1_439' title='bbox 1129 3384 1236 3438; x_wconf 90' lang='lat' dir='ltr'><strong>quo</strong></span> <span class='ocrx_word' id='word_1_440' title='bbox 1269 3367 1326 3422; x_wconf 89' lang='lat' dir='ltr'><strong>S.</strong></span> <span class='ocrx_word' id='word_1_441' title='bbox 1362 3369 1622 3437; x_wconf 80' lang='lat' dir='ltr'><strong>Eugcndi,</strong></span> <span class='ocrx_word' id='word_1_442' title='bbox 1659 3386 1801 3425; x_wconf 88' lang='lat' dir='ltr'><strong>nune</strong></span> 
     </span>
    </p>
   </div>
   <div class='ocr_carea' id='block_1_65' title="bbox 217 3458 1791 3527">
    <p class='ocr_par' dir='ltr' id='par_1_65' title="bbox 217 3458 1791 3527">
     <span class='ocr_line' id='line_1_65' title="bbox 217 3458 1791 3527; baseline -0.001 -13"><span class='ocrx_word' id='word_1_443' title='bbox 217 3462 277 3515; x_wconf 88' lang='grc'><strong>8.</strong></span> <span class='ocrx_word' id='word_1_444' title='bbox 314 3461 519 3514; x_wconf 83' lang='lat' dir='ltr'><strong>Claudii</strong></span> <span class='ocrx_word' id='word_1_445' title='bbox 551 3460 857 3514; x_wconf 71' lang='lat' dir='ltr'><strong>coenobium</strong></span> <span class='ocrx_word' id='word_1_446' title='bbox 888 3473 902 3512; x_wconf 89' lang='lat'><strong>:</strong></span> <span class='ocrx_word' id='word_1_447' title='bbox 935 3459 1000 3513; x_wconf 88' lang='lat' dir='ltr'><strong>de</strong></span> <span class='ocrx_word' id='word_1_448' title='bbox 1040 3474 1147 3527; x_wconf 91' lang='lat' dir='ltr'><strong>quo</strong></span> <span class='ocrx_word' id='word_1_449' title='bbox 1188 3459 1471 3514; x_wconf 80' lang='lat' dir='ltr'><strong>Meum-das</strong></span> <span class='ocrx_word' id='word_1_450' title='bbox 1502 3458 1791 3513; x_wconf 80' lang='lat' dir='ltr'><strong>Observat.</strong></span> 
     </span>
    </p>
   </div>
   <div class='ocr_carea' id='block_1_66' title="bbox 216 3552 1800 3622">
    <p class='ocr_par' dir='ltr' id='par_1_66' title="bbox 216 3552 1800 3622">
     <span class='ocr_line' id='line_1_66' title="bbox 216 3552 1800 3622; baseline 0.001 -18"><span class='ocrx_word' id='word_1_451' title='bbox 216 3552 583 3622; x_wconf 82' lang='lat' dir='ltr'><strong>Martyrologii</strong></span> <span class='ocrx_word' id='word_1_452' title='bbox 632 3552 961 3606; x_wconf 55' lang='lat' dir='ltr'><strong>Beneilictini</strong></span> <span class='ocrx_word' id='word_1_453' title='bbox 994 3552 1059 3605; x_wconf 92' lang='lat' dir='ltr'><strong>ad</strong></span> <span class='ocrx_word' id='word_1_454' title='bbox 1095 3552 1236 3607; x_wconf 88' lang='lat' dir='ltr'><strong>diem</strong></span> <span class='ocrx_word' id='word_1_455' title='bbox 1296 3554 1317 3604; x_wconf 77' lang='grc'>1</span> <span class='ocrx_word' id='word_1_456' title='bbox 1367 3552 1628 3607; x_wconf 79' lang='lat' dir='ltr'><strong>Januarii.</strong></span> <span class='ocrx_word' id='word_1_457' title='bbox 1684 3554 1800 3619; x_wconf 83' lang='lat' dir='ltr'><strong>Quo</strong></span> 
     </span>
    </p>
   </div>
   <div class='ocr_carea' id='block_1_67' title="bbox 215 3642 1797 3698">
    <p class='ocr_par' dir='ltr' id='par_1_67' title="bbox 215 3642 1797 3698">
     <span class='ocr_line' id='line_1_67' title="bbox 215 3642 1797 3698; baseline 0.001 -3"><span class='ocrx_word' id='word_1_458' title='bbox 215 3643 318 3695; x_wconf 84' lang='lat' dir='ltr'><strong>loci</strong></span> <span class='ocrx_word' id='word_1_459' title='bbox 349 3643 731 3697; x_wconf 88' lang='lat' dir='ltr'><strong>monasterium</strong></span> <span class='ocrx_word' id='word_1_460' title='bbox 782 3642 1125 3696; x_wconf 75' lang='lat' dir='ltr'><strong>Conlatense</strong></span> <span class='ocrx_word' id='word_1_461' title='bbox 1156 3642 1269 3696; x_wconf 87' lang='lat' dir='ltr'><strong>sive</strong></span> <span class='ocrx_word' id='word_1_462' title='bbox 1312 3643 1742 3698; x_wconf 74' lang='lat' dir='ltr'><strong>Condatescense</strong></span> <span class='ocrx_word' id='word_1_463' title='bbox 1769 3659 1797 3697; x_wconf 92' lang='lat' dir='ltr'><strong>a</strong></span> 
     </span>
    </p>
   </div>
   <div class='ocr_carea' id='block_1_68' title="bbox 218 3732 1672 3803">
    <p class='ocr_par' dir='ltr' id='par_1_68' title="bbox 218 3732 1672 3803">
     <span class='ocr_line' id='line_1_68' title="bbox 218 3732 1672 3803; baseline 0.003 -19"><span class='ocrx_word' id='word_1_464' title='bbox 218 3732 428 3797; x_wconf 72' lang='lat' dir='ltr'><strong>1.:rensi</strong></span> <span class='ocrx_word' id='word_1_465' title='bbox 463 3734 874 3803; x_wconf 85' lang='lat' dir='ltr'><strong>haudquaquam</strong></span> <span class='ocrx_word' id='word_1_466' title='bbox 908 3734 1344 3803; x_wconf 82' lang='lat' dir='ltr'><strong>distinguendum</strong></span> <span class='ocrx_word' id='word_1_467' title='bbox 1374 3735 1672 3789; x_wconf 87' lang='lat' dir='ltr'><strong>contendit.</strong></span> 
     </span>
    </p>
   </div>
   <div class='ocr_carea' id='block_1_69' title="bbox 286 3822 1797 3895">
    <p class='ocr_par' dir='ltr' id='par_1_69' title="bbox 286 3822 1797 3895">
     <span class='ocr_line' id='line_1_69' title="bbox 286 3822 1797 3895; baseline 0 -17"><span class='ocrx_word' id='word_1_468' title='bbox 286 3825 376 3895; x_wconf 76' lang='lat'><strong>(“)</strong></span> <span class='ocrx_word' id='word_1_469' title='bbox 404 3824 532 3879; x_wconf 80' lang='lat' dir='ltr'><strong>CAP.</strong></span> <span class='ocrx_word' id='word_1_470' title='bbox 564 3823 654 3877; x_wconf 79' lang='lat' dir='ltr'><strong>XI.</strong></span> <span class='ocrx_word' id='word_1_471' title='bbox 676 3854 747 3864; x_wconf 89' lang='lat'><strong>—</strong></span> <span class='ocrx_word' id='word_1_472' title='bbox 776 3822 879 3889; x_wconf 83' lang='lat' dir='ltr'><strong>Qui</strong></span> <span class='ocrx_word' id='word_1_473' title='bbox 909 3823 1255 3876; x_wconf 75' lang='lat' dir='ltr'><strong>conversionis</strong></span> <span class='ocrx_word' id='word_1_474' title='bbox 1280 3823 1428 3877; x_wconf 78' lang='lat' dir='ltr'><strong>initia</strong></span> <span class='ocrx_word' id='word_1_475' title='bbox 1462 3840 1527 3877; x_wconf 70' lang='lat' dir='ltr'><strong>ex</strong></span> <span class='ocrx_word' id='word_1_476' title='bbox 1561 3824 1797 3893; x_wconf 80' lang='lat' dir='ltr'><strong>subjecta</strong></span> 
     </span>
    </p>
   </div>
   <div class='ocr_carea' id='block_1_70' title="bbox 216 3913 1800 3981">
    <p class='ocr_par' dir='ltr' id='par_1_70' title="bbox 216 3913 1800 3981">
     <span class='ocr_line' id='line_1_70' title="bbox 216 3913 1800 3981; baseline 0 -12"><span class='ocrx_word' id='word_1_477' title='bbox 216 3924 403 3969; x_wconf 78' lang='lat' dir='ltr'><strong>nactus</strong></span> <span class='ocrx_word' id='word_1_478' title='bbox 427 3916 718 3981; x_wconf 82' lang='lat' dir='ltr'><strong>occasione,</strong></span> <span class='ocrx_word' id='word_1_479' title='bbox 738 3923 845 3968; x_wconf 89' lang='lat' dir='ltr'><strong>etc.</strong></span> <span class='ocrx_word' id='word_1_480' title='bbox 878 3913 1053 3967; x_wconf 80' lang='lat' dir='ltr'><strong>Audin</strong></span> <span class='ocrx_word' id='word_1_481' title='bbox 1082 3928 1302 3967; x_wconf 87' lang='lat' dir='ltr'><strong>causam</strong></span> <span class='ocrx_word' id='word_1_482' title='bbox 1332 3930 1429 3968; x_wconf 84' lang='lat' dir='ltr'><strong>cur</strong></span> <span class='ocrx_word' id='word_1_483' title='bbox 1456 3915 1800 3969; x_wconf 86' lang='lat' dir='ltr'><strong>beatissimus</strong></span> 
     </span>
    </p>
   </div>
   <div class='ocr_carea' id='block_1_71' title="bbox 216 4005 1800 4075">
    <p class='ocr_par' dir='ltr' id='par_1_71' title="bbox 216 4005 1800 4075">
     <span class='ocr_line' id='line_1_71' title="bbox 216 4005 1800 4075; baseline -0.001 -14"><span class='ocrx_word' id='word_1_484' title='bbox 216 4007 305 4062; x_wconf 86' lang='lat' dir='ltr'><strong>ille</strong></span> <span class='ocrx_word' id='word_1_485' title='bbox 336 4005 803 4062; x_wconf 88' lang='lat' dir='ltr'><strong>Carthusiensium</strong></span> <span class='ocrx_word' id='word_1_486' title='bbox 832 4015 1186 4075; x_wconf 82' lang='lat' dir='ltr'><strong>protOparens</strong></span> <span class='ocrx_word' id='word_1_487' title='bbox 1216 4005 1267 4059; x_wconf 89' lang='lat' dir='ltr'><strong>in</strong></span> <span class='ocrx_word' id='word_1_488' title='bbox 1295 4019 1534 4060; x_wconf 89' lang='lat' dir='ltr'><strong>ercmum</strong></span> <span class='ocrx_word' id='word_1_489' title='bbox 1561 4019 1800 4060; x_wconf 87' lang='lat' dir='ltr'><strong>secesse-</strong></span> 
     </span>
    </p>
   </div>
   <div class='ocr_carea' id='block_1_72' title="bbox 215 4097 1798 4169">
    <p class='ocr_par' dir='ltr' id='par_1_72' title="bbox 215 4097 1798 4169">
     <span class='ocr_line' id='line_1_72' title="bbox 215 4097 1798 4169; baseline -0.003 -16"><span class='ocrx_word' id='word_1_490' title='bbox 215 4101 306 4169; x_wconf 63' lang='lat' dir='ltr'><strong>ritt</strong></span> <span class='ocrx_word' id='word_1_491' title='bbox 352 4100 421 4153; x_wconf 90' lang='lat' dir='ltr'><strong>ab</strong></span> <span class='ocrx_word' id='word_1_492' title='bbox 473 4107 694 4154; x_wconf 87' lang='lat' dir='ltr'><strong>auctore</strong></span> <span class='ocrx_word' id='word_1_493' title='bbox 748 4108 1026 4153; x_wconf 68' lang='lat' dir='ltr'><strong>comtaneo</strong></span> <span class='ocrx_word' id='word_1_494' title='bbox 1055 4097 1287 4165; x_wconf 85' lang='lat' dir='ltr'><strong>posteris</strong></span> <span class='ocrx_word' id='word_1_495' title='bbox 1321 4098 1617 4152; x_wconf 88' lang='lat' dir='ltr'><strong>traditam?</strong></span> <span class='ocrx_word' id='word_1_496' title='bbox 1650 4112 1798 4151; x_wconf 89' lang='lat' dir='ltr'><strong>eam-</strong></span> 
     </span>
    </p>
   </div>
   <div class='ocr_carea' id='block_1_73' title="bbox 212 4186 1799 4259">
    <p class='ocr_par' dir='ltr' id='par_1_73' title="bbox 212 4186 1799 4259">
     <span class='ocr_line' id='line_1_73' title="bbox 212 4186 1799 4259; baseline -0.003 -15"><span class='ocrx_word' id='word_1_497' title='bbox 212 4196 337 4245; x_wconf 89' lang='lat' dir='ltr'><strong>dem</strong></span> <span class='ocrx_word' id='word_1_498' title='bbox 368 4204 534 4259; x_wconf 89' lang='lat' dir='ltr'><strong>prope</strong></span> <span class='ocrx_word' id='word_1_499' title='bbox 585 4190 754 4259; x_wconf 89' lang='lat' dir='ltr'><strong>aperit</strong></span> <span class='ocrx_word' id='word_1_500' title='bbox 803 4189 1007 4244; x_wconf 90' lang='lat' dir='ltr'><strong>illemet</strong></span> <span class='ocrx_word' id='word_1_501' title='bbox 1032 4187 1090 4242; x_wconf 93' lang='lat' dir='ltr'><strong>S.</strong></span> <span class='ocrx_word' id='word_1_502' title='bbox 1124 4188 1306 4242; x_wconf 87' lang='lat' dir='ltr'><strong>Bruno</strong></span> <span class='ocrx_word' id='word_1_503' title='bbox 1333 4187 1557 4257; x_wconf 91' lang='lat' dir='ltr'><strong>epistola</strong></span> <span class='ocrx_word' id='word_1_504' title='bbox 1588 4189 1655 4258; x_wconf 81' lang='lat' dir='ltr'><strong>ad</strong></span> <span class='ocrx_word' id='word_1_505' title='bbox 1690 4186 1799 4241; x_wconf 76' lang='lat' dir='ltr'><strong>Ra-</strong></span> 
     </span>
    </p>
   </div>
   <div class='ocr_carea' id='block_1_74' title="bbox 212 4278 1797 4351">
    <p class='ocr_par' dir='ltr' id='par_1_74' title="bbox 212 4278 1797 4351">
     <span class='ocr_line' id='line_1_74' title="bbox 212 4278 1797 4351; baseline -0.004 -15"><span class='ocrx_word' id='word_1_506' title='bbox 212 4282 500 4351; x_wconf 91' lang='lat' dir='ltr'><strong>dulphum;</strong></span> <span class='ocrx_word' id='word_1_507' title='bbox 560 4281 650 4336; x_wconf 92' lang='lat' dir='ltr'><strong>ubi</strong></span> <span class='ocrx_word' id='word_1_508' title='bbox 703 4280 1044 4349; x_wconf 88' lang='lat' dir='ltr'><strong>potissimum</strong></span> <span class='ocrx_word' id='word_1_509' title='bbox 1107 4279 1207 4331; x_wconf 90' lang='lat' dir='ltr'><strong>hoc</strong></span> <span class='ocrx_word' id='word_1_510' title='bbox 1256 4286 1572 4347; x_wconf 86' lang='lat' dir='ltr'><strong>argumento</strong></span> <span class='ocrx_word' id='word_1_511' title='bbox 1623 4278 1797 4347; x_wconf 90' lang='lat' dir='ltr'><strong>ipsum</strong></span> 
     </span>
    </p>
   </div>
   <div class='ocr_carea' id='block_1_75' title="bbox 212 4368 1795 4443">
    <p class='ocr_par' dir='ltr' id='par_1_75' title="bbox 212 4368 1795 4443">
     <span class='ocr_line' id='line_1_75' title="bbox 212 4368 1795 4443; baseline -0.004 -16"><span class='ocrx_word' id='word_1_512' title='bbox 212 4374 518 4443; x_wconf 82' lang='lat' dir='ltr'><strong>sponsionis</strong></span> <span class='ocrx_word' id='word_1_513' title='bbox 569 4373 634 4426; x_wconf 90' lang='lat' dir='ltr'><strong>de</strong></span> <span class='ocrx_word' id='word_1_514' title='bbox 676 4372 784 4425; x_wconf 89' lang='lat' dir='ltr'><strong>vita</strong></span> <span class='ocrx_word' id='word_1_515' title='bbox 818 4370 1115 4424; x_wconf 83' lang='lat' dir='ltr'><strong>monastica</strong></span> <span class='ocrx_word' id='word_1_516' title='bbox 1146 4370 1258 4423; x_wconf 89' lang='lat' dir='ltr'><strong>Deo</strong></span> <span class='ocrx_word' id='word_1_517' title='bbox 1299 4368 1452 4422; x_wconf 65' lang='lat' dir='ltr'><strong>facta:</strong></span> <span class='ocrx_word' id='word_1_518' title='bbox 1498 4369 1795 4423; x_wconf 87' lang='lat' dir='ltr'><strong>admonet:</strong></span> 
     </span>
    </p>
   </div>
   <div class='ocr_carea' id='block_1_76' title="bbox 1907 3192 3484 3264">
    <p class='ocr_par' dir='ltr' id='par_1_76' title="bbox 1907 3192 3484 3264">
     <span class='ocr_line' id='line_1_76' title="bbox 1907 3192 3484 3264; baseline 0.003 -19"><span class='ocrx_word' id='word_1_519' title='bbox 1907 3192 2081 3247; x_wconf 90' lang='lat' dir='ltr'><strong>nassis</strong></span> <span class='ocrx_word' id='word_1_520' title='bbox 2110 3193 2503 3262; x_wconf 85' lang='lat' dir='ltr'><strong>archiep&#39;scopi</strong></span> <span class='ocrx_word' id='word_1_521' title='bbox 2546 3194 2825 3248; x_wconf 80' lang='lat' dir='ltr'><strong>Remensis</strong></span> <span class='ocrx_word' id='word_1_522' title='bbox 2868 3195 3108 3260; x_wconf 73' lang='lat' dir='ltr'><strong>scriptre,</strong></span> <span class='ocrx_word' id='word_1_523' title='bbox 3157 3211 3260 3264; x_wconf 89' lang='lat' dir='ltr'><strong>qua</strong></span> <span class='ocrx_word' id='word_1_524' title='bbox 3294 3212 3484 3250; x_wconf 82' lang='lat' dir='ltr'><strong>mona—</strong></span> 
     </span>
    </p>
   </div>
   <div class='ocr_carea' id='block_1_77' title="bbox 1904 3282 3481 3353">
    <p class='ocr_par' dir='ltr' id='par_1_77' title="bbox 1904 3282 3481 3353">
     <span class='ocr_line' id='line_1_77' title="bbox 1904 3282 3481 3353; baseline 0.003 -17"><span class='ocrx_word' id='word_1_525' title='bbox 1904 3283 2070 3336; x_wconf 86' lang='lat' dir='ltr'><strong>sterio</strong></span> <span class='ocrx_word' id='word_1_526' title='bbox 2084 3282 2266 3336; x_wconf 88' lang='lat' dir='ltr'><strong>Sancti</strong></span> <span class='ocrx_word' id='word_1_527' title='bbox 2296 3284 2465 3338; x_wconf 65' lang='lat' dir='ltr'><strong>liasoli</strong></span> <span class='ocrx_word' id='word_1_528' title='bbox 2493 3284 2701 3338; x_wconf 80' lang='lat' dir='ltr'><strong>confert</strong></span> <span class='ocrx_word' id='word_1_529' title='bbox 2720 3284 2911 3338; x_wconf 86' lang='lat' dir='ltr'><strong>altaria</strong></span> <span class='ocrx_word' id='word_1_530' title='bbox 2933 3285 3127 3350; x_wconf 88' lang='lat' dir='ltr'><strong>Alteio,</strong></span> <span class='ocrx_word' id='word_1_531' title='bbox 3152 3297 3206 3341; x_wconf 88' lang='lat' dir='ltr'><strong>et</strong></span> <span class='ocrx_word' id='word_1_532' title='bbox 3229 3287 3481 3353; x_wconf 83' lang='lat' dir='ltr'><strong>Cuprillc,</strong></span> 
     </span>
    </p>
   </div>
   <div class='ocr_carea' id='block_1_78' title="bbox 1903 3369 3479 3437">
    <p class='ocr_par' dir='ltr' id='par_1_78' title="bbox 1903 3369 3479 3437">
     <span class='ocr_line' id='line_1_78' title="bbox 1903 3369 3479 3437; baseline 0.002 -15"><span class='ocrx_word' id='word_1_533' title='bbox 1903 3378 2008 3422; x_wconf 84' lang='lat' dir='ltr'><strong>etc.</strong></span> <span class='ocrx_word' id='word_1_534' title='bbox 2046 3389 2064 3419; x_wconf 83' lang='grc'><strong>«</strong></span> <span class='ocrx_word' id='word_1_535' title='bbox 2098 3369 2290 3423; x_wconf 85' lang='lat' dir='ltr'><strong>Actum</strong></span> <span class='ocrx_word' id='word_1_536' title='bbox 2320 3385 2461 3423; x_wconf 90' lang='lat' dir='ltr'><strong>anno</strong></span> <span class='ocrx_word' id='word_1_537' title='bbox 2486 3369 2621 3423; x_wconf 76' lang='lat'><strong>1076</strong></span> <span class='ocrx_word' id='word_1_538' title='bbox 2645 3370 2998 3437; x_wconf 67' lang='lat' dir='ltr'><strong>praesentibus</strong></span> <span class='ocrx_word' id='word_1_539' title='bbox 3031 3371 3262 3424; x_wconf 87' lang='lat' dir='ltr'><strong>llenrico</strong></span> <span class='ocrx_word' id='word_1_540' title='bbox 3292 3371 3479 3425; x_wconf 76' lang='lat' dir='ltr'><strong>Sancti</strong></span> 
     </span>
    </p>
   </div>
   <div class='ocr_carea' id='block_1_79' title="bbox 1906 3458 3474 3531">
    <p class='ocr_par' dir='ltr' id='par_1_79' title="bbox 1906 3458 3474 3531">
     <span class='ocr_line' id='line_1_79' title="bbox 1906 3458 3474 3531; baseline 0.003 -21"><span class='ocrx_word' id='word_1_541' title='bbox 1906 3458 2155 3527; x_wconf 79' lang='lat' dir='ltr'><strong>Remigii,</strong></span> <span class='ocrx_word' id='word_1_542' title='bbox 2208 3458 2477 3514; x_wconf 78' lang='lat' dir='ltr'><strong>Joscelino</strong></span> <span class='ocrx_word' id='word_1_543' title='bbox 2529 3459 2863 3521; x_wconf 85' lang='lat' dir='ltr'><strong>Altivillaris,</strong></span> <span class='ocrx_word' id='word_1_544' title='bbox 2919 3458 3169 3531; x_wconf 89' lang='lat' dir='ltr'><strong>Gybniuo</strong></span> <span class='ocrx_word' id='word_1_545' title='bbox 3224 3461 3474 3523; x_wconf 84' lang='lat' dir='ltr'><strong>Mosomi,</strong></span> 
     </span>
    </p>
   </div>
   <div class='ocr_carea' id='block_1_80' title="bbox 1905 3548 3486 3616">
    <p class='ocr_par' dir='ltr' id='par_1_80' title="bbox 1905 3548 3486 3616">
     <span class='ocr_line' id='line_1_80' title="bbox 1905 3548 3486 3616; baseline 0.003 -15"><span class='ocrx_word' id='word_1_546' title='bbox 1905 3548 2222 3603; x_wconf 80' lang='lat' dir='ltr'><strong>Raimhaldo</strong></span> <span class='ocrx_word' id='word_1_547' title='bbox 2275 3548 2334 3603; x_wconf 90' lang='lat' dir='ltr'><strong>S.</strong></span> <span class='ocrx_word' id='word_1_548' title='bbox 2392 3548 2711 3603; x_wconf 87' lang='lat' dir='ltr'><strong>Theoderici</strong></span> <span class='ocrx_word' id='word_1_549' title='bbox 2767 3551 3070 3616; x_wconf 89' lang='lat' dir='ltr'><strong>abbatibus,</strong></span> <span class='ocrx_word' id='word_1_550' title='bbox 3125 3560 3179 3604; x_wconf 92' lang='lat' dir='ltr'><strong>et</strong></span> <span class='ocrx_word' id='word_1_551' title='bbox 3229 3551 3486 3606; x_wconf 79' lang='lat' dir='ltr'><strong>Brunoue</strong></span> 
     </span>
    </p>
   </div>
   <div class='ocr_carea' id='block_1_81' title="bbox 1905 3640 2895 3695">
    <p class='ocr_par' dir='ltr' id='par_1_81' title="bbox 1905 3640 2895 3695">
     <span class='ocr_line' id='line_1_81' title="bbox 1905 3640 2895 3695; baseline -0.003 -1"><span class='ocrx_word' id='word_1_552' title='bbox 1905 3640 2186 3695; x_wconf 78' lang='lat' dir='ltr'><strong>Remeusis</strong></span> <span class='ocrx_word' id='word_1_553' title='bbox 2204 3640 2468 3694; x_wconf 72' lang='lat' dir='ltr'><strong>Ecclesia:</strong></span> <span class='ocrx_word' id='word_1_554' title='bbox 2492 3640 2839 3695; x_wconf 83' lang='lat' dir='ltr'><strong>cancellario.</strong></span> <span class='ocrx_word' id='word_1_555' title='bbox 2876 3660 2895 3691; x_wconf 68' lang='grc' dir='ltr'><strong><em>ι</em></strong></span> 
     </span>
    </p>
   </div>
   <div class='ocr_carea' id='block_1_82' title="bbox 1974 3729 3483 3801">
    <p class='ocr_par' dir='ltr' id='par_1_82' title="bbox 1974 3729 3483 3801">
     <span class='ocr_line' id='line_1_82' title="bbox 1974 3729 3483 3801; baseline 0 -16"><span class='ocrx_word' id='word_1_556' title='bbox 1974 3732 2063 3801; x_wconf 60' lang='grc'><strong>(⁵⁸)</strong></span> <span class='ocrx_word' id='word_1_557' title='bbox 2102 3731 2230 3785; x_wconf 74' lang='lat' dir='ltr'><strong>CAP.</strong></span> <span class='ocrx_word' id='word_1_558' title='bbox 2259 3731 2346 3785; x_wconf 81' lang='lat' dir='ltr'><strong>XI.</strong></span> <span class='ocrx_word' id='word_1_559' title='bbox 2382 3760 2447 3771; x_wconf 94' lang='lat'><strong>—</strong></span> <span class='ocrx_word' id='word_1_560' title='bbox 2495 3729 2638 3786; x_wconf 79' lang='lat' dir='ltr'><strong>Vices</strong></span> <span class='ocrx_word' id='word_1_561' title='bbox 2669 3740 2838 3784; x_wconf 82' lang='lat' dir='ltr'><strong>autem</strong></span> <span class='ocrx_word' id='word_1_562' title='bbox 2864 3730 3064 3783; x_wconf 80' lang='lat' dir='ltr'><strong>abbatis</strong></span> <span class='ocrx_word' id='word_1_563' title='bbox 3094 3748 3155 3783; x_wconf 86' lang='lat' dir='ltr'><strong>ac</strong></span> <span class='ocrx_word' id='word_1_564' title='bbox 3202 3732 3483 3799; x_wconf 75' lang='lat' dir='ltr'><strong>provisoria</strong></span> 
     </span>
    </p>
   </div>
   <div class='ocr_carea' id='block_1_83' title="bbox 1901 3810 3483 3892">
    <p class='ocr_par' dir='ltr' id='par_1_83' title="bbox 1901 3810 3483 3892">
     <span class='ocr_line' id='line_1_83' title="bbox 1901 3810 3483 3892; baseline 0.001 -19"><span class='ocrx_word' id='word_1_565' title='bbox 1901 3817 2209 3888; x_wconf 80' lang='lat' dir='ltr'><strong>Gratianop.</strong></span> <span class='ocrx_word' id='word_1_566' title='bbox 2248 3822 2539 3891; x_wconf 73' lang='lat' dir='ltr'><strong>cpiscopus,</strong></span> <span class='ocrx_word' id='word_1_567' title='bbox 2583 3810 2661 3876; x_wconf 80' lang='lat' dir='ltr'><strong>vir</strong></span> <span class='ocrx_word' id='word_1_568' title='bbox 2704 3822 2989 3889; x_wconf 80' lang='lat' dir='ltr'><strong>plurimum</strong></span> <span class='ocrx_word' id='word_1_569' title='bbox 3031 3823 3308 3892; x_wconf 79' lang='lat' dir='ltr'><strong>religiosus</strong></span> <span class='ocrx_word' id='word_1_570' title='bbox 3336 3838 3483 3875; x_wconf 70' lang='lat' dir='ltr'><strong>cnc-</strong></span> 
     </span>
    </p>
   </div>
   <div class='ocr_carea' id='block_1_84' title="bbox 1901 3911 3484 3985">
    <p class='ocr_par' dir='ltr' id='par_1_84' title="bbox 1901 3911 3484 3985">
     <span class='ocr_line' id='line_1_84' title="bbox 1901 3911 3484 3985; baseline 0.001 -20"><span class='ocrx_word' id='word_1_571' title='bbox 1901 3913 2098 3985; x_wconf 82' lang='lat' dir='ltr'><strong>quitur.</strong></span> <span class='ocrx_word' id='word_1_572' title='bbox 2146 3911 2225 3966; x_wconf 87' lang='lat' dir='ltr'><strong>Ne</strong></span> <span class='ocrx_word' id='word_1_573' title='bbox 2272 3913 2485 3968; x_wconf 86' lang='lat' dir='ltr'><strong>mireris</strong></span> <span class='ocrx_word' id='word_1_574' title='bbox 2536 3915 2845 3983; x_wconf 85' lang='lat' dir='ltr'><strong>episcopum</strong></span> <span class='ocrx_word' id='word_1_575' title='bbox 2907 3913 3207 3983; x_wconf 87' lang='lat' dir='ltr'><strong>llugouem,</strong></span> <span class='ocrx_word' id='word_1_576' title='bbox 3259 3914 3484 3968; x_wconf 73' lang='lat' dir='ltr'><strong>novella:</strong></span> 
     </span>
    </p>
   </div>
   <div class='ocr_carea' id='block_1_85' title="bbox 1902 4004 3487 4077">
    <p class='ocr_par' dir='ltr' id='par_1_85' title="bbox 1902 4004 3487 4077">
     <span class='ocr_line' id='line_1_85' title="bbox 1902 4004 3487 4077; baseline 0 -18"><span class='ocrx_word' id='word_1_577' title='bbox 1902 4004 2247 4075; x_wconf 88' lang='lat' dir='ltr'><strong>plantationis</strong></span> <span class='ocrx_word' id='word_1_578' title='bbox 2292 4004 2630 4075; x_wconf 74' lang='lat' dir='ltr'><strong>przefectum,</strong></span> <span class='ocrx_word' id='word_1_579' title='bbox 2669 4007 2867 4077; x_wconf 89' lang='lat' dir='ltr'><strong>quippe</strong></span> <span class='ocrx_word' id='word_1_580' title='bbox 2915 4007 3006 4074; x_wconf 90' lang='lat' dir='ltr'><strong>qui</strong></span> <span class='ocrx_word' id='word_1_581' title='bbox 3039 4007 3204 4061; x_wconf 86' lang='lat' dir='ltr'><strong>vitam</strong></span> <span class='ocrx_word' id='word_1_582' title='bbox 3242 4008 3487 4061; x_wconf 77' lang='lat' dir='ltr'><strong>arctissi-</strong></span> 
     </span>
    </p>
   </div>
   <div class='ocr_carea' id='block_1_86' title="bbox 1903 4096 3482 4167">
    <p class='ocr_par' dir='ltr' id='par_1_86' title="bbox 1903 4096 3482 4167">
     <span class='ocr_line' id='line_1_86' title="bbox 1903 4096 3482 4167; baseline 0.001 -17"><span class='ocrx_word' id='word_1_583' title='bbox 1903 4111 2043 4150; x_wconf 90' lang='lat' dir='ltr'><strong>mam</strong></span> <span class='ocrx_word' id='word_1_584' title='bbox 2072 4096 2372 4166; x_wconf 86' lang='lat' dir='ltr'><strong>professus,</strong></span> <span class='ocrx_word' id='word_1_585' title='bbox 2431 4098 2726 4165; x_wconf 85' lang='lat' dir='ltr'><strong>prudenter</strong></span> <span class='ocrx_word' id='word_1_586' title='bbox 2751 4098 3130 4167; x_wconf 85' lang='lat' dir='ltr'><strong>sapienterque</strong></span> <span class='ocrx_word' id='word_1_587' title='bbox 3158 4097 3301 4151; x_wconf 86' lang='lat' dir='ltr'><strong>illam</strong></span> <span class='ocrx_word' id='word_1_588' title='bbox 3336 4098 3482 4167; x_wconf 60' lang='lat' dir='ltr'><strong>rigao</strong></span> 
     </span>
    </p>
   </div>
   <div class='ocr_carea' id='block_1_87' title="bbox 1899 4186 3477 4255">
    <p class='ocr_par' dir='ltr' id='par_1_87' title="bbox 1899 4186 3477 4255">
     <span class='ocr_line' id='line_1_87' title="bbox 1899 4186 3477 4255; baseline 0 -14"><span class='ocrx_word' id='word_1_589' title='bbox 1899 4203 1978 4251; x_wconf 87' lang='lat' dir='ltr'><strong>re,</strong></span> <span class='ocrx_word' id='word_1_590' title='bbox 2017 4194 2320 4255; x_wconf 88' lang='lat' dir='ltr'><strong>amputare,</strong></span> <span class='ocrx_word' id='word_1_591' title='bbox 2372 4186 2657 4251; x_wconf 75' lang='lat' dir='ltr'><strong>suffodere,</strong></span> <span class='ocrx_word' id='word_1_592' title='bbox 2704 4197 3009 4242; x_wconf 87' lang='lat' dir='ltr'><strong>stercorare</strong></span> <span class='ocrx_word' id='word_1_593' title='bbox 3049 4196 3271 4241; x_wconf 87' lang='lat' dir='ltr'><strong>noverat</strong></span> <span class='ocrx_word' id='word_1_594' title='bbox 3310 4204 3323 4239; x_wconf 90' lang='lat'><strong>:</strong></span> <span class='ocrx_word' id='word_1_595' title='bbox 3367 4204 3477 4241; x_wconf 86' lang='lat' dir='ltr'><strong>non</strong></span> 
     </span>
    </p>
   </div>
   <div class='ocr_carea' id='block_1_88' title="bbox 1902 4278 3479 4335">
    <p class='ocr_par' dir='ltr' id='par_1_88' title="bbox 1902 4278 3479 4335">
     <span class='ocr_line' id='line_1_88' title="bbox 1902 4278 3479 4335; baseline 0 -1"><span class='ocrx_word' id='word_1_596' title='bbox 1902 4295 2059 4335; x_wconf 90' lang='lat' dir='ltr'><strong>secus</strong></span> <span class='ocrx_word' id='word_1_597' title='bbox 2101 4295 2164 4334; x_wconf 90' lang='lat' dir='ltr'><strong>ac</strong></span> <span class='ocrx_word' id='word_1_598' title='bbox 2197 4278 2325 4334; x_wconf 89' lang='lat' dir='ltr'><strong>olim</strong></span> <span class='ocrx_word' id='word_1_599' title='bbox 2365 4281 2693 4334; x_wconf 89' lang='lat' dir='ltr'><strong>sanctissimi</strong></span> <span class='ocrx_word' id='word_1_600' title='bbox 2725 4280 2994 4333; x_wconf 87' lang='lat' dir='ltr'><strong>antistites</strong></span> <span class='ocrx_word' id='word_1_601' title='bbox 3024 4280 3272 4333; x_wconf 90' lang='lat' dir='ltr'><strong>monachi</strong></span> <span class='ocrx_word' id='word_1_602' title='bbox 3304 4283 3479 4335; x_wconf 80' lang='lat' dir='ltr'><strong>Atha-</strong></span> 
     </span>
    </p>
   </div>
   <div class='ocr_carea' id='block_1_89' title="bbox 1903 4369 3476 4440">
    <p class='ocr_par' dir='ltr' id='par_1_89' title="bbox 1903 4369 3476 4440">
     <span class='ocr_line' id='line_1_89' title="bbox 1903 4369 3476 4440; baseline 0.001 -14"><span class='ocrx_word' id='word_1_603' title='bbox 1903 4373 2106 4435; x_wconf 90' lang='lat' dir='ltr'><strong>nasius,</strong></span> <span class='ocrx_word' id='word_1_604' title='bbox 2166 4372 2398 4426; x_wconf 84' lang='lat' dir='ltr'><strong>Basilius</strong></span> <span class='ocrx_word' id='word_1_605' title='bbox 2440 4370 2687 4440; x_wconf 84' lang='lat' dir='ltr'><strong>Magnus,</strong></span> <span class='ocrx_word' id='word_1_606' title='bbox 2727 4369 3025 4438; x_wconf 85' lang='lat' dir='ltr'><strong>Gregorius</strong></span> <span class='ocrx_word' id='word_1_607' title='bbox 3082 4369 3476 4433; x_wconf 75' lang='lat' dir='ltr'><strong>Nazianzenus,</strong></span> 
     </span>
    </p>
   </div>
   <div class='ocr_carea' id='block_1_90' title="bbox 219 4460 3483 4538">
    <p class='ocr_par' dir='ltr' id='par_1_90' title="bbox 219 4460 3483 4538">
     <span class='ocr_line' id='line_1_90' title="bbox 219 4460 3483 4538; baseline -0 -23"><span class='ocrx_word' id='word_1_608' title='bbox 219 4485 236 4514; x_wconf 71' lang='grc' dir='ltr'>ι</span> <span class='ocrx_word' id='word_1_609' title='bbox 272 4464 662 4518; x_wconf 76' lang='lat' dir='ltr'><strong>Rcminiscitur</strong></span> <span class='ocrx_word' id='word_1_610' title='bbox 702 4463 897 4531; x_wconf 90' lang='lat' dir='ltr'><strong>quippe</strong></span> <span class='ocrx_word' id='word_1_611' title='bbox 929 4460 1146 4515; x_wconf 89' lang='lat' dir='ltr'><strong>dilectio</strong></span> <span class='ocrx_word' id='word_1_612' title='bbox 1179 4468 1267 4514; x_wconf 90' lang='lat' dir='ltr'><strong>tua</strong></span> <span class='ocrx_word' id='word_1_613' title='bbox 1307 4460 1471 4529; x_wconf 91' lang='lat' dir='ltr'><strong>quod,</strong></span> <span class='ocrx_word' id='word_1_614' title='bbox 1505 4475 1627 4515; x_wconf 89' lang='lat' dir='ltr'><strong>cum</strong></span> <span class='ocrx_word' id='word_1_615' title='bbox 1674 4474 1795 4529; x_wconf 86' lang='lat' dir='ltr'><strong>ego,</strong></span> <span class='ocrx_word' id='word_1_616' title='bbox 1832 4485 1876 4538; x_wconf 76' lang='grc' dir='ltr'><strong>ι)</strong></span> <span class='ocrx_word' id='word_1_617' title='bbox 1902 4466 2347 4535; x_wconf 81' lang='lat' dir='ltr'><strong>Chrysostomus,</strong></span> <span class='ocrx_word' id='word_1_618' title='bbox 2396 4462 2682 4525; x_wconf 83' lang='lat' dir='ltr'><strong>Martinus,</strong></span> <span class='ocrx_word' id='word_1_619' title='bbox 2732 4461 3063 4531; x_wconf 88' lang='lat' dir='ltr'><strong>Augustinus</strong></span> <span class='ocrx_word' id='word_1_620' title='bbox 3096 4472 3341 4531; x_wconf 91' lang='lat' dir='ltr'><strong>uterque,</strong></span> <span class='ocrx_word' id='word_1_621' title='bbox 3386 4466 3483 4515; x_wconf 69' lang='lat' dir='ltr'><strong>do.</strong></span> 
     </span>
    </p>
   </div>
   <div class='ocr_carea' id='block_1_91' title="bbox 211 4552 1798 4625">
    <p class='ocr_par' dir='ltr' id='par_1_91' title="bbox 211 4552 1798 4625">
     <span class='ocr_line' id='line_1_91' title="bbox 211 4552 1798 4625; baseline -0.003 -14"><span class='ocrx_word' id='word_1_622' title='bbox 211 4566 265 4611; x_wconf 86' lang='lat' dir='ltr'><strong>et</strong></span> <span class='ocrx_word' id='word_1_623' title='bbox 290 4556 507 4610; x_wconf 82' lang='lat' dir='ltr'><strong>Fulcius</strong></span> <span class='ocrx_word' id='word_1_624' title='bbox 535 4556 869 4619; x_wconf 88' lang='lat' dir='ltr'><strong>Monoeulus,</strong></span> <span class='ocrx_word' id='word_1_625' title='bbox 910 4556 1140 4625; x_wconf 88' lang='lat' dir='ltr'><strong>quadam</strong></span> <span class='ocrx_word' id='word_1_626' title='bbox 1188 4555 1276 4609; x_wconf 88' lang='lat' dir='ltr'><strong>die</strong></span> <span class='ocrx_word' id='word_1_627' title='bbox 1305 4553 1464 4609; x_wconf 89' lang='lat' dir='ltr'><strong>simul</strong></span> <span class='ocrx_word' id='word_1_628' title='bbox 1509 4552 1798 4608; x_wconf 81' lang='lat' dir='ltr'><strong>fuissemus</strong></span> 
     </span>
    </p>
   </div>
   <div class='ocr_carea' id='block_1_92' title="bbox 213 4643 1799 4715">
    <p class='ocr_par' dir='ltr' id='par_1_92' title="bbox 213 4643 1799 4715">
     <span class='ocr_line' id='line_1_92' title="bbox 213 4643 1799 4715; baseline -0.004 -14"><span class='ocrx_word' id='word_1_629' title='bbox 213 4665 267 4701; x_wconf 86' lang='lat' dir='ltr'><strong>Ill</strong></span> <span class='ocrx_word' id='word_1_630' title='bbox 302 4647 519 4702; x_wconf 90' lang='lat' dir='ltr'><strong>hortulo</strong></span> <span class='ocrx_word' id='word_1_631' title='bbox 557 4647 821 4715; x_wconf 86' lang='lat' dir='ltr'><strong>adjacenti</strong></span> <span class='ocrx_word' id='word_1_632' title='bbox 875 4648 1056 4700; x_wconf 86' lang='lat' dir='ltr'><strong>doumi</strong></span> <span class='ocrx_word' id='word_1_633' title='bbox 1093 4646 1243 4707; x_wconf 65' lang='lat' dir='ltr'><strong>Adin,</strong></span> <span class='ocrx_word' id='word_1_634' title='bbox 1279 4645 1368 4698; x_wconf 92' lang='lat' dir='ltr'><strong>ubi</strong></span> <span class='ocrx_word' id='word_1_635' title='bbox 1395 4654 1522 4697; x_wconf 91' lang='lat' dir='ltr'><strong>tunc</strong></span> <span class='ocrx_word' id='word_1_636' title='bbox 1559 4643 1799 4712; x_wconf 84' lang='lat' dir='ltr'><strong>hOSpita-</strong></span> 
     </span>
    </p>
   </div>
   <div class='ocr_carea' id='block_1_93' title="bbox 213 4733 1797 4805">
    <p class='ocr_par' dir='ltr' id='par_1_93' title="bbox 213 4733 1797 4805">
     <span class='ocr_line' id='line_1_93' title="bbox 213 4733 1797 4805; baseline -0.003 -15"><span class='ocrx_word' id='word_1_637' title='bbox 213 4755 331 4803; x_wconf 86' lang='lat' dir='ltr'><strong>nar,</strong></span> <span class='ocrx_word' id='word_1_638' title='bbox 385 4739 452 4792; x_wconf 91' lang='lat' dir='ltr'><strong>de</strong></span> <span class='ocrx_word' id='word_1_639' title='bbox 486 4738 633 4792; x_wconf 86' lang='lat' dir='ltr'><strong>falsis</strong></span> <span class='ocrx_word' id='word_1_640' title='bbox 680 4738 1156 4801; x_wconf 85' lang='lat' dir='ltr'><strong>oblectationibus,</strong></span> <span class='ocrx_word' id='word_1_641' title='bbox 1212 4744 1267 4790; x_wconf 90' lang='lat' dir='ltr'><strong>et</strong></span> <span class='ocrx_word' id='word_1_642' title='bbox 1316 4734 1572 4805; x_wconf 89' lang='lat' dir='ltr'><strong>perituris</strong></span> <span class='ocrx_word' id='word_1_643' title='bbox 1616 4733 1797 4787; x_wconf 90' lang='lat' dir='ltr'><strong>mundi</strong></span> 
     </span>
    </p>
   </div>
   <div class='ocr_carea' id='block_1_94' title="bbox 213 4825 1796 4899">
    <p class='ocr_par' dir='ltr' id='par_1_94' title="bbox 213 4825 1796 4899">
     <span class='ocr_line' id='line_1_94' title="bbox 213 4825 1796 4899; baseline -0.005 -14"><span class='ocrx_word' id='word_1_644' title='bbox 213 4830 377 4899; x_wconf 87' lang='lat' dir='ltr'><strong>hujus</strong></span> <span class='ocrx_word' id='word_1_645' title='bbox 412 4831 640 4894; x_wconf 84' lang='lat' dir='ltr'><strong>divitiis,</strong></span> <span class='ocrx_word' id='word_1_646' title='bbox 688 4846 785 4883; x_wconf 89' lang='lat' dir='ltr'><strong>nec</strong></span> <span class='ocrx_word' id='word_1_647' title='bbox 816 4846 921 4883; x_wconf 89' lang='lat' dir='ltr'><strong>non</strong></span> <span class='ocrx_word' id='word_1_648' title='bbox 953 4829 1019 4882; x_wconf 87' lang='lat' dir='ltr'><strong>de</strong></span> <span class='ocrx_word' id='word_1_649' title='bbox 1052 4828 1306 4896; x_wconf 88' lang='lat' dir='ltr'><strong>perennis</strong></span> <span class='ocrx_word' id='word_1_650' title='bbox 1337 4826 1521 4895; x_wconf 77' lang='lat' dir='ltr'><strong>gloria:</strong></span> <span class='ocrx_word' id='word_1_651' title='bbox 1564 4825 1796 4895; x_wconf 86' lang='lat' dir='ltr'><strong>gaudiis,</strong></span> 
     </span>
    </p>
   </div>
   <div class='ocr_carea' id='block_1_95' title="bbox 211 4916 1798 4991">
    <p class='ocr_par' dir='ltr' id='par_1_95' title="bbox 211 4916 1798 4991">
     <span class='ocr_line' id='line_1_95' title="bbox 211 4916 1798 4991; baseline -0.003 -16"><span class='ocrx_word' id='word_1_652' title='bbox 211 4921 550 4991; x_wconf 87' lang='lat' dir='ltr'><strong>aliquandiu,</strong></span> <span class='ocrx_word' id='word_1_653' title='bbox 591 4931 646 4974; x_wconf 92' lang='lat' dir='ltr'><strong>ut</strong></span> <span class='ocrx_word' id='word_1_654' title='bbox 702 4922 917 4989; x_wconf 86' lang='lat' dir='ltr'><strong>opinor,</strong></span> <span class='ocrx_word' id='word_1_655' title='bbox 975 4928 1366 4983; x_wconf 82' lang='lat' dir='ltr'><strong>tractaremus;</strong></span> <span class='ocrx_word' id='word_1_656' title='bbox 1425 4918 1565 4970; x_wconf 88' lang='lat' dir='ltr'><strong>unde</strong></span> <span class='ocrx_word' id='word_1_657' title='bbox 1613 4916 1798 4970; x_wconf 88' lang='lat' dir='ltr'><strong>divino</strong></span> 
     </span>
    </p>
   </div>
   <div class='ocr_carea' id='block_1_96' title="bbox 212 5008 1794 5082">
    <p class='ocr_par' dir='ltr' id='par_1_96' title="bbox 212 5008 1794 5082">
     <span class='ocr_line' id='line_1_96' title="bbox 212 5008 1794 5082; baseline -0.004 -14"><span class='ocrx_word' id='word_1_658' title='bbox 212 5015 429 5069; x_wconf 83' lang='lat' dir='ltr'><strong>fervore</strong></span> <span class='ocrx_word' id='word_1_659' title='bbox 461 5014 753 5077; x_wconf 87' lang='lat' dir='ltr'><strong>ferventes,</strong></span> <span class='ocrx_word' id='word_1_660' title='bbox 797 5013 1147 5082; x_wconf 90' lang='lat' dir='ltr'><strong>promisimus</strong></span> <span class='ocrx_word' id='word_1_661' title='bbox 1187 5027 1252 5066; x_wconf 88' lang='lat' dir='ltr'><strong>ac</strong></span> <span class='ocrx_word' id='word_1_662' title='bbox 1294 5010 1538 5064; x_wconf 89' lang='lat' dir='ltr'><strong>vovimus</strong></span> <span class='ocrx_word' id='word_1_663' title='bbox 1570 5008 1794 5078; x_wconf 88' lang='lat' dir='ltr'><strong>Spiritui</strong></span> 
     </span>
    </p>
   </div>
   <div class='ocr_carea' id='block_1_97' title="bbox 211 5102 1797 5175">
    <p class='ocr_par' dir='ltr' id='par_1_97' title="bbox 211 5102 1797 5175">
     <span class='ocr_line' id='line_1_97' title="bbox 211 5102 1797 5175; baseline -0.004 -15"><span class='ocrx_word' id='word_1_664' title='bbox 211 5116 421 5169; x_wconf 91' lang='lat' dir='ltr'><strong>sancto,</strong></span> <span class='ocrx_word' id='word_1_665' title='bbox 474 5105 526 5158; x_wconf 94' lang='lat' dir='ltr'><strong>in</strong></span> <span class='ocrx_word' id='word_1_666' title='bbox 583 5107 831 5174; x_wconf 83' lang='lat' dir='ltr'><strong>proximo</strong></span> <span class='ocrx_word' id='word_1_667' title='bbox 879 5104 1100 5175; x_wconf 84' lang='lat' dir='ltr'><strong>fugitiva</strong></span> <span class='ocrx_word' id='word_1_668' title='bbox 1151 5104 1335 5157; x_wconf 64' lang='lat' dir='ltr'><strong>saeculi</strong></span> <span class='ocrx_word' id='word_1_669' title='bbox 1390 5102 1717 5170; x_wconf 90' lang='lat' dir='ltr'><strong>relinquere,</strong></span> <span class='ocrx_word' id='word_1_670' title='bbox 1742 5111 1797 5154; x_wconf 90' lang='lat' dir='ltr'><strong>ct</strong></span> 
     </span>
    </p>
   </div>
   <div class='ocr_carea' id='block_1_98' title="bbox 212 5193 1795 5266">
    <p class='ocr_par' dir='ltr' id='par_1_98' title="bbox 212 5193 1795 5266">
     <span class='ocr_line' id='line_1_98' title="bbox 212 5193 1795 5266; baseline -0.004 -15"><span class='ocrx_word' id='word_1_671' title='bbox 212 5207 416 5251; x_wconf 68' lang='lat' dir='ltr'><strong>acterna</strong></span> <span class='ocrx_word' id='word_1_672' title='bbox 441 5208 679 5266; x_wconf 87' lang='lat' dir='ltr'><strong>captare,</strong></span> <span class='ocrx_word' id='word_1_673' title='bbox 712 5212 808 5250; x_wconf 92' lang='lat' dir='ltr'><strong>nec</strong></span> <span class='ocrx_word' id='word_1_674' title='bbox 841 5212 945 5249; x_wconf 92' lang='lat' dir='ltr'><strong>non</strong></span> <span class='ocrx_word' id='word_1_675' title='bbox 981 5196 1357 5249; x_wconf 84' lang='lat' dir='ltr'><strong>rnonachicutn</strong></span> <span class='ocrx_word' id='word_1_676' title='bbox 1387 5194 1623 5247; x_wconf 89' lang='lat' dir='ltr'><strong>habitum</strong></span> <span class='ocrx_word' id='word_1_677' title='bbox 1656 5193 1795 5245; x_wconf 89' lang='lat' dir='ltr'><strong>reci-</strong></span> 
     </span>
    </p>
   </div>
   <div class='ocr_carea' id='block_1_99' title="bbox 213 5284 1797 5363">
    <p class='ocr_par' dir='ltr' id='par_1_99' title="bbox 213 5284 1797 5363">
     <span class='ocr_line' id='line_1_99' title="bbox 213 5284 1797 5363; baseline -0.003 -21"><span class='ocrx_word' id='word_1_678' title='bbox 213 5305 407 5358; x_wconf 67' lang='lat' dir='ltr'><strong>pere.»</strong></span> <span class='ocrx_word' id='word_1_679' title='bbox 472 5287 627 5342; x_wconf 82' lang='lat' dir='ltr'><strong>Plura</strong></span> <span class='ocrx_word' id='word_1_680' title='bbox 686 5289 828 5341; x_wconf 89' lang='lat' dir='ltr'><strong>lumc</strong></span> <span class='ocrx_word' id='word_1_681' title='bbox 894 5288 947 5339; x_wconf 92' lang='lat' dir='ltr'><strong>in</strong></span> <span class='ocrx_word' id='word_1_682' title='bbox 1014 5287 1231 5341; x_wconf 89' lang='lat' dir='ltr'><strong>modum</strong></span> <span class='ocrx_word' id='word_1_683' title='bbox 1284 5284 1536 5363; x_wconf 68' lang='lat' dir='ltr'><strong>edisserit</strong></span> <span class='ocrx_word' id='word_1_684' title='bbox 1579 5295 1797 5339; x_wconf 86' lang='lat' dir='ltr'><strong>sanctus</strong></span> 
     </span>
    </p>
   </div>
   <div class='ocr_carea' id='block_1_100' title="bbox 210 5378 1149 5450">
    <p class='ocr_par' dir='ltr' id='par_1_100' title="bbox 210 5378 1149 5450">
     <span class='ocr_line' id='line_1_100' title="bbox 210 5378 1149 5450; baseline -0.005 -15"><span class='ocrx_word' id='word_1_685' title='bbox 210 5378 397 5435; x_wconf 85' lang='lat' dir='ltr'><strong>Bruuo</strong></span> <span class='ocrx_word' id='word_1_686' title='bbox 421 5379 532 5450; x_wconf 87' lang='lat' dir='ltr'><strong>jam</strong></span> <span class='ocrx_word' id='word_1_687' title='bbox 573 5379 876 5435; x_wconf 76' lang='lat' dir='ltr'><strong>Carthusize</strong></span> <span class='ocrx_word' id='word_1_688' title='bbox 906 5378 1149 5433; x_wconf 88' lang='lat' dir='ltr'><strong>colonus.</strong></span> 
     </span>
    </p>
   </div>
   <div class='ocr_carea' id='block_1_101' title="bbox 286 5468 1795 5543">
    <p class='ocr_par' dir='ltr' id='par_1_101' title="bbox 286 5468 1795 5543">
     <span class='ocr_line' id='line_1_101' title="bbox 286 5468 1795 5543; baseline -0.003 -17"><span class='ocrx_word' id='word_1_689' title='bbox 286 5473 594 5527; x_wconf 86' lang='lat' dir='ltr'><strong>Canonicus</strong></span> <span class='ocrx_word' id='word_1_690' title='bbox 640 5488 940 5543; x_wconf 90' lang='lat' dir='ltr'><strong>anonymus</strong></span> <span class='ocrx_word' id='word_1_691' title='bbox 980 5470 1164 5526; x_wconf 82' lang='lat' dir='ltr'><strong>Sancti</strong></span> <span class='ocrx_word' id='word_1_692' title='bbox 1216 5470 1428 5524; x_wconf 84' lang='lat' dir='ltr'><strong>Martini</strong></span> <span class='ocrx_word' id='word_1_693' title='bbox 1466 5468 1795 5523; x_wconf 82' lang='lat' dir='ltr'><strong>Turonensis</strong></span> 
     </span>
    </p>
   </div>
   <div class='ocr_carea' id='block_1_102' title="bbox 213 5559 1795 5632">
    <p class='ocr_par' dir='ltr' id='par_1_102' title="bbox 213 5559 1795 5632">
     <span class='ocr_line' id='line_1_102' title="bbox 213 5559 1795 5632; baseline -0.003 -14"><span class='ocrx_word' id='word_1_694' title='bbox 213 5561 455 5619; x_wconf 88' lang='lat' dir='ltr'><strong>llistoria</strong></span> <span class='ocrx_word' id='word_1_695' title='bbox 511 5564 708 5617; x_wconf 81' lang='lat' dir='ltr'><strong>inedita</strong></span> <span class='ocrx_word' id='word_1_696' title='bbox 752 5565 1097 5617; x_wconf 59' lang='lat' dir='ltr'><strong>Bibliotheca!</strong></span> <span class='ocrx_word' id='word_1_697' title='bbox 1138 5562 1334 5632; x_wconf 62' lang='lat' dir='ltr'><strong>Regina.</strong></span> <span class='ocrx_word' id='word_1_698' title='bbox 1404 5581 1421 5612; x_wconf 73' lang='grc' dir='ltr'><strong>ε</strong></span> <span class='ocrx_word' id='word_1_699' title='bbox 1456 5563 1613 5616; x_wconf 83' lang='lat' dir='ltr'><strong>Anno</strong></span> <span class='ocrx_word' id='word_1_700' title='bbox 1660 5559 1795 5614; x_wconf 76' lang='grc'>1086</span> 
     </span>
    </p>
   </div>
   <div class='ocr_carea' id='block_1_103' title="bbox 216 5642 1795 5726">
    <p class='ocr_par' dir='ltr' id='par_1_103' title="bbox 216 5642 1795 5726">
     <span class='ocr_line' id='line_1_103' title="bbox 216 5642 1795 5726; baseline -0.002 -14"><span class='ocrx_word' id='word_1_701' title='bbox 216 5642 441 5726; x_wconf 68' lang='lat' dir='ltr'><strong>inrmpit</strong></span> <span class='ocrx_word' id='word_1_702' title='bbox 487 5657 620 5709; x_wconf 86' lang='lat' dir='ltr'><strong>ordo</strong></span> <span class='ocrx_word' id='word_1_703' title='bbox 675 5657 974 5711; x_wconf 80' lang='lat' dir='ltr'><strong>Carthusiae</strong></span> <span class='ocrx_word' id='word_1_704' title='bbox 1008 5656 1096 5709; x_wconf 90' lang='lat' dir='ltr'><strong>tali</strong></span> <span class='ocrx_word' id='word_1_705' title='bbox 1151 5657 1340 5709; x_wconf 85' lang='lat' dir='ltr'><strong>modo:</strong></span> <span class='ocrx_word' id='word_1_706' title='bbox 1372 5657 1601 5710; x_wconf 82' lang='lat' dir='ltr'><strong>Sanctus</strong></span> <span class='ocrx_word' id='word_1_707' title='bbox 1645 5654 1795 5723; x_wconf 84' lang='lat' dir='ltr'><strong>llugo</strong></span> 
     </span>
    </p>
   </div>
   <div class='ocr_carea' id='block_1_104' title="bbox 213 5747 1793 5823">
    <p class='ocr_par' dir='ltr' id='par_1_104' title="bbox 213 5747 1793 5823">
     <span class='ocr_line' id='line_1_104' title="bbox 213 5747 1793 5823; baseline 0.001 -20"><span class='ocrx_word' id='word_1_708' title='bbox 213 5748 750 5823; x_wconf 65' lang='lat' dir='ltr'><strong>Gratianopniitantis</strong></span> <span class='ocrx_word' id='word_1_709' title='bbox 802 5750 929 5803; x_wconf 85' lang='lat' dir='ltr'><strong>vidit</strong></span> <span class='ocrx_word' id='word_1_710' title='bbox 982 5765 1077 5821; x_wconf 79' lang='lat' dir='ltr'><strong>per</strong></span> <span class='ocrx_word' id='word_1_711' title='bbox 1115 5751 1380 5805; x_wconf 64' lang='lat' dir='ltr'><strong>somnium</strong></span> <span class='ocrx_word' id='word_1_712' title='bbox 1420 5749 1471 5802; x_wconf 86' lang='lat' dir='ltr'><strong>in</strong></span> <span class='ocrx_word' id='word_1_713' title='bbox 1505 5747 1793 5803; x_wconf 85' lang='lat' dir='ltr'><strong>solitudine</strong></span> 
     </span>
    </p>
   </div>
   <div class='ocr_carea' id='block_1_105' title="bbox 1903 4554 3479 4625">
    <p class='ocr_par' dir='ltr' id='par_1_105' title="bbox 1903 4554 3479 4625">
     <span class='ocr_line' id='line_1_105' title="bbox 1903 4554 3479 4625; baseline -0.003 -16"><span class='ocrx_word' id='word_1_714' title='bbox 1903 4566 2022 4610; x_wconf 90' lang='lat' dir='ltr'><strong>ctor</strong></span> <span class='ocrx_word' id='word_1_715' title='bbox 2050 4566 2102 4609; x_wconf 90' lang='lat' dir='ltr'><strong>et</strong></span> <span class='ocrx_word' id='word_1_716' title='bbox 2128 4556 2332 4625; x_wconf 67' lang='lat' dir='ltr'><strong>Anglia:</strong></span> <span class='ocrx_word' id='word_1_717' title='bbox 2373 4556 2671 4624; x_wconf 90' lang='lat' dir='ltr'><strong>apostolus,</strong></span> <span class='ocrx_word' id='word_1_718' title='bbox 2701 4555 2968 4609; x_wconf 80' lang='lat' dir='ltr'><strong>C.csarius</strong></span> <span class='ocrx_word' id='word_1_719' title='bbox 2993 4554 3225 4621; x_wconf 85' lang='lat' dir='ltr'><strong>Arelat.,</strong></span> <span class='ocrx_word' id='word_1_720' title='bbox 3256 4556 3479 4610; x_wconf 74' lang='lat' dir='ltr'><strong>Bonifa.</strong></span> 
     </span>
    </p>
   </div>
   <div class='ocr_carea' id='block_1_106' title="bbox 1902 4646 3476 4718">
    <p class='ocr_par' dir='ltr' id='par_1_106' title="bbox 1902 4646 3476 4718">
     <span class='ocr_line' id='line_1_106' title="bbox 1902 4646 3476 4718; baseline 0 -17"><span class='ocrx_word' id='word_1_721' title='bbox 1902 4649 2019 4703; x_wconf 89' lang='lat' dir='ltr'><strong>eius</strong></span> <span class='ocrx_word' id='word_1_722' title='bbox 2069 4648 2332 4718; x_wconf 85' lang='lat' dir='ltr'><strong>Mogunt.,</strong></span> <span class='ocrx_word' id='word_1_723' title='bbox 2380 4646 2744 4715; x_wconf 86' lang='lat' dir='ltr'><strong>Leodegarius</strong></span> <span class='ocrx_word' id='word_1_724' title='bbox 2792 4647 3076 4715; x_wconf 89' lang='lat' dir='ltr'><strong>Augusto.,</strong></span> <span class='ocrx_word' id='word_1_725' title='bbox 3124 4647 3476 4709; x_wconf 82' lang='lat' dir='ltr'><strong>Lanfraucus,</strong></span> 
     </span>
    </p>
   </div>
   <div class='ocr_carea' id='block_1_107' title="bbox 1902 4739 3476 4807">
    <p class='ocr_par' dir='ltr' id='par_1_107' title="bbox 1902 4739 3476 4807">
     <span class='ocr_line' id='line_1_107' title="bbox 1902 4739 3476 4807; baseline -0.001 -14"><span class='ocrx_word' id='word_1_726' title='bbox 1902 4741 2207 4803; x_wconf 86' lang='lat' dir='ltr'><strong>Anselmus,</strong></span> <span class='ocrx_word' id='word_1_727' title='bbox 2231 4750 2284 4795; x_wconf 91' lang='lat' dir='ltr'><strong>et</strong></span> <span class='ocrx_word' id='word_1_728' title='bbox 2318 4740 2435 4803; x_wconf 89' lang='lat' dir='ltr'><strong>alii,</strong></span> <span class='ocrx_word' id='word_1_729' title='bbox 2469 4739 2863 4793; x_wconf 89' lang='lat' dir='ltr'><strong>institutionem</strong></span> <span class='ocrx_word' id='word_1_730' title='bbox 2897 4740 3270 4807; x_wconf 84' lang='lat' dir='ltr'><strong>suscipiebant</strong></span> <span class='ocrx_word' id='word_1_731' title='bbox 3293 4755 3476 4793; x_wconf 76' lang='lat' dir='ltr'><strong>mona-</strong></span> 
     </span>
    </p>
   </div>
   <div class='ocr_carea' id='block_1_108' title="bbox 1901 4830 3479 4901">
    <p class='ocr_par' dir='ltr' id='par_1_108' title="bbox 1901 4830 3479 4901">
     <span class='ocr_line' id='line_1_108' title="bbox 1901 4830 3479 4901; baseline -0.003 -15"><span class='ocrx_word' id='word_1_732' title='bbox 1901 4834 2151 4886; x_wconf 88' lang='lat' dir='ltr'><strong>chorum.</strong></span> <span class='ocrx_word' id='word_1_733' title='bbox 2182 4832 2390 4886; x_wconf 88' lang='lat' dir='ltr'><strong>Etenim</strong></span> <span class='ocrx_word' id='word_1_734' title='bbox 2426 4846 2545 4901; x_wconf 77' lang='lat' dir='ltr'><strong>qua:</strong></span> <span class='ocrx_word' id='word_1_735' title='bbox 2589 4830 2747 4898; x_wconf 81' lang='lat' dir='ltr'><strong>longo</strong></span> <span class='ocrx_word' id='word_1_736' title='bbox 2776 4845 2870 4883; x_wconf 90' lang='lat' dir='ltr'><strong>usu</strong></span> <span class='ocrx_word' id='word_1_737' title='bbox 2903 4830 2954 4883; x_wconf 93' lang='lat' dir='ltr'><strong>in</strong></span> <span class='ocrx_word' id='word_1_738' title='bbox 2986 4831 3249 4886; x_wconf 72' lang='lat' dir='ltr'><strong>emnohiis</strong></span> <span class='ocrx_word' id='word_1_739' title='bbox 3277 4830 3479 4883; x_wconf 55' lang='lat' dir='ltr'><strong>dulice.</strong></span> 
     </span>
    </p>
   </div>
   <div class='ocr_carea' id='block_1_109' title="bbox 1906 4921 3483 4993">
    <p class='ocr_par' dir='ltr' id='par_1_109' title="bbox 1906 4921 3483 4993">
     <span class='ocr_line' id='line_1_109' title="bbox 1906 4921 3483 4993; baseline -0.002 -16"><span class='ocrx_word' id='word_1_740' title='bbox 1906 4934 2045 4987; x_wconf 87' lang='lat' dir='ltr'><strong>rant,</strong></span> <span class='ocrx_word' id='word_1_741' title='bbox 2079 4932 2527 4993; x_wconf 77' lang='lat' dir='ltr'><strong>percgerautque,</strong></span> <span class='ocrx_word' id='word_1_742' title='bbox 2559 4922 2680 4975; x_wconf 90' lang='lat' dir='ltr'><strong>aliis</strong></span> <span class='ocrx_word' id='word_1_743' title='bbox 2705 4921 2948 4991; x_wconf 85' lang='lat' dir='ltr'><strong>apprime</strong></span> <span class='ocrx_word' id='word_1_744' title='bbox 2979 4922 3368 4993; x_wconf 85' lang='lat' dir='ltr'><strong>depromebant</strong></span> <span class='ocrx_word' id='word_1_745' title='bbox 3392 4939 3404 4972; x_wconf 90' lang='lat'><strong>:</strong></span> <span class='ocrx_word' id='word_1_746' title='bbox 3429 4931 3483 4979; x_wconf 84' lang='lat' dir='ltr'><strong>et</strong></span> 
     </span>
    </p>
   </div>
   <div class='ocr_carea' id='block_1_110' title="bbox 1891 5010 3480 5082">
    <p class='ocr_par' dir='ltr' id='par_1_110' title="bbox 1891 5010 3480 5082">
     <span class='ocr_line' id='line_1_110' title="bbox 1891 5010 3480 5082; baseline -0.004 -14"><span class='ocrx_word' id='word_1_747' title='bbox 1891 5017 2047 5079; x_wconf 73' lang='lat' dir='ltr'><strong>juxta</strong></span> <span class='ocrx_word' id='word_1_748' title='bbox 2080 5016 2205 5068; x_wconf 91' lang='lat' dir='ltr'><strong>illud</strong></span> <span class='ocrx_word' id='word_1_749' title='bbox 2229 5014 2387 5068; x_wconf 68' lang='lat' dir='ltr'><strong>Luca:</strong></span> <span class='ocrx_word' id='word_1_750' title='bbox 2413 5029 2485 5067; x_wconf 84' lang='lat' dir='ltr'><strong>xu</strong></span> <span class='ocrx_word' id='word_1_751' title='bbox 2514 5013 2579 5067; x_wconf 93' lang='lat' dir='ltr'><strong>de</strong></span> <span class='ocrx_word' id='word_1_752' title='bbox 2604 5012 2741 5065; x_wconf 88' lang='lat' dir='ltr'><strong>tideli</strong></span> <span class='ocrx_word' id='word_1_753' title='bbox 2768 5014 3144 5082; x_wconf 87' lang='lat' dir='ltr'><strong>dispensatore</strong></span> <span class='ocrx_word' id='word_1_754' title='bbox 3185 5010 3480 5066; x_wconf 73' lang='lat' dir='ltr'><strong>Dominicm</strong></span> 
     </span>
    </p>
   </div>
   <div class='ocr_carea' id='block_1_111' title="bbox 1901 5101 3483 5173">
    <p class='ocr_par' dir='ltr' id='par_1_111' title="bbox 1901 5101 3483 5173">
     <span class='ocr_line' id='line_1_111' title="bbox 1901 5101 3483 5173; baseline -0.003 -13"><span class='ocrx_word' id='word_1_755' title='bbox 1901 5107 2138 5170; x_wconf 68' lang='lat' dir='ltr'><strong>familia},</strong></span> <span class='ocrx_word' id='word_1_756' title='bbox 2177 5108 2336 5160; x_wconf 88' lang='lat' dir='ltr'><strong>tritici</strong></span> <span class='ocrx_word' id='word_1_757' title='bbox 2370 5117 2678 5159; x_wconf 90' lang='lat' dir='ltr'><strong>mensuram</strong></span> <span class='ocrx_word' id='word_1_758' title='bbox 2709 5106 2836 5158; x_wconf 86' lang='lat' dir='ltr'><strong>dare</strong></span> <span class='ocrx_word' id='word_1_759' title='bbox 2874 5103 3239 5173; x_wconf 73' lang='lat' dir='ltr'><strong>percellebant</strong></span> <span class='ocrx_word' id='word_1_760' title='bbox 3270 5101 3322 5154; x_wconf 92' lang='lat' dir='ltr'><strong>in</strong></span> <span class='ocrx_word' id='word_1_761' title='bbox 3346 5108 3483 5155; x_wconf 81' lang='lat' dir='ltr'><strong>tem~.</strong></span> 
     </span>
    </p>
   </div>
   <div class='ocr_carea' id='block_1_112' title="bbox 1901 5193 3481 5269">
    <p class='ocr_par' dir='ltr' id='par_1_112' title="bbox 1901 5193 3481 5269">
     <span class='ocr_line' id='line_1_112' title="bbox 1901 5193 3481 5269; baseline -0.004 -18"><span class='ocrx_word' id='word_1_762' title='bbox 1901 5215 2057 5269; x_wconf 89' lang='lat' dir='ltr'><strong>pore;</strong></span> <span class='ocrx_word' id='word_1_763' title='bbox 2090 5200 2440 5267; x_wconf 88' lang='lat' dir='ltr'><strong>sciebantque</strong></span> <span class='ocrx_word' id='word_1_764' title='bbox 2480 5200 2683 5267; x_wconf 88' lang='lat' dir='ltr'><strong>pastori</strong></span> <span class='ocrx_word' id='word_1_765' title='bbox 2718 5219 2735 5249; x_wconf 70' lang='grc' dir='ltr'><em>ς</em></span> <span class='ocrx_word' id='word_1_766' title='bbox 2755 5207 3007 5266; x_wconf 88' lang='lat' dir='ltr'><strong>oportere</strong></span> <span class='ocrx_word' id='word_1_767' title='bbox 3030 5195 3284 5263; x_wconf 87' lang='lat' dir='ltr'><strong>prodesse</strong></span> <span class='ocrx_word' id='word_1_768' title='bbox 3309 5193 3481 5262; x_wconf 83' lang='lat' dir='ltr'><strong>magis</strong></span> 
     </span>
    </p>
   </div>
   <div class='ocr_carea' id='block_1_113' title="bbox 1898 5283 3484 5358">
    <p class='ocr_par' dir='ltr' id='par_1_113' title="bbox 1898 5283 3484 5358">
     <span class='ocr_line' id='line_1_113' title="bbox 1898 5283 3484 5358; baseline -0.002 -18"><span class='ocrx_word' id='word_1_769' title='bbox 1898 5305 2059 5358; x_wconf 90' lang='lat' dir='ltr'><strong>quam</strong></span> <span class='ocrx_word' id='word_1_770' title='bbox 2121 5304 2371 5357; x_wconf 73' lang='lat' dir='ltr'><strong>praeesse,</strong></span> <span class='ocrx_word' id='word_1_771' title='bbox 2406 5308 2424 5340; x_wconf 74' lang='grc' dir='ltr'><strong><em>ι</em></strong></span> <span class='ocrx_word' id='word_1_772' title='bbox 2483 5297 2541 5342; x_wconf 90' lang='lat' dir='ltr'><strong>ut</strong></span> <span class='ocrx_word' id='word_1_773' title='bbox 2590 5288 2829 5356; x_wconf 90' lang='lat' dir='ltr'><strong>loquitur</strong></span> <span class='ocrx_word' id='word_1_774' title='bbox 2890 5295 3113 5342; x_wconf 91' lang='lat' dir='ltr'><strong>sanctus</strong></span> <span class='ocrx_word' id='word_1_775' title='bbox 3160 5283 3484 5338; x_wconf 89' lang='lat' dir='ltr'><strong>Benedictus</strong></span> 
     </span>
    </p>
   </div>
   <div class='ocr_carea' id='block_1_114' title="bbox 1900 5378 3477 5448">
    <p class='ocr_par' dir='ltr' id='par_1_114' title="bbox 1900 5378 3477 5448">
     <span class='ocr_line' id='line_1_114' title="bbox 1900 5378 3477 5448; baseline -0.004 -16"><span class='ocrx_word' id='word_1_776' title='bbox 1900 5380 2098 5447; x_wconf 74' lang='lat' dir='ltr'><strong>regula:</strong></span> <span class='ocrx_word' id='word_1_777' title='bbox 2145 5395 2264 5448; x_wconf 86' lang='lat' dir='ltr'><strong>cap.</strong></span> <span class='ocrx_word' id='word_1_778' title='bbox 2312 5378 2412 5443; x_wconf 57' lang='lat' dir='ltr'><strong>(id;</strong></span> <span class='ocrx_word' id='word_1_779' title='bbox 2445 5387 2499 5431; x_wconf 88' lang='lat' dir='ltr'><strong>et</strong></span> <span class='ocrx_word' id='word_1_780' title='bbox 2530 5394 2649 5446; x_wconf 87' lang='lat' dir='ltr'><strong>cap.</strong></span> <span class='ocrx_word' id='word_1_781' title='bbox 2691 5378 2748 5441; x_wconf 75' lang='lat'><strong>2,</strong></span> <span class='ocrx_word' id='word_1_782' title='bbox 2790 5378 3037 5432; x_wconf 86' lang='lat' dir='ltr'><strong>abbatem</strong></span> <span class='ocrx_word' id='word_1_783' title='bbox 3089 5387 3477 5444; x_wconf 61' lang='lat' dir='ltr'><strong>praemonens:</strong></span> 
     </span>
    </p>
   </div>
   <div class='ocr_carea' id='block_1_115' title="bbox 1904 5464 3481 5536">
    <p class='ocr_par' dir='ltr' id='par_1_115' title="bbox 1904 5464 3481 5536">
     <span class='ocr_line' id='line_1_115' title="bbox 1904 5464 3481 5536; baseline -0.003 -15"><span class='ocrx_word' id='word_1_784' title='bbox 1904 5490 1919 5521; x_wconf 78' lang='grc' dir='ltr'>ί</span> <span class='ocrx_word' id='word_1_785' title='bbox 1961 5469 2152 5524; x_wconf 88' lang='lat' dir='ltr'><strong>Omnia</strong></span> <span class='ocrx_word' id='word_1_786' title='bbox 2177 5469 2312 5523; x_wconf 87' lang='lat' dir='ltr'><strong>bona</strong></span> <span class='ocrx_word' id='word_1_787' title='bbox 2337 5477 2392 5522; x_wconf 91' lang='lat' dir='ltr'><strong>et</strong></span> <span class='ocrx_word' id='word_1_788' title='bbox 2420 5480 2604 5523; x_wconf 89' lang='lat' dir='ltr'><strong>sancta</strong></span> <span class='ocrx_word' id='word_1_789' title='bbox 2638 5467 2795 5520; x_wconf 86' lang='lat' dir='ltr'><strong>factis</strong></span> <span class='ocrx_word' id='word_1_790' title='bbox 2852 5466 3083 5535; x_wconf 88' lang='lat' dir='ltr'><strong>amplius</strong></span> <span class='ocrx_word' id='word_1_791' title='bbox 3108 5479 3269 5536; x_wconf 89' lang='lat' dir='ltr'><strong>quam</strong></span> <span class='ocrx_word' id='word_1_792' title='bbox 3296 5464 3481 5518; x_wconf 83' lang='lat' dir='ltr'><strong>verbis</strong></span> 
     </span>
    </p>
   </div>
   <div class='ocr_carea' id='block_1_116' title="bbox 1899 5555 3474 5628">
    <p class='ocr_par' dir='ltr' id='par_1_116' title="bbox 1899 5555 3474 5628">
     <span class='ocr_line' id='line_1_116' title="bbox 1899 5555 3474 5628; baseline -0.004 -15"><span class='ocrx_word' id='word_1_793' title='bbox 1899 5560 2208 5623; x_wconf 82' lang='lat' dir='ltr'><strong>ostendere,</strong></span> <span class='ocrx_word' id='word_1_794' title='bbox 2231 5570 2289 5613; x_wconf 93' lang='lat' dir='ltr'><strong>ut</strong></span> <span class='ocrx_word' id='word_1_795' title='bbox 2321 5575 2440 5628; x_wconf 74' lang='lat' dir='ltr'><strong>qua:</strong></span> <span class='ocrx_word' id='word_1_796' title='bbox 2463 5559 2742 5627; x_wconf 83' lang='lat' dir='ltr'><strong>discipulis</strong></span> <span class='ocrx_word' id='word_1_797' title='bbox 2763 5558 3007 5612; x_wconf 91' lang='lat' dir='ltr'><strong>docuerit</strong></span> <span class='ocrx_word' id='word_1_798' title='bbox 3029 5572 3149 5612; x_wconf 88' lang='lat' dir='ltr'><strong>esse</strong></span> <span class='ocrx_word' id='word_1_799' title='bbox 3180 5555 3474 5615; x_wconf 89' lang='lat' dir='ltr'><strong>contraria,</strong></span> 
     </span>
    </p>
   </div>
   <div class='ocr_carea' id='block_1_117' title="bbox 1898 5648 3476 5719">
    <p class='ocr_par' dir='ltr' id='par_1_117' title="bbox 1898 5648 3476 5719">
     <span class='ocr_line' id='line_1_117' title="bbox 1898 5648 3476 5719; baseline -0.006 -13"><span class='ocrx_word' id='word_1_800' title='bbox 1898 5654 1950 5706; x_wconf 92' lang='lat' dir='ltr'><strong>in</strong></span> <span class='ocrx_word' id='word_1_801' title='bbox 1979 5652 2091 5707; x_wconf 90' lang='lat' dir='ltr'><strong>suis</strong></span> <span class='ocrx_word' id='word_1_802' title='bbox 2127 5652 2283 5706; x_wconf 87' lang='lat' dir='ltr'><strong>factis</strong></span> <span class='ocrx_word' id='word_1_803' title='bbox 2326 5650 2527 5704; x_wconf 91' lang='lat' dir='ltr'><strong>indicet</strong></span> <span class='ocrx_word' id='word_1_804' title='bbox 2556 5665 2660 5703; x_wconf 91' lang='lat' dir='ltr'><strong>non</strong></span> <span class='ocrx_word' id='word_1_805' title='bbox 2702 5650 2909 5719; x_wconf 87' lang='lat' dir='ltr'><strong>agenda</strong></span> <span class='ocrx_word' id='word_1_806' title='bbox 2940 5670 2957 5701; x_wconf 75' lang='grc' dir='ltr'><strong><em>ι</em></strong></span> <span class='ocrx_word' id='word_1_807' title='bbox 3001 5650 3151 5704; x_wconf 86' lang='lat' dir='ltr'><strong>Unde</strong></span> <span class='ocrx_word' id='word_1_808' title='bbox 3180 5648 3230 5701; x_wconf 91' lang='lat' dir='ltr'><strong>in</strong></span> <span class='ocrx_word' id='word_1_809' title='bbox 3257 5648 3476 5701; x_wconf 87' lang='lat' dir='ltr'><strong>statutis</strong></span> 
     </span>
    </p>
   </div>
   <div class='ocr_carea' id='block_1_118' title="bbox 1892 5723 3471 5814">
    <p class='ocr_par' dir='ltr' id='par_1_118' title="bbox 1892 5723 3471 5814">
     <span class='ocr_line' id='line_1_118' title="bbox 1892 5723 3471 5814; baseline -0.004 -19"><span class='ocrx_word' id='word_1_810' title='bbox 1892 5745 2113 5814; x_wconf 82' lang='lat' dir='ltr'><strong>jubentc</strong></span> <span class='ocrx_word' id='word_1_811' title='bbox 2132 5723 2354 5813; x_wconf 15' lang='lat' dir='ltr'><strong>‘Edgaro</strong></span> <span class='ocrx_word' id='word_1_812' title='bbox 2384 5756 2507 5811; x_wconf 83' lang='lat' dir='ltr'><strong>rege</strong></span> <span class='ocrx_word' id='word_1_813' title='bbox 2537 5740 2787 5805; x_wconf 88' lang='lat' dir='ltr'><strong>conditis,</strong></span> <span class='ocrx_word' id='word_1_814' title='bbox 2815 5741 3086 5797; x_wconf 80' lang='lat' dir='ltr'><strong>decretum</strong></span> <span class='ocrx_word' id='word_1_815' title='bbox 3115 5740 3255 5794; x_wconf 86' lang='lat' dir='ltr'><strong>inter</strong></span> <span class='ocrx_word' id='word_1_816' title='bbox 3279 5745 3471 5792; x_wconf 74' lang='lat' dir='ltr'><strong>thtcra</strong></span> 
     </span>
    </p>
   </div>
  </div>
