4018 6324
599 303 736 358 1085

1589 293 1676 344 AD
1704 288 1853 345 OPP.
1899 287 2055 344 VEN.
2086 285 2412 343 GUlBERTl
2453 285 2540 340 DE
2563 284 2957 345 NOVIGENTO

3691 300 3794 358 1081

592 413 658 466 de
687 407 971 479 episcopis,
1002 406 1090 474 qui
1117 402 1394 457 monachis
1419 414 1650 471 prmesse
1682 400 1979 454 debebant:
2017 419 2034 448 ι
2057 397 2156 464 Qui
2191 401 2234 458 Α
2261 405 2316 449 et
2343 410 2599 449 novorum
2639 409 3133 470 comparationem,
3182 409 3278 456 Sen
3325 402 3794 476 membranarum:

589 502 867 570 ordinatus
912 498 1194 565 episcopus
1247 496 1298 548 iu
1349 494 1598 547 omnibus
1645 493 1894 545 cuuulem
1958 505 2160 544 morem

587 590 788 658 regula:
805 603 924 642 cum
958 587 1236 640 monachis
1263 585 1374 640 suis
1397 600 1554 653 quem
1585 583 1751 638 abbas
1781 593 1924 638 tenet
1956 584 2161 653 regula-

588 679 684 740 ris,
713 680 952 749 diligenti
986 693 1112 732 cura
1144 679 1258 732 sine
1294 677 1693 732 intermissione
1733 677 2020 730 custodiat.
2056 676 2162 731 Nec

586 769 927 836 episcopatus
969 768 1284 831 occasione;
1344 766 1542 836 regula:
1603 775 1867 835 prtcccpla
1927 764 2160 820 tumidus

586 861 667 912 vel
713 859 1008 912 obliviosus
1069 868 1270 912 temere
1337 858 1681 921 intermittat,
1744 857 1836 912 sed
1901 865 2158 926 quantum

585 951 819 1004 excellat
859 959 911 1004 et
973 966 1196 1020 operc.i
1245 951 1508 1006 Seldeuus
1553 952 1602 1004 in
1642 949 1760 1006 Not.
1807 951 1872 1003 ad
1913 949 2160 1004 Eadmcri

585 1040 746 1106 llist.,
773 1058 891 1111 pag.
923 1042 1047 1096 150.

657 1133 734 1186 En
773 1149 992 1188 causam
1035 1149 1133 1188 cur
1181 1133 1472 1188 identidem
1506 1134 1747 1202 prmclari
1797 1141 1870 1186 tot
1902 1132 2159 1202 praesules

585 1226 976 1280 coenobitarum
1016 1234 1253 1280 rectores
1287 1227 1572 1280 exstitere.
1609 1225 1705 1279 Ast
1741 1225 1829 1278 ubi
1859 1239 1888 1278 e
1915 1223 2156 1278 smeulari

583 1315 694 1367 vita
746 1315 797 1368 in
847 1315 1036 1369 solium
1079 1315 1384 1384 episcopale
1435 1315 1629 1369 intrusi
1679 1324 1825 1377 sunt,
1875 1315 1965 1382 qui
2015 1314 2155 1383 quod

586 1418 850 1472 nusquam
877 1405 1112 1458 auditum
1141 1403 1423 1470 lcctumve,
1452 1403 1647 1457 nedum
1697 1405 1749 1458 in
1771 1420 1867 1457 usu
1894 1403 2153 1468 habitum,

583 1495 742 1548 dictis
772 1493 1032 1562 lactisque
1061 1504 1317 1564 poterunt
1347 1496 1603 1550 edocere?
1628 1495 1816 1550 Merito
1847 1496 2010 1565 igitur
2038 1511 2154 1555 eos.

583 1584 676 1651 qui
734 1584 1057 1655 evangelicae
1114 1587 1459 1656 perfectionis
1513 1587 1566 1640 in
1610 1587 1800 1641 ordine
1857 1587 2154 1641 monastico

581 1673 826 1726 instituta
863 1675 1148 1744 amplcxati
1191 1676 1428 1742 fuerunt,
1459 1678 1527 1730 ab
1567 1677 1779 1732 illorum
1811 1676 1934 1744 jure
1957 1679 2151 1731 summi

2265 495 2369 542 etc.
2399 487 2461 540 Et
2491 486 2627 541 infra
2661 504 2674 542 :
2707 509 2724 538 ι
2757 489 2869 560 Εςο
2894 492 3075 560 igitur,
3100 505 3155 548 et
3183 497 3275 565 qui
3304 495 3434 549 mihi
3471 500 3716 566 succedet,
3739 510 3796 560 vi.

2264 576 2396 644 ginti
2429 577 2631 633 solidos
2671 582 2949 634 annuatim
2993 584 3166 646 dabo,
3203 597 3334 651 etc.,
3375 586 3526 655 prior
3547 601 3709 644 noster
3730 597 3802 650 de-

2263 680 2379 720 cem
2409 667 2627 732 solidos,
2659 669 2808 737 prior
2842 672 2908 726 de
2944 675 3124 742 regula
3174 676 3363 729 decem
3412 677 3633 742 solidos,
3666 701 3680 731 ι
3719 694 3801 739 etc.

2263 755 2389 812 Hice
2425 761 2742 816 constitutio
2789 763 2932 818 inter
2961 776 3172 821 veteres
3205 771 3626 826 consuetudines
3649 774 3805 833 biblio-

2263 847 2431 903 theca:
2459 850 2687 906 Floriae.
2721 868 2840 924 pag.
2865 855 2988 909 409.

2341 938 2599 1010 Majorum
2629 958 2843 1014 quoque
2865 948 3111 1015 exemplo
3131 989 3144 1010 ,
3194 948 3386 1004 Patres
3417 955 3804 1022 congregationis

2262 1028 2446 1084 Sancti
2473 1030 2643 1086 Mauri
2673 1035 2736 1088 ad
2761 1045 2920 1103 caput
2957 1037 3151 1106 regulae
3180 1039 3248 1092 48
3271 1079 3286 1103 ,
3319 1039 3371 1091 in
3395 1038 3804 1099 declarationibus

2260 1128 2529 1176 statuere:
2559 1141 2576 1174 ι
2610 1123 2676 1177 Ει
2703 1138 2770 1178 ne
2803 1127 2976 1181 desint
2996 1128 3211 1183 codices
3237 1130 3287 1182 in
3317 1129 3654 1187 bibliothecis
3678 1134 3804 1190 dandi

2258 1208 2517 1267 fratribus
2547 1230 2643 1284 pro
2664 1229 2848 1270 eorum
2880 1229 3063 1288 captu,
3096 1231 3258 1275 erunt
3282 1223 3501 1276 solliciti
3538 1227 3805 1294 superiores

2258 1311 2318 1356 ut
2349 1303 2498 1359 libris
2520 1307 2739 1363 utilibus
2769 1310 3106 1365 instruantur
3135 1329 3233 1382 pro
3269 1314 3621 1370 facultatibus
3649 1333 3805 1374 mona-

2257 1405 2404 1447 Sicl‘tl
2427 1435 2440 1455 ,
2481 1414 2498 1446 ι
2533 1405 2638 1450 etc.

2325 1482 2414 1552 (δ”)
2444 1484 2570 1539 lino.
2595 1517 2662 1527 ——
2690 1487 3023 1545 Nivernensis
3053 1509 3246 1547 comes.
3269 1494 3596 1551 Guillelmus
3620 1501 3806 1568 tertius,

2256 1574 2308 1627 ni
2361 1575 2516 1631 l'allor
2537 1620 2549 1642 ,
2581 1581 2670 1648 qui
2704 1582 3015 1650 aliquandiu
3052 1602 3174 1639 cum
3204 1588 3641 1644 administrasset
3673 1596 3810 1647 corui-

2258 1673 2446 1731 tatum,
2476 1672 2719 1739 neglecto
2748 1675 3032 1741 spleniore
3053 1667 3332 1744 natalium,
3365 1681 3432 1734 ad
3458 1691 3624 1736 tutam
3653 1702 3810 1739 mona-

582 1765 844 1819 Ecclesiac
872 1766 1141 1836 principes
1165 1785 1433 1833 exemere,
1462 1769 1588 1838 quin
1616 1780 1670 1825 et
1701 1770 1838 1824 ultro
1863 1771 2146 1825 monacho-

2259 1757 2407 1812 5ιὶοω
2452 1760 2569 1814 vitae
2618 1763 2906 1820 stationem
2945 1784 2975 1820 e
3025 1771 3281 1823 mundiali
3312 1773 3504 1841 pelago
3538 1775 3742 1842 appulit,
3771 1779 3811 1830 iu

580 1871 697 1908 rum
748 1857 992 1926 regimen
1033 1859 1306 1914 antistites
1363 1861 1463 1930 ipsi
1513 1877 1674 1930 quam
1730 1861 1881 1915 multi
1943 1861 2156 1916 abdica-

579 1956 728 2000 runt.

648 2038 739 2107 (³⁷)
765 2039 893 2105 loto.
934 2071 1002 2078 -—
1038 2040 1356 2096 Ditissimam
1393 2053 1566 2098 (auten
1600 2044 1960 2097 bibliothecam
2000 2060 2156 2112 coag-

573 2140 773 2196 gerant.
819 2129 1141 2200 Usurpatum
1175 2135 1224 2187 id
1271 2151 1333 2188 ex
1393 2135 1576 2203 regula
1621 2135 1805 2190 Sancti
1851 2135 2152 2200 Benedicti,

572 2219 664 2287 qui
711 2221 1030 2290 smpiuscule
1079 2234 1134 2278 ut
1182 2225 1392 2279 lectioni
1438 2237 1637 2292 vacent,
1675 2227 1910 2295 dentque
1960 2227 2154 2282 studiis

571 2317 772 2362 sancta:
803 2309 1093 2380 Scripturae
1121 2330 1341 2384 operam
1370 2317 1694 2371 exhortatur
1723 2319 1905 2387 capite
1939 2317 2028 2379 48,
2075 2335 2139 2373 ac

569 2399 853 2468 praecipit:
897 2421 914 2452 ι
952 2403 1236 2472 Accipiaut
1281 2421 1470 2461 omnes
1531 2408 1772 2477 singulos
1831 2409 2048 2464 codices
2084 2410 2152 2465 de

568 2489 916 2555 bibliotheca,
947 2509 1084 2562 quos
1118 2510 1214 2564 per
1261 2499 1504 2552 ordinem
1535 2499 1734 2568 legant,
1757 2519 1774 2550 ι
1821 2509 1930 2554 etc.
1964 2499 2152 2570 Itaque

570 2579 900 2646 primoribus
943 2583 1048 2636 illis
1076 2584 1558 2643 Carthusiensibus
1601 2591 1653 2642 in
1711 2605 1864 2644 more
1913 2591 2149 2660 positum

569 2668 674 2724 luit
700 2671 1055 2727 bibliothecas
1087 2675 1376 2741 instruere,
1421 2687 1692 2746 quatenus
1733 2680 1834 2733 hac
1880 2691 1995 2734 arte
2023 2681 2150 2735 soli-

569 2759 769 2815 tudinis
802 2763 1012 2817 taadium
1043 2764 1370 2820 allevarcnt:
1409 2769 1462 2822 hi
1507 2782 1740 2838 namque
1779 2769 2148 2825 institutorum

570 2867 790 2907 suorum
839 2857 1130 2910 maximam
1163 2868 1368 2925 partem
1421 2876 1479 2915 se
1512 2871 1788 2918 mutuatos
1831 2862 1998 2918 fuisse
2053 2865 2148 2920 abs

567 2943 749 3012 regula
777 2945 986 3010 eadem,
1019 2947 1111 3000 sed
1155 2950 1452 3016 praesertim
1490 2951 1688 3006 litteris
1725 2953 1866 3006 initae
1893 2969 1983 3007 an.
2010 2953 2146 3008 1652

565 3048 688 3088 cum
720 3039 1134 3107 congregatione
1175 3038 1358 3094 Sancti
1380 3040 1548 3095 Mauri
1579 3044 1874 3107 societatis,
1917 3045 2148 3113 glorian-

566 3133 652 3175 tur
684 3125 766 3180 his
792 3128 1004 3182 verbis:
1061 3147 1078 3180 ι
1109 3128 1174 3181 Ει
1205 3131 1422 3198 quidem
1443 3130 1648 3198 justum
1681 3133 1838 3188 nobis
1868 3134 1968 3186 hac
1997 3134 2048 3186 in
2083 3150 2140 3189 re

563 3214 863 3281 vobiscum,
898 3225 1152 3288 tanquam
1186 3236 1308 3273 eum
1362 3221 1643 3287 fratribus,
1700 3231 1792 3276 aut
1822 3223 2144 3278 commilito-

562 3305 722 3360 nibus
753 3322 1037 3363 commune
1067 3311 1342 3379 gaudium,
1376 3314 1466 3380 qui
1496 3315 1598 3368 sub
1645 3313 1885 3381 ejusdem
1918 3315 2145 3370 sanctis-

561 3396 685 3450 simi
735 3397 913 3453 Patris
957 3401 1304 3471 (Benedicti)
1342 3403 1525 3457 labaro
1576 3404 1901 3474 militamus;
1944 3405 2144 3475 quique

563 3491 633 3544 ab
665 3491 808 3546 illius
843 3495 1076 3563 sapienti
1127 3505 1181 3549 et
1212 3496 1461 3567 religioso
1513 3497 1826 3567 magisterio
1869 3499 2140 3568 pra‘cipua

561 3583 766 3638 militiae
810 3596 1008 3641 nostrae
1051 3587 1422 3643 Cbartusianaa
1467 3589 1589 3658 jura
1636 3590 1886 3660 legesque
1939 3591 2142 3660 accipi-

561 3687 702 3736 mus,
727 3692 747 3724 ι
778 3682 884 3728 etc.

631 3764 898 3819 Cancrum
958 3781 1077 3835 qua:
1130 3779 1417 3838 supersunt
1460 3771 1512 3823 iu
1556 3770 1745 3824 ordine
1797 3769 2142 3824 Benedictino

563 3855 907 3923 antiquorum
933 3869 1404 3913 monumentorqu
1447 3859 1694 3929 vestigia,
1731 3869 1998 3914 testantur
2044 3874 2142 3912 so—

563 3944 740 4001 lemne
777 3961 917 4014 esse,
965 3949 1088 4003 dum
1124 3950 1295 4020 viguit
1328 3950 1589 4020 regularis
1641 3950 2007 4014 observantia,
2061 3950 2142 4002 in-

563 4037 952 4093 structissimas
1014 4040 1372 4096 bibliothecas
1429 4042 1784 4107 concinnare,
1855 4056 1884 4094 e
1945 4041 2140 4109 quibus

560 4141 755 4195 panem
788 4147 805 4178 ι
840 4130 930 4198 qui
960 4144 1064 4182 non
1088 4132 1247 4198 perit,
1276 4151 1295 4182 ι
1328 4131 1528 4200 quique
1578 4150 1594 4180 I
1622 4147 1717 4184 cor
1744 4130 1978 4184 hominis
2011 4145 2139 4184 cou-

563 4214 762 4282 lirmat,
789 4236 806 4266 ι
839 4227 1199 4287 perceperunt
1223 4219 1454 4274 Ascetaa.
1480 4216 1613 4273 Vide
1632 4219 1899 4281 Cassiod,
1926 4219 2136 4272 lnstitu.

560 4307 727 4361 divin.
767 4324 887 4378 cap.
921 4310 1024 4376 5‘2;
1080 4310 1439 4366 Trithemium
1469 4310 1724 4365 Chronic.
1787 4311 2039 4380 llirsaug.
2070 4310 2136 4364 ad

560 4412 686 4450 ann.
714 4397 840 4454 858.

632 4487 858 4554 Quanta:
886 4505 1015 4546 vero
1051 4507 1194 4548 cura:
1230 4491 1391 4547 fuerit
1422 4493 1612 4548 iisdem
1644 4492 1924 4546 monachis
1965 4489 2136 4547 Bene-

560 4579 777 4634 dictiuis
825 4582 989 4637 libros
1015 4600 1293 4653 agger-are,
1337 4585 1636 4654 prardicant
1660 4583 1954 4638 Alexandri
1985 4599 2138 4653 papa:

563 4670 640 4739 (ni
675 4671 850 4742 l'allor)
883 4675 1024 4728 tertii
1057 4675 1251 4730 littera:
1291 4677 1504 4731 bullatte
1550 4676 1614 4730 ad
1645 4676 1894 4731 abbatem
1921 4685 1976 4730 et
2023 4692 2137 4729 mo-

562 4763 769 4818 nachos
799 4764 1035 4834 antiqua:
1057 4767 1320 4822 tiorbeite.

637 4874 657 4908 ι
685 4856 1014 4912 ΑιιεχΑΝοειι
1040 4859 1346 4928 episcopus,
1383 4874 1572 4914 servus
1603 4873 1878 4912 servorum
1915 4858 2025 4922 Dei,
2059 4857 2138 4908 di-

562 4947 717 5002 lectis
749 4947 875 5004 liliis
910 4947 1094 5004 abbati
1119 4958 1174 5003 et
1205 4951 1441 5017 capitulo
1467 4949 1801 5012 Corbeiensi,
1833 4948 2060 5002 salutem
2083 4958 2138 5001 et

563 5039 916 5108 apostolicam
979 5039 1436 5096 benedictionem.
1495 5039 1627 5093 Cum
1687 5039 1865 5092 velitis
1919 5039 2136 5092 utilitati

562 5128 728 5182 vestri
757 5130 1088 5196 monasterii,
1127 5150 1147 5183 ι
1186 5139 1291 5186 etc.
1334 5128 1461 5184 Vide
1496 5131 1550 5183 in
1577 5130 1871 5182 Alexandro
1919 5128 2036 5193 III,
2070 5130 2136 5182 ad

557 5233 651 5273 an.
683 5220 839 5274 1181.

631 5306 795 5377 599
811 5307 1069 5363 Similiter
1079 5309 1317 5365 decrevit
1335 5310 1500 5364 abbas
1523 5310 1707 5364 Sancti
1732 5311 2002 5365 Benedicti
2020 5312 2140 5364 Flo-

561 5395 821 5451 riacensis
847 5398 900 5451 in
927 5399 1159 5468 capitulo
1187 5399 1450 5468 generali:
1475 5401 1625 5470 «;Ego
1650 5399 1832 5454 Macha
1844 5401 1952 5454 rius
1975 5400 2140 5455 abbas

563 5487 873 5539 monasterii
905 5487 1086 5542 Sancti
1118 5490 1388 5545 Benedicti
1425 5491 1813 5554 Floriacensis,
1845 5492 2032 5545 videns
2061 5492 2141 5545 bi-

563 5568 844 5626 bliothecae
870 5584 1067 5630 nostra:
1102 5577 1337 5644 codices,
1371 5588 1639 5634 vetustate
1680 5580 1841 5632 nimia
1879 5581 2135 5645 curiosos,

565 5677 627 5714 ac
657 5660 800 5716 tinea
835 5663 1054 5721 rodentc
1083 5678 1383 5739 corruptos,
1433 5671 1496 5726 ad
1541 5687 1724 5725 eorum
1770 5673 2136 5737 rcl'ectitmem,

2258 1848 2445 1902 ordine
2487 1851 2732 1906 videlicet
2769 1853 3137 1911 Carthusiensi
3174 1859 3433 1914 lutiuilem
3462 1877 3813 1920 convenerunt

2260 1938 2338 2007 (ut
2362 1947 2579 2011 vocant)
2611 1959 2704 1996 seu
2742 1947 3091 2001 servientium
3119 1959 3201 2003 est
3231 1951 3318 2018 pie
3347 1952 3643 2020 professus.
3667 1937 3812 2011 Testis

2257 2028 2532 2086 Guillclm.
2565 2034 2766 2106 Nangis
2802 2037 2855 2090 in
2893 2037 3028 2092 llist.
3063 2056 3164 2093 ms.
3207 2042 3272 2094 ad
3304 2058 3394 2096 an.
3427 2044 3566 2099 1138
3609 2064 3619 2097 :
3662 2065 3677 2096 ι
3714 2047 3811 2099 Flo-

2256 2123 2410 2177 rebat
2450 2126 2614 2180 etiam
2657 2128 2972 2183 Guillclmus
3005 2131 3353 2188 Nivernensis
3381 2150 3570 2189 cernes
3596 2136 3811 2206 insignis,

2256 2215 2406 2284 cujus
2453 2217 2663 2272 devotio
2691 2221 2824 2274 mira
2858 2222 3083 2286 enituit,
3113 2224 3238 2277 dum
3267 2225 3333 2280 de
3362 2228 3573 2293 potenti
3606 2229 3814 2298 principe

2254 2306 2472 2372 saiculi,
2521 2310 2692 2364 lactus
2749 2320 2832 2364 est
2904 2313 2955 2366 in
3007 2313 3290 2368 Chartusia
3352 2317 3576 2371 humilis
3641 2334 3814 2387 pauper

2254 2393 2471 2449 Christi.
2499 2416 2515 2447 ι
2547 2398 2720 2454 Guido
2740 2399 3002 2470 Coquille,
3029 2401 3168 2457 Hist.
3197 2403 3680 2477 Nivernens.,pag.
3713 2409 3809 2462 HS.

2324 2486 2482 2541 Plura
2555 2490 2605 2543 id
2662 2507 2830 2560 genus
2893 2494 3137 2563 exempla
3193 2498 3472 2552 memoria:
3531 2498 3813 2566 ingeruntur

2253 2577 2491 2631 virorum
2525 2595 2720 2648 genere
2751 2581 3045 2650 clarorum,
3077 2585 3168 2656 qui
3208 2586 3518 2656 posthabita
3544 2589 3715 2645 surculi
3743 2605 3812 2641 va-

2251 2668 2417 2721 nitate
2439 2669 2489 2722 in
2517 2670 2747 2725 claustra
2774 2677 3042 2739 sc,'vitam
3071 2677 3370 2747 regularem
3396 2682 3710 2749 prolessuri,
3735 2687 3812 2739 hac

2251 2758 2362 2826 ipsa
2395 2769 2710 2829 tempestate
2740 2776 3074 2834 receperunt.
3106 2766 3241 2820 Nota
3274 2769 3345 2821 nil
3379 2772 3446 2822 ad
3487 2788 3598 2836 me,
3635 2774 3810 2827 scilitet

2252 2850 2318 2904 ab
2340 2852 2587 2906 omnibus
2619 2853 2717 2922 legi
2743 2866 2996 2923 possunt;
3025 2857 3150 2912 bina
3197 2859 3368 2914 solum
3403 2861 3497 2915 hic
3541 2879 3810 2932 apponam,

2249 2955 2279 2993 ο
2307 2942 2491 2996 codice
2527 2945 2936 3001 membranaeco
2965 2946 3182 3016 Majoris
3213 2949 3531 3006 Monasterii
3570 2969 3703 3006 anno
3728 2955 3808 3007 cir-

2250 3029 2385 3083 citer
2422 3031 2550 3084 lll6
2574 3043 2813 3096 exarato,
2849 3049 2964 3103 cap.
2995 3035 3081 3088 45.

2323 3144 2339 3174 ι
2377 3125 2604 3179 lllustris
2622 3126 2836 3194 quidam
2862 3127 3276 3183 Carnotcnsium
3301 3131 3616 3188 vicecomes
3643 3133 3808 3186 librar-

2246 3215 2346 3268 dus
2386 3216 2604 3268 nomine
2648 3217 2828 3270 audita
2863 3217 3070 3271 Domini
3119 3234 3279 3282 voce,
3323 3236 3428 3288 qua
3456 3221 3630 3276 dicit:
3671 3241 3688 3272 ι
3719 3221 3809 3277 Nisi

2245 3304 2366 3372 quis
2392 3306 2781 3360 renuntiaverit
2809 3307 3058 3360 omnibus
3085 3323 3205 3375 qua:
3233 3309 3497 3377 possidet,
3529 3326 3635 3365 non
3666 3321 3810 3379 potest

2246 3409 2397 3448 meus
2426 3409 2546 3448 csse
2577 3395 2870 3464 discipulus
2898 3395 3056 3466 (Luc.
3097 3414 3208 3463 xw,
3260 3397 3380 3468 5'5),
3427 3421 3443 3450 ι
3481 3410 3590 3454 etc.
3623 3402 3812 3455 Timcus

2245 3501 2313 3538 ne
2376 3485 2420 3538 si
2482 3484 2548 3537 ab
2595 3486 2692 3539 ista
2744 3487 2952 3540 Domini
3018 3487 3401 3558 benignissima
3470 3492 3808 3546 admonitione

2243 3591 2302 3632 se
2343 3576 2544 3633 laceret
2596 3578 2856 3642 alienum,
2890 3577 3219 3633 alienaretur
3265 3581 3430 3635 etiam
3489 3582 3544 3636 in
3586 3582 3754 3637 futuro
3783 3599 3808 3634 ξι

2246 3679 2410 3735 regno
2436 3666 2724 3732 cmlorum;
2750 3668 3060 3739 excogitare
3096 3671 3261 3738 coepit
3293 3671 3533 3739 qualiter
3566 3674 3631 3725 ad
3660 3673 3806 3742 ipsum

2245 3759 2527 3813 Domintuu
2583 3761 2803 3831 propius
2885 3763 3210 3827 accederet,
3271 3766 3556 3834 ipsiusque
3618 3767 3807 3821 servitio

2245 3847 2561 3905 l'amiliriaus
2611 3851 2964 3921 tuaneiparet.
3018 3853 3084 3907 Et
3127 3855 3252 3922 quia
3293 3855 3363 3909 ad
3417 3858 3525 3912 hoc
3585 3874 3807 3927 maguum

2242 3940 2514 3994 l'acicbant
2561 3942 3035 4011 impedimentum,
3070 3955 3125 4000 et
3173 3961 3410 4014 praesens
3448 3949 3727 4010 sceculmn,
3764 3963 3806 3998 ei

2242 4047 2468 4102 quicque
2522 4033 2573 4087 in
2615 4048 2681 4088 eo
2729 4035 3007 4103 possidere
3037 4036 3350 4100 videbatur;
3406 4055 3510 4092 nec
3561 4039 3711 4093 facile
3747 4038 3804 4090 illi

2241 4132 2360 4176 erat
2391 4122 2683 4192 adimplere
2715 4125 2855 4192 quod
2886 4125 3133 4191 volebat,
3178 4126 3368 4180 maluit
3397 4129 3586 4182 omnia
3617 4127 3805 4181 omnino

2241 4215 2579 4283 relinquere,
2610 4229 2768 4282 quam
2817 4232 2911 4284 pro
2950 4217 3033 4271 his
3070 4218 3120 4270 itt
3164 4228 3487 4286 perpetuum
3545 4219 3803 4272 infernales

2241 4308 2515 4360 cruciatus
2551 4306 2838 4359 sustinere.
2868 4305 3034 4375 Igitur
3061 4308 3320 4360 honorem
3347 4324 3506 4362 suum
3539 4318 3595 4362 et
3624 4322 3802 4376 posses-

2170 4411 2216 4468 ι)
2243 4397 2424 4451 siones
2457 4396 2856 4452 lratribus'suis
2886 4397 3206 4466 dereliquit,
3249 4400 3456 4468 reliqua
3504 4415 3684 4454 autem
3709 4416 3801 4468 qua-

2240 4485 2291 4538 in
2324 4502 2455 4541 auro
2483 4495 2535 4539 et
2571 4498 2793 4557 argento
2823 4488 3022 4544 habere
3049 4490 3248 4556 potuit,
3283 4492 3618 4574 pauperibus
3643 4507 3800 4559 eroga-

2240 4576 2336 4642 vit,
2353 4585 2616 4645 quatenus
2641 4577 2770 4630 nihil
2792 4577 2900 4644 jam
2925 4578 3187 4634 sollicitus
3213 4581 3278 4634 de
3301 4583 3461 4636 rebus
3479 4583 3800 4642 lransitoriis,

2239 4669 2480 4721 securius
2509 4679 2561 4720 ct
2591 4669 2893 4736 expeditius
2917 4670 3150 4724 inhiarct
3181 4672 3395 4735 divinis,
3431 4684 3537 4728 etc.
3573 4675 3718 4727 Anno
3747 4673 3798 4724 ab

2240 4755 2613 4812 lncarnatione
2663 4759 2871 4813 Domini
2935 4760 3085 4816 1075.
3141 4782 3159 4812 ι
3213 4762 3507 4832 Aliquanto
3566 4773 3681 4833 post
3728 4779 3797 4817 sc-

2239 4847 2420 4916 quitur
2447 4867 2459 4900 :

2313 4958 2330 4988 ι
2371 4938 2474 4992 Sed
2508 4949 2565 4992 ut
2595 4941 2656 4993 ad
2683 4943 3013 5010 propositum
3043 4944 3344 5008 redeamus,
3376 4947 3607 5001 donurus
3633 4949 3794 5001 Ebraro

2241 5028 2340 5082 dus
2387 5031 2560 5083 uttdus
2609 5041 2663 5083 et
2709 5047 2912 5101 pauper
2956 5033 3212 5099 cliectus,
3255 5038 3456 5104 patria,
3511 5040 3794 5106 parentibus

2240 5121 2354 5174 suis
2378 5121 2670 5185 derelictis,
2721 5139 2942 5192 peregre
2992 5126 3268 5192 prolectus
3316 5139 3418 5181 est.
3471 5130 3708 5197 Cumque
3745 5127 3793 5179 de

2240 5215 2671 5283 peregrinatione
2701 5213 2809 5276 illa,
2838 5214 2887 5266 in
2912 5230 3015 5282 qua
3042 5215 3208 5268 multo
3241 5226 3483 5285 tempore
3506 5217 3792 5272 demoratus

2241 5311 2354 5365 est,
2398 5313 2786 5366 reverteretur,
2843 5305 2908 5356 ad
2944 5304 3114 5370 Majus
3154 5301 3539 5360 Monasteriqu
3581 5308 3788 5360 habitum

2243 5392 2372 5446 inibi
2428 5395 2800 5447 monachicum
2855 5403 3206 5462 suscepturus
3249 5396 3503 5460 devenit,
3561 5397 3646 5449 ubi
3690 5411 3789 5449 cum

2241 5482 2562 5550 quibusdam
2602 5485 2787 5538 uxoris
2824 5501 2933 5537 sum
2986 5485 3384 5552 impedimentis
3420 5485 3718 5554 aliquandiu
3747 5485 3786 5534 iu

2244 5580 2414 5633 laicali
2455 5580 2638 5632 habitu
2674 5586 2992 5639 moraretur,
3030 5576 3178 5629 venit
3212 5578 3278 5630 ad
3309 5594 3430 5631 eum
3469 5577 3620 5646 llugo
3647 5577 3786 5628 frater

2245 5674 2432 5742 ipsius,
2485 5671 2573 5740 qui
2623 5670 2667 5724 ei
2719 5671 2769 5724 in
2818 5671 3075 5723 honorem
3126 5669 3528 5724 viccconiitatus
3597 5683 3780 5723 succes-
