4032 6336
247 296 270 352 1
281 291 384 352 085

1378 283 1592 342 DOMNI
1621 283 1681 338 L.
1717 278 2059 336 D'ACllERY
2104 278 2336 335 NOTAE.

3381 284 3513 340 1686

243 415 423 472 serat;
454 402 545 474 qui
577 401 718 463 ,‘cum
764 397 994 472 plurima
1044 395 1232 454 salutis
1264 410 1373 450 sua:
1405 405 1607 451 monita
1659 391 1835 449 audis-
1865 401 1911 456 Λ
1944 392 2168 462 perfecit
2197 406 2313 445 cam
2347 391 2397 443 in
2429 393 2621 446 decore
2658 407 2754 446 suo
2800 392 2937 446 idem
2969 395 3311 449 venerandus
3341 397 3514 452 ﬂuido

243 506 356 561 set,
402 517 419 548 ι
449 504 554 549 etc.

317 588 382 642 Et
433 601 553 654 cap.
599 584 700 649 4‘2,
757 582 847 637 ubi
901 595 1104 651 supra:
1142 597 1158 629 ι
1195 577 1362 632 Nosse
1405 575 1612 630 debetis
1649 574 1694 629 si
1735 573 1825 643 qui

240 680 396 734 eritis
451 678 652 747 posteri
709 675 912 738 nostri,
968 671 1188 742 majoris
1238 670 1443 725 scilicet
1497 670 1827 723 habitatores

242 767 556 824 monasterii
577 765 760 820 Sancti
784 763 1021 826 Martini,
1050 761 1274 815 militem
1296 759 1580 828 quemdam
1610 758 1826 812 noutine

241 861 609 922 lict-nardum,
638 854 958 928 cognomine
983 853 1309 922 Flagellum,
1355 851 1729 906 devcnicntem
1757 849 1824 902 ad

239 951 640 1020 suscipiendum
665 949 804 1018 apud
839 962 936 1002 nos
968 945 1366 1004 monachatum,
1406 943 1635 998 donasse
1670 941 1823 995 nobis

238 1044 523 1098 dimidium
562 1051 755 1104 terrm,
790 1047 847 1093 ut
887 1037 1204 1108 appellatur,
1234 1036 1539 1091 Ostrulvilla
1562 1075 1576 1100 ,
1624 1049 1820 1089 conte—

236 1133 492 1188 dentibus
537 1131 773 1188 dominis
807 1145 1021 1199 quoque
1051 1135 1115 1182 de
1161 1129 1358 1198 quibus
1389 1128 1534 1183 illam
1582 1127 1820 1189 tenebat,

238 1225 464 1295 llugone
509 1223 762 1278 videlicet
814 1224 880 1276 de
929 1221 1198 1276 Putatiolo
1252 1218 1568 1274 vicecomite
1617 1219 1823 1272 Carno-

239 1316 398 1378 tensi.
430 1324 594 1384 atque
622 1315 866 1369 Ebrardo
891 1313 956 1367 de
998 1303 1337 1377 Levaisvilla,
1366 1320 1639 1366 annuente
1682 1326 1822 1380 quo-

234 1423 342 1476 que
367 1408 642 1475 Stephano
669 1405 935 1460 avunculo
961 1421 1087 1469 suo,
1128 1425 1145 1457 ι
1177 1413 1282 1460 etc.

307 1500 398 1570 (“)
429 1501 558 1555 Car.
581 1498 694 1553 XII.
721 1529 792 1539 —
815 1497 1121 1552 Calceorum
1146 1499 1210 1551 de
1253 1497 1516 1551 Corduba.
1556 1496 1639 1551 Nil
1680 1497 1823 1551 hunc

232 1590 412 1646 locum
461 1590 750 1646 0rdericus
798 1588 986 1644 Vitalis
1031 1604 1136 1644 non
1192 1589 1462 1651 elucidat,
1495 1589 1586 1658 qui
1633 1589 1819 1644 eadem

235 1682 406 1734 ferme
455 1689 772 1748 tempestate
819 1679 1195 1747 componebat,
1227 1677 1476 1733 Historia:
1503 1677 1597 1732 lib.
1631 1679 1820 1746 quinto

232 1767 290 1823 in'
322 1770 429 1824 line
460 1787 473 1824 :
513 1787 532 1820 ι
565 1771 836 1824 Dederunt
871 1769 1078 1824 Simoni
1115 1770 1354 1840 quinque
1387 1769 1605 1836 solidos,
1629 1779 1684 1824 et
1714 1769 1821 1824 Ro—

229 1861 388 1916 berto
437 1861 706 1915 sotulares
753 1859 1010 1930 (calceos)
1068 1858 1404 1915 Corduanos.
1456 1880 1474 1912 ›
1525 1860 1654 1914 Item
1683 1859 1822 1915 libro

231 1959 448 2018 octavo,
481 1951 672 2022 pagina
715 1950 820 2007 682
865 1950 1122 2022 graphice
1163 1951 1248 2005 sui
1303 1951 1560 2020 temporis
1609 1950 1821 2008 calceos

229 2043 513 2112 depingit,
547 2053 602 2099 et
646 2043 716 2099 id.
737 2043 882 2098 haud
925 2058 1041 2099 aevo
1095 2052 1285 2098 nostro
1323 2058 1442 2097 .non
1504 2044 1762 2113 competit
1801 2062 1816 2098 :

234 2151 251 2184 ι
276 2133 371 2186 llic
400 2133 588 2204 (Fuleo
614 2132 1040 2204 Andegavensis)
1065 2133 1118 2186 in
1145 2132 1328 2186 multis
1357 2131 1818 2202 reprehensibilis,

227 2234 282 2278 et
313 2225 530 2280 infamis
577 2234 697 2280 erat
741 2225 854 2296 ipse
891 2226 1144 2280 nimirum
1167 2265 1182 2292 ,
1215 2225 1340 2294 quia
1374 2224 1536 2296 pedes
1586 2223 1819 2279 habebat

226 2311 521 2378 deformes,
549 2314 783 2369 instituit
814 2315 930 2370 fieri
963 2315 1171 2386 longos,
1197 2324 1251 2370 et
1281 2315 1334 2369 in
1359 2315 1670 2370 summitate
1692 2330 1819 2369 acu-

227 2405 466 2459 tissimos
487 2406 818 2470 subtolares,
845 2405 919 2459 ita
943 2407 1108 2477 600
1138 2416 1196 2461 ut
1227 2407 1461 2476 operiret
1493 2408 1676 2476 pedes,
1708 2414 1816 2460 etc.

225 2495 479 2551 insolitus
511 2497 610 2550 iste
645 2511 761 2551 mos
803 2497 855 2550 in
886 2497 1173 2552 occiduum
1211 2497 1394 2552 orbem
1425 2499 1711 2566 processit,
1741 2496 1816 2551 le-

223 2587 493 2657 vibusque
529 2597 580 2643 et
611 2589 914 2643 novitatum
949 2589 1284 2643 amatoribus
1327 2590 1677 2646 vehementer
1702 2587 1814 2658 pla-

224 2679 336 2731 cuit
381 2697 393 2732 :
437 2679 578 2734 unde
617 2689 832 2735 sutores
882 2681 933 2734 in
978 2681 1359 2735 calceamentis
1405 2681 1561 2750 quasi
1616 2681 1816 2736 caudas

223 2769 592 2838 scorpionum,
621 2785 758 2839 quas
787 2770 942 2842 vulgo
974 2771 1212 2842 pigacias
1253 2771 1545 2841 appellant,
1573 2770 1772 2826 faciant
1797 2786 1812 2824 :

223 2860 392 2929 quue
415 2876 584 2931 genus
611 2861 963 2929 calceamenti
997 2878 1133 2931 pene
1159 2864 1339 2918 cuncti
1365 2863 1556 2918 divites
1577 2873 1632 2918 et
1659 2861 1814 2934 egeni

223 2952 480 3006 nimirum
513 2961 802 3023 expetunt;
823 2969 946 3008 nam
980 2964 1138 3010 antea
1160 2957 1307 3011 onmi
1337 2965 1574 3023 tempore
1598 2955 1812 3010 rotundi

223 3040 528 3106 subtolarcs
570 3045 635 3096 ad
685 3041 912 3097 formant
942 3044 1139 3114 pedum
1179 3045 1497 3116 agebantur,
1547 3065 1564 3098 ι
1610 3053 1714 3100 etc.
1747 3045 1814 3099 Et

225 3130 546 3189 Guillelmns
576 3133 920 3192 Mahnesbur.
962 3151 1175 3192 coaevus
1214 3137 1281 3191 de
1323 3134 1810 3208 gestis'Anglorum

225 3222 320 3277 lib.
346 3240 418 3291 tv,
457 3241 504 3279 c.
537 3226 588 3290 1,
615 3226 668 3280 itt
693 3226 978 3282 Guillelnto
1007 3227 1049 3281 ll
1080 3246 1091 3280 :
1127 3247 1143 3280 ι
1178 3225 1327 3282 Tunc
1353 3228 1530 3283 lluxus
1557 3229 1809 3294 crinium,

226 3320 355 3366 tunc
383 3312 541 3369 luxus
571 3317 839 3382 vestium,
877 3326 1004 3372 tunc
1035 3333 1162 3373 usus
1191 3318 1496 3374 calceorum
1534 3333 1655 3373 cum
1684 3334 1813 3374 acu-

220 3399 446 3458 ntinatis
476 3403 676 3459 aculeis
703 3405 978 3472 inventus,
1018 3425 1036 3458 ι
1066 3416 1172 3462 etc.

293 3495 384 3566 ('°)
413 3493 540 3550 Car.
579 3496 719 3552 XIV.
743 3528 816 3538 —
851 3497 950 3554 llis
977 3498 1172 3568 Guido,
1207 3509 1338 3566 etc.,
1368 3502 1504 3555 inter
1528 3517 1659 3570 quas
1683 3499 1813 3555 San-

221 3584 296 3638 cti
327 3585 566 3651 Quintilii
602 3604 635 3640 a
675 3589 843 3657 primo
879 3590 1054 3655 lapide
1080 3591 1453 3645 canonicorum
1490 3591 1810 3661 regularium

220 3675 493 3732 ecclesiam
530 3678 862 3746 fundaverat.
899 3681 1020 3736 Vita
1059 3692 1260 3737 sanctae
1301 3682 1558 3737 Romana:
1586 3681 1812 3752 virginis

219 3775 277 3820 et
305 3769 561 3838 martyris
581 3770 855 3840 egregium
875 3771 973 3826 hac
999 3770 1064 3826 de
1087 3787 1142 3826 re
1160 3773 1398 3827 continet
1422 3775 1808 3827 testimonimn.

227 3875 247 3906 ι
284 3856 416 3913 Cum
462 3875 645 3916 comes
687 3861 1059 3919 Flandriensis
1094 3863 1389 3919 Balduinus
1417 3879 1644 3934 puerum
1683 3863 1812 3918 Phi-

219 3947 460 4019 lippum,
501 3952 719 4008 llenrici
770 3955 914 4025 regis
950 3955 1153 4020 lilium,
1187 3957 1254 4012 ad
1298 3957 1447 4026 regni
1484 3956 1810 4025 proveheret

219 4043 437 4109 solium,
467 4045 640 4115 ipsum
689 4063 786 4117 pro
828 4064 893 4104 eo
942 4049 1252 4120 disponeret
1305 4065 1560 4120 regnum;
1616 4049 1808 4106 civitas

219 4134 566 4192 Belvacensis
623 4155 720 4194 suo
774 4140 1031 4195 destituta
1071 4149 1154 4196 est
1197 4141 1458 4196 antistite.
1517 4141 1806 4196 Anuuente

220 4227 386 4296 igitur
441 4243 687 4298 superum
737 4230 958 4300 pietatis
1009 4231 1302 4300 aequitate,
1351 4231 1525 4286 Guido
1574 4233 1809 4286 decantts

217 4326 508 4388 custosque
529 4319 771 4374 ecclesiae
801 4319 984 4376 Sancti
1009 4319 1248 4386 Quintini
1285 4320 1728 4387 Vermandensis,
1754 4327 1808 4374 ct

1930 485 2215 553 cpiscopus
2242 482 2548 538 dealbatam
2577 486 2830 554 undique,
2861 493 2916 539 et
2946 485 3173 554 depictis
3201 488 3511 557 insignitum

1930 573 2302 643 laquearibus,
2329 583 2436 628 etc.
2469 575 2568 641 Qui
2618 576 2970 644 inSpiratiouc
3009 578 3186 633 divina
3210 621 3224 643 ,
3276 581 3504 651 sapienti

1929 682 2058 720 usus
2106 665 2371 731 consilio,
2419 681 2541 722 cum
2587 669 2774 738 grandi
2827 671 3070 737 honore,
3122 673 3507 730 comitantibus

1930 757 2100 813 turbis
2129 757 2466 825 psallentitnn
2491 760 2812 816 clericorum
2841 771 3002 834 atque
3030 764 3311 830 laicormu,
3335 778 3510 823 trans-

1929 845 2048 900 tulit
2077 862 2271 917 corpus
2318 849 2552 917 praefatae
2580 852 2804 921 virginis
2826 864 2879 908 ct
2922 858 3175 927 martyris
3211 858 3464 914 Romana:
3486 900 3502 924 ,

1926 937 1992 991 de
2020 939 2259 993 sacrario
2288 938 2344 992 S’.
2375 938 2518 993 Petri
2551 941 2618 994 ad
2648 955 2765 995 eam
2815 959 2974 1012 quam
3014 957 3394 1003 construxerat
3420 965 3509 1004 ec-

1924 1028 2175 1097 clesiam,
2232 1051 2250 1082 )
2309 1043 2416 1088 etc.
2474 1031 2761 1103 [lucusque
2815 1037 3173 1108 fragmentum
3223 1055 3288 1091 ex
3329 1041 3509 1096 Gestis

1925 1123 1982 1178 S.
2014 1123 2268 1179 Romana:
2299 1126 2506 1180 calamo
2535 1128 2791 1192 exaratis,
2817 1129 2957 1197 quod
2987 1131 3116 1184 mihi
3149 1136 3510 1188 commodavit

1923 1214 2141 1282 quidam
2189 1216 2484 1272 canonicos
2529 1217 2815 1288 regularis,
2863 1223 3300 1290 congregationis
3339 1223 3508 1278 Galli-

1923 1322 2100 1372 canae;
2137 1310 2281 1362 velut
2303 1317 2358 1363 et
2385 1324 2615 1378 sequens
2637 1309 2880 1381 Gregorii
2907 1311 3012 1366 ΡΙ).
3040 1313 3123 1368 \‘ll
3150 1314 3504 1384 privilegium,

1922 1401 2066 1455 lvoni
2104 1411 2291 1470 postea
2327 1403 2645 1458 Carnotensi
2677 1405 2929 1474 episcopo
2971 1406 3266 1472 indultum;
3315 1417 3369 1462 et
3407 1423 3510 1461 ca:-

1925 1499 2038 1545 tera
2063 1502 2182 1561 post
2208 1491 2563 1547 describenda
2597 1493 2663 1547 de
2688 1494 2936 1549 Guidone
2962 1496 3214 1564 episeopo

1999 1603 2016 1635 ι
2054 1582 2362 1638 GREGORIUS
2384 1584 2582 1639 dilecto
2607 1585 2658 1638 itt
2696 1584 2915 1640 Christo
2946 1585 3054 1639 tilio
3083 1587 3258 1650 h‘ONI,
3296 1602 3507 1655 praepo-

1921 1677 2026 1731 sito
2054 1676 2295 1732 ecclesiae
2341 1677 2396 1732 S.
2427 1676 2702 1743 Quintilii,
2741 1678 2860 1732 sitze
2896 1679 2948 1731 in
2979 1679 3290 1748 episcopatu
3323 1677 3510 1732 Belva-

1852 1741 2104 1830 Bcensi,
2158 1767 2377 1836 suisque
2430 1768 2836 1822 successoribus
2905 1768 3222 1838 regulariter
3294 1782 3509 1837 promo-

1922 1857 2110 1914 vendis

1999 1966 2017 1999 ι
2055 1947 2314 2017 Superum
2346 1949 2714 2005 miserationis
2755 1959 3033 2018 respectu,
3072 1968 3088 1999 ι
3123 1958 3227 2002 etc.
3284 1945 3406 2001 Vide
3453 1947 3506 2001 in

1922 2038 2171 2108 Gregorio
2214 2037 2344 2092 VII.
2375 2109 2380 2113 _

1991 2132 2107 2199 Quo
2153 2142 2392 2202 tempore
2439 2133 2656 2187 condita
2707 2131 3061 2200 dedicataquc
3093 2128 3254 2183 fuerit
3283 2126 3505 2198 praefata

1919 2224 1975 2279 S.
2007 2225 2249 2292 Quintini
2297 2225 2518 2280 basilica
2574 2225 2815 2279 indicant
2861 2239 3050 2277 versus
3089 2221 3260 2277 codici
3300 2228 3510 2275 vctttslo

1918 2317 2181 2388 inscripti.

2059 2409 2211 2462 Auno
2234 2408 2508 2463 millesimo
2535 2423 2892 2478 sexageuoquc
2923 2423 3148 2471 noveno,

2059 2498 2156 2552 Est
2186 2498 2457 2553 Iucarnati
2507 2498 2660 2553 Verbi
2688 2499 2783 2552 sub
2809 2499 3004 2551 honore
3039 2497 3174 2550 benti

2063 2594 2300 2660 Quinlini
2331 2594 2502 2663 factus
2531 2593 2675 2646 locus
2711 2595 2832 2656 iste,
2865 2593 3072 2661 Deoque
3093 2592 3324 2644 dicatus.

1988 2687 2178 2741 Obitus
2205 2701 2334 2739 vero
2362 2685 2627 2740 Guidonis
2647 2685 2882 2753 episcopi
2918 2683 3033 2738 dies
3071 2691 3290 2737 notatur
3322 2681 3373 2734 in
3399 2681 3505 2736 Ne-

1916 2777 2154 2847 crologio
2183 2775 2424 2844 ejusdem
2450 2775 2724 2838 Ecclesiae,
2759 2775 2812 2828 in
2836 2774 2978 2828 hunc
3005 2774 3218 2828 modum
3251 2790 3322 2826 ;.ι
3357 2771 3507 2826 Nono

1917 2867 2036 2922 Kal.
2083 2867 2204 2921 Maii
2248 2866 2382 2921 obiit
2422 2866 2654 2920 domnus
2697 2865 2873 2920 Guido
2901 2864 3241 2918 Bclvacensis
3266 2863 3502 2931 episcOp.

1916 2959 2008 3028 qui
2054 2957 2213 3026 lntjns
2253 2955 2496 3011 ecclesia:
2549 2956 2806 3009 fundator
2837 2953 3048 3008 exstitit
3093 2961 3146 3005 et
3177 2953 3502 3016 mdilicalor,

1839 3082 1884 3144 Ο
1916 3063 2079 3117 quam
2107 3046 2290 3100 multis
2319 3043 2755 3114 possessionibus
2777 3043 3056 3107 ditavit,et
3077 3057 3238 3112 quam
3263 3041 3508 3111 pluribus

1915 3137 2252 3196 ornamentis
2281 3137 2589 3203 decoravit;
2630 3136 2761 3191 fecit
2791 3137 2934 3190 enim
2960 3135 3012 3189 in
3041 3134 3268 3189 ecclesia
3319 3142 3504 3187 nostra

1915 3248 2173 3288 coronam
2203 3241 2540 3302 argenteam,
2573 3240 2627 3285 et
2659 3227 2867 3284 tabulas
2906 3235 3215 3298 argenteas,
3245 3225 3503 3280 feretrum

1914 3334 2253 3393 argenteum,
2284 3319 2416 3388 etc.,
2451 3323 2585 3376 duos
2617 3330 2795 3376 textus
2839 3320 2915 3391 (in
2961 3333 3191 3388 quorum
3240 3333 3346 3372 uno
3375 3315 3505 3371 Gui-

1915 3414 2071 3473 donis
2123 3413 2313 3467 visitur
2352 3411 2609 3483 effigies),
2661 3425 2879 3466 crucem
2925 3418 3268 3480 argenteam,
3301 3421 3503 3475 cappas

1915 3522 2108 3560 novem
2155 3505 2404 3560 meliores
2441 3520 2563 3559 cum
2601 3503 2787 3558 casula
2819 3517 2954 3568 una;
2995 3503 3180 3556 decem
3210 3515 3503 3570 campanas

1915 3595 2146 3664 majores
2175 3606 2230 3650 et
2257 3598 2514 3651 minores.
2545 3594 2695 3650 Fecit
2725 3595 2887 3650 etiam
2915 3593 3094 3649 omnia
3128 3601 3309 3647 vetera
3337 3592 3503 3646 a'dili-

1913 3689 2020 3752 c’a,
2062 3687 2209 3741 dedit
2253 3688 2410 3742 nobis
2451 3686 2632 3741 villaut
2663 3687 2848 3752 istam,
2881 3706 2899 3738 ι
2935 3696 3042 3741 etc.
3082 3686 3241 3757 601
3283 3683 3504 3754 Legesis

1911 3781 2166 3852 epistolas
2200 3781 2377 3835 lvonis
2409 3780 2534 3845 151,
2587 3782 2680 3837 181
2714 3789 2769 3836 et
2811 3781 2934 3836 195.
2982 3781 3342 3836 Accessiones
3394 3779 3499 3832 llo-

1911 3875 2050 3930 berti
2077 3876 2142 3930 de
2172 3874 2358 3929 Mo..tc
2395 3874 2461 3928 ad
2492 3872 2820 3944 Sigibertum
2849 3875 2915 3928 ad
2959 3890 3048 3928 an.
3086 3873 3223 3927 1066
3248 3881 3303 3926 et
3341 3873 3495 3928 1069.

1917 3984 1937 4018 ι
1969 3964 2144 4021 Guido
2185 3963 2399 4018 Belvac.
2435 3962 2726 4034 episcopus
2772 3961 2979 4017 duobus
3019 3963 3176 4016 annis
3205 3961 3501 4030 perfectam

1911 4059 2181 4114 dedicavit
2211 4057 2496 4112 ecclesiam
2530 4057 2583 4110 in
2613 4057 2816 4111 honore
2847 4055 3092 4110 advocati
3126 4055 3208 4110 sui
3257 4054 3497 4121 Quintim

1911 4151 2069 4206 Mart.
2101 4167 2152 4205 tv
2176 4149 2354 4204 Nonas
2379 4149 2646 4205 Octobris.
2666 4168 2683 4200 ι
2717 4149 2854 4216 Quo,
2882 4148 3238 4216 versibusquo
3262 4148 3500 4217 praefatis

1912 4243 2196 4298 advertere
2233 4242 2390 4309 licet,
2430 4241 2764 4311 argttendum
2815 4240 2996 4308 lapsus
3052 4248 3328 4292 auctorem
3367 4239 3499 4292 Vita:

1910 4331 2111 4395 lvonis,
2139 4332 2394 4400 operibus
2422 4330 2688 4399 proloquii
2735 4329 2851 4382 loco
2881 4329 3139 4396 appositte
3171 4327 3335 4396 (inter
3363 4327 3412 4379 al
3436 4343 3500 4381 os

219 4408 636 4465 archidiaconus
669 4410 1073 4476 Laudunensis,
1117 4412 1444 4467 constitutus
1482 4421 1564 4466 est
1601 4426 1631 4465 a
1669 4426 1806 4480 prte-

1917 4423 2167 4491 errores),
2193 4423 2336 4491 quod
2366 4422 2431 4474 ad
2457 4436 2655 4475 autmm
2679 4419 2813 4474 1078
2843 4419 3210 4474 fundationcm
3245 4418 3305 4472 ὃ.
3325 4417 3466 4484 Qum

214 4498 332 4575 fato
375 4500 620 4571 principe
685 4501 1089 4558 Belvacensium
1149 4503 1431 4572 episc0pus
1459 4543 1472 4567 ,
1515 4502 1804 4558 ordinante

212 4607 340 4647 eum
372 4609 495 4647 cum
523 4595 736 4650 caeteris
772 4593 1010 4663 ejusdem
1057 4596 1349 4665 provinciae
1389 4597 1656 4666 episcopis
1689 4597 1804 4650 viro

211 4681 411 4738 illustri
441 4682 702 4738 Gervasio
728 4683 980 4739 ltemensi
1006 4685 1439 4754 metropolitano.
1473 4686 1568 4740 V'ir
1605 4687 1804 4756 quippe

207 4772 413 4828 nobilis
441 4775 738 4843 prudenter
777 4775 1076 4830 ascendens
1123 4775 1342 4830 altiores
1381 4776 1580 4846 gradus
1613 4777 1802 4832 Eccle-

207 4865 305 4918 siae
346 4864 576 4934 adeptus
621 4875 705 4920 est
757 4865 970 4920 cuhnen
1018 4865 1338 4936 episcOpale.
1373 4866 1473 4934 Qui
1505 4867 1660 4922 facile
1693 4884 1800 4923 non

205 4971 398 5010 carere
430 4954 611 5010 ferens
637 4971 697 5010 se
725 4957 1013 5026 przesentia
1045 4959 1322 5028 martyris,
1354 4959 1418 5012 de
1448 4959 1601 5030 cujus
1624 4960 1800 5015 uberi-

203 5047 308 5101 bus
352 5047 608 5102 Ecclesia:
649 5059 872 5103 suxerat
921 5048 1002 5102 lac
1047 5049 1312 5104 doctrinae
1359 5050 1687 5119 spiritualis,
1743 5051 1798 5106 in

206 5140 414 5194 honore
443 5150 499 5196 et
548 5141 808 5195 memoria
854 5138 970 5208 ejus
996 5139 1282 5195 aediﬁcavit
1327 5140 1615 5195 ecclesiam
1658 5141 1798 5195 haud

205 5228 368 5300 longe
398 5245 427 5285 a
461 5233 732 5286 mteuibus
773 5232 1011 5286 Belvacm
1055 5231 1325 5296 civitatis,
1363 5240 1471 5286 etc.
1517 5230 1646 5298 Quae
1674 5247 1795 5286 cum

205 5323 280 5375 sit
308 5322 640 5378 admirabilis
680 5324 858 5394 specie
886 5339 996 5377 sua:
1019 5322 1449 5393 compositionis,
1504 5323 1796 5377 admirabi-

204 5412 312 5467 lior
341 5413 529 5468 haberi
569 5423 743 5482 potest
791 5415 902 5483 ipsa
929 5413 1184 5470 facilitate
1215 5413 1515 5470 celerrima:
1551 5422 1797 5468 constru-

206 5505 426 5561 ctionis.
461 5504 616 5559 Nulla
647 5505 791 5560 enim
825 5515 929 5559 tam
954 5505 1101 5560 brevi
1132 5507 1306 5576 spatio
1330 5513 1536 5560 tantum
1560 5503 1795 5559 efficeret

206 5611 343 5666 Opus
375 5597 455 5651 vis
490 5597 754 5662 humana,
803 5595 904 5651 nisi
955 5596 1324 5652 intercedente
1355 5605 1592 5666 martyre
1623 5598 1792 5651 virtus

211 5693 564 5766 auxiliaretur
594 5692 772 5749 divina
810 5711 820 5747 :
855 5692 1060 5749 duobus
1085 5693 1281 5764 quippe
1310 5692 1462 5748 anuis
1492 5693 1706 5762 inca-pit
1738 5702 1787 5745 ct

1911 4513 2004 4566 tiui
2039 4514 2345 4568 Belvacens.
2384 4512 2613 4583 rejiciat.

1976 4605 2067 4674 (δι)
2121 4604 2251 4658 lum.
2304 4633 2373 4644 --
2443 4601 2810 4674 Flaviaccnse.
2850 4602 3247 4656 monasterium.
3322 4599 3496 4662 Vttt,o

1907 4695 2090 4750 Sancti
2127 4697 2430 4760 Geremari,
2482 4696 2532 4748 in
2578 4696 2798 4749 diu'cesi
2841 4693 3148 4748 Belvaceusi
3195 4694 3390 4759 situm,
3428 4692 3496 4746 ab

1903 4791 2094 4844 eadem
2121 4791 2339 4845 civitate
2365 4799 2598 4860 quatuor
2630 4788 2794 4842 lencis
2832 4787 3188 4857 disparatum.

1975 4879 2144 4936 Porro
2195 4897 2530 4950 quaecunque
2590 4881 2656 4935 ad
2725 4880 3130 4936 Flaviacenscm
3196 4878 3491 4933 Ecclestau.

1903 4973 2174 5044 spectant,
2205 4974 2270 5027 R.
2299 4974 2356 5028 Ρ.
2396 4976 2624 5030 domnus
2648 4972 2884 5028 Joannes
2927 4974 3154 5042 Baptist.
3188 4972 3255 5025 de
3295 4971 3492 5025 Boulo-

1903 5079 2027 5132 gne,
2079 5073 2189 5118 tum
2238 5063 2478 5133 ejusdem
2523 5065 2787 5120 Ascetcrii
2833 5073 3144 5135 congregat.
3208 5063 3267 5118 S.
3319 5061 3490 5116 Math

1900 5155 2071 5224 prior,
2103 5155 2186 5208 vir
2213 5154 2501 5210 admodum
2530 5155 2778 5210 eruditus
2799 5197 2813 5218 ,
2845 5169 3033 5210 eorunt
3082 5153 3489 5222 chronologtant

1899 5259 1963 5298 ex
2033 5243 2222 5312 primis
2299 5245 2706 5309 monumentis,
2762 5245 3150 5298 vetuStioribus
3231 5244 3488 5304 schedia,

1900 5347 2234 5388 summorum
2287 5335 2478 5404 pontil'.
2555 5335 2785 5399 litteris,
2825 5335 3211 5404 diplomatibus
3261 5349 3485 5404 regum.

1899 5424 2352 5494 principumve(e
2379 5425 2514 5478 laica
2561 5441 2723 5480 tuanu
2757 5437 2876 5496 post
2903 5441 3142 5481 summos
3166 5427 3378 5482 labores
3421 5443 3485 5481 ac

1899 5515 2124 5570 Sudores
2157 5516 2378 5585 ereptis)
2413 5517 2799 5586 amplissimam
2849 5519 3064 5574 retexit.
3099 5518 3216 5586 Quo
3237 5535 3306 5573 ex
3337 5519 3484 5574 fonte

1898 5609 1950 5658 in
1978 5613 2317 5659 antecessum
2347 5604 2584 5674 ejusdem
2613 5608 2860 5666 Historia:
2885 5611 3295 5679 compendium,
3325 5627 3354 5664 ιι
3384 5627 3480 5665 uo-

1899 5696 1977 5752 bis
2008 5695 2382 5750 concinnatum
2418 5696 2606 5754 damus
