4032 6326
581 335 714 393 10ὃῖ

688 452 938 507 Historia:
971 449 1320 502 Fluviacensts
1350 441 1645 496 nnmnsserii
1671 438 2050 506 compendium.
2084 438 2102 450 ”

649 542 1030 599 Monasterittm
1058 538 1403 593 Flaviacense
1442 535 1494 588 in
1534 533 1873 588 Bclvacensis
1903 531 2152 585 diceeesis

578 649 737 707 pago,
787 633 946 686 silum
974 643 1142 698 pr0pe
1179 627 1372 696 Eptam
1419 623 1665 687 fluvium,
1705 631 1943 690 tempore
1979 619 2152 688 Dago-

579 724 748 787 herti,
779 735 976 775 annum
1025 719 1242 774 circiter
1291 715 1424 779 650,
1455 729 1578 776 seu,
1607 713 1750 782 quod
1793 711 1980 763 volunt
2026 708 2146 772 alii,

576 813 681 867 660
728 809 1062 872 condidisse,
1118 806 1440 874 dotasseque
1505 810 1745 856 sanctum
1797 799 2148 854 Geremartnn

578 903 755 974 (cujus
797 902 1014 956 nomine
1061 906 1242 969 postea
1286 897 1417 950 illud
1451 893 1762 962 insignitum
1799 890 1921 961 fuit)
1958 903 2149 944 nosces

577 997 640 1048 ex
684 991 880 1047 litteris
907 991 1131 1046 Joannis
1172 988 1236 1054 V,
1265 982 1903 1058 cpiscopiBelvacensis;
1931 995 2049 1050 qua:
2071 979 2148 1033 sic

575 1083 792 1136 habent.

651 1191 670 1223 α
703 1171 958 1236 Joannes,
997 1168 1344 1225 miseratione
1375 1165 1552 1221 divina
1581 1163 1920 1219 Belvacensis
1942 1161 2148 1230 episco-

573 1279 694 1333 pus,
725 1263 993 1317 universis
1039 1267 1336 1330 prresentes
1378 1257 1584 1312 litteras
1630 1254 1848 1320 visuris,
1898 1253 2142 1308 salutem.

574 1355 740 1410 Nobis
766 1354 942 1409 dilecti
991 1353 1120 1418 ﬁlii,
1157 1349 1490 1407 venerabiles
1538 1357 1594 1403 et
1647 1347 1821 1402 devoti
1874 1345 2144 1415 religiosi,

576 1444 761 1506 abbas,
801 1452 856 1498 et
885 1449 1212 1506 conventus,
1253 1448 1308 1495 et
1330 1440 1541 1510 priores
1569 1437 1617 1492 ei
1647 1435 1881 1500 subditi,
1911 1434 2148 1490 devotis.-

574 1535 694 1589 sitni
720 1533 949 1589 eoenobii
981 1533 1038 1586 S.
1068 1531 1344 1587 Gercmari
1369 1531 1434 1584 de
1466 1528 1736 1593 Flaviaco,
1781 1535 1978 1580 nostra:
2008 1524 2143 1579 dite-

572 1624 740 1690 t'esis,
775 1623 1016 1678 dolentes
1039 1631 1434 1692 exposuerunt;
1463 1629 1664 1675 sanctte
1705 1617 1979 1688 religionis
2012 1631 2144 1670 con-

571 1725 886 1784 temptores,
920 1715 1026 1770 imo
1051 1715 1234 1769 verius
1264 1713 1608 1782 despectores
1635 1711 1766 1780 ipsis
1793 1709 2140 1778 exprobrare,

570 1821 726 1860 suum
771 1807 1158 1861 monasterium
1206 1805 1414 1875 pridem
1467 1805 1516 1858 in
1559 1805 1816 1858 honorem
1864 1799 2146 1855 Trinitatis

570 1897 928 1952 sanctissimae
975 1896 1086 1951 Deo
1131 1896 1397 1961 dicatum,
1452 1909 1549 1964 per
1602 1893 2004 1949 devotissimum
2039 1890 2146 1944 Deo

569 1987 923 2042 Geremarum
963 1998 1244 2057 patronum
1285 2002 1474 2050 suum,
1512 1985 1797 2055 adjuvante
1835 1983 2148 2039 beatissimo

569 2079 831 2135 Audoeno
891 2079 1308 2150 Rothomagensi
1363 2079 1812 2148 archiepiscopo,
1874 2090 2146 2144 nunquam

567 2159 846 2227 fundatum
888 2173 1160 2228 exstitisse
1189 2174 1255 2228 de
1297 2173 1594 2229 redtlitibus
1626 2173 1794 2242 ipsius
1827 2172 2142 2234 Gcrcmari,

567 2265 662 2320 sed
709 2280 772 2319 ex
813 2265 1129 2334 partialibns
1175 2265 1330 2320 bonis
1379 2266 1594 2320 aliunde
1651 2263 2008 2327 venientibus,
2049 2265 2148 2318 int-

567 2357 905 2426 pr0perando
954 2357 1110 2424 ipsis,
1159 2357 1384 2410 veritate
1429 2371 1532 2410 non
1593 2355 1948 2424 suffragante,
2006 2356 2148 2423 quod

567 2448 748 2513 aiunt,
779 2448 928 2502 illum
955 2448 1325 2504 beatissimum
1354 2447 1705 2502 Gercmarttm
1747 2462 1902 2501 suum
1933 2447 2148 2502 dotasse

568 2539 898 2605 coenobium,
927 2539 1202 2607 multaque
1223 2538 1326 2592 alia
1352 2538 1601 2608 religiosa
1619 2538 1732 2592 loca
1759 2538 1890 2608 ipsis
1912 2538 2145 2604 subdita,

570 2642 639 2679 ex
669 2627 782 2680 suis
827 2627 1294 2695 patrimonialilms
1341 2636 1398 2682 et
1458 2628 1939 2697 paraphernalibtts
1959 2628 2144 2682 bonis.

569 2717 932 2782 Quamobrem
982 2718 1111 2784 quid
1156 2718 1208 2770 itt
1249 2718 1421 2772 sacris
1447 2718 1710 2781 historiis,
1745 2718 1968 2782 chartis,
2009 2719 2147 2786 regi-

570 2809 730 2870 stris.
765 2788 1022 2880 librisque
1063 2819 1118 2865 et
1155 2811 1441 2882 scripturis
1479 2813 1748 2867 veteranis
1792 2813 2022 2876 nostris,
2055 2823 2146 2866 aut

566 2901 814 2956 ecclesiae
842 2911 898 2956 et
933 2917 1141 2971 sponsae
1182 2912 1410 2970 nostra,
1452 2904 1517 2959 de
1562 2905 1796 2974 ipsorum
1835 2904 2146 2959 nuntiatione

569 2991 926 3057 inveniretur,
955 2992 1214 3050 vellemus
1239 2995 1542 3062 testificari,
1565 2995 1924 3065 postularunt.

645 3099 664 3131 ι
719 3081 917 3136 Notum
947 3082 1174 3138 facimus
1214 3099 1311 3139 nos
1344 3085 1485 3140 male
1515 3085 1824 3140 latrantium
1857 3085 2136 3155 cupientes

570 3186 664 3224 ora
689 3171 957 3240 claudere,
982 3174 1348 3230 testimonium
1385 3178 1598 3232 veritati
1641 3178 1978 3233 exsultantes
2016 3193 2141 3248 per-
2172 3155 2216 3215 (ἶ

570 3263 780 3329 bibere,
812 3266 1174 3322 certilicamus
1201 3269 1473 3323 veteranis
1503 3269 1675 3334 libris,
1704 3269 1963 3339 legendis,
1989 3272 2147 3325 char-

571 3353 640 3408 tis
664 3363 718 3408 et
747 3354 1058 3424 scripturis,
1103 3357 1301 3425 quibus
1342 3358 1500 3412 fidem
1547 3359 1854 3428 suspicione
1885 3376 2141 3424 vacuam,

571 3440 825 3512 nullaque
865 3452 986 3498 nota
1031 3446 1556 3514 reprehensibilem,‘
1581 3463 1642 3503 ea
1680 3464 1800 3517 quae
1825 3459 2143 3519 sequuntur,

567 3533 853 3586 contineri.
889 3532 1150 3590 Videlicet
1175 3537 1506 3592 serenissimi
1537 3538 1677 3609 regis
1699 3537 1983 3608 Dagoberti
2015 3550 2149 3594 tem—

569 3625 790 3692 poribus
828 3625 1116 3694 gloriosum
1148 3627 1496 3684 Geremarum
1544 3646 1574 3684 a
1627 3631 1812 3686 sobole
1845 3633 1990 3702 regia
2025 3647 2149 3701 pro-

570 3723 836 3779 creatum,
869 3717 1116 3772 maximae
1140 3718 1414 3775 exstitisse
1441 3720 1769 3784 sanctitatis,
1797 3718 1952 3789 cujus
1969 3721 2145 3776 consi-

571 3805 644 3862 lio
695 3822 852 3863 sacro
901 3807 990 3863 ille
1036 3809 1368 3880 Dagobertus
1414 3826 1508 3865 rex
1566 3827 1687 3866 cum
1739 3812 1958 3866 amabili
2015 3827 2148 3881 pace

573 3913 800 3968 regnum
827 3901 1162 3969 gubernavit.
1204 3903 1380 3957 Voluit
1419 3913 1599 3962 autem
1631 3905 1720 3960 ille
1743 3905 2009 3973 gloriosus
2035 3906 2144 3961 Ge-

571 3999 841 4052 remartts,
886 3995 996 4042 tum
1035 4006 1140 4044 non
1179 3991 1352 4046 solum
1391 3994 1530 4062 apttd
1593 3995 1839 4049 homines
1884 3994 2145 4060 militare,

573 4075 685 4132 into
707 4079 978 4136 mundana
1004 4084 1298 4152 postposita
1331 4085 1521 4139 militia
1553 4087 1756 4154 cupivit
1784 4086 2020 4142 cmlestis
2048 4089 2148 4142 mi-

573 4165 703 4224 litia:
732 4169 1001 4239 particeps
1034 4170 1172 4238 fieri,
1211 4173 1357 4228 velut
1386 4190 1556 4229 novus
1600 4186 1721 4245 tyro
1762 4175 1862 4230 sub
1895 4185 2148 4231 veterano

571 4265 628 4312 et
659 4260 956 4327 approbato
985 4262 1222 4318 caelestis
1269 4264 1476 4320 militia:
1525 4275 1761 4330 rectore,
1819 4275 1877 4321 ct
1913 4267 2150 4323 etelestis

572 4349 832 4422 principis
857 4352 1083 4417 vicario,
1114 4365 1302 4409 sancto
1325 4357 1582 4412 Aodoeno
1612 4356 2028 4428 Rotltontagensi
2061 4375 2149 4413 ar-

573 4442 938 4514 chiepiscopo,
971 4455 1131 4516 atque
1161 4446 1368 4515 praefati
1399 4449 1540 4517 regis
1581 4448 1925 4514 cancellario,
1953 4452 2146 4504 adver-

573 4549 668 4590 sus
687 4551 936 4603 carnem,
964 4540 1250 4603 mundum,
1286 4548 1341 4593 et
1365 4542 1628 4596 daemonia
1657 4542 1858 4597 bellare
1887 4544 2146 4598 decrevit.

653 4645 672 4678 ι
703 4626 1147 4696 Cttjus'Audocni
1180 4631 1293 4701 jam
1347 4634 1633 4687 sanctitate
1678 4649 1866 4705 magna
1897 4633 2146 4700 frttcntis,

573 4729 796 4776 secutus
831 4722 1140 4786 consilium,
1172 4724 1238 4778 de
1270 4723 1476 4792 prtel‘ati
1515 4726 1654 4796 regis
1693 4725 1978 4794 Dagoberti
2021 4740 2149 4780 con-

575 4823 738 4864 sensu
762 4811 1073 4881 religionem
1101 4813 1341 4879 intravit,
1375 4815 1427 4869 in
1457 4814 1574 4870 loco
1598 4816 1689 4884 qui
1719 4816 1915 4872 dicitur
1933 4815 2145 4870 Flaviav

575 4916 693 4969 cus,
723 4901 810 4956 tibi
838 4918 944 4957 non
967 4903 1136 4958 multo
1163 4913 1312 4973 post.
1341 4907 1453 4961 suis
1480 4907 1545 4961 ad
1573 4907 1856 4961 Dominum
1903 4908 2151 4962 transmi-

575 4992 743 5062 gratis
771 4992 976 5057 liberis,
1005 4993 1072 5048 de
1097 4993 1363 5049 Clotlovati
1407 4997 1549 5064 regis
1580 4996 1822 5066 prtedicti
1864 4996 2149 5068 Dagoberti

578 5082 672 5138 lilii
701 5098 996 5148 consensu,
1029 5085 1234 5153 pariter
1263 5094 1317 5139 et
1364 5101 1615 5150 assensu,
1641 5086 1968 5142 revelatione
1992 5101 2152 5156 ange-

577 5174 679 5230 lica
708 5177 930 5245 pmvia,
962 5177 1029 5232 ad
1060 5178 1412 5233 sanctissima:
1440 5187 1496 5233 et
1524 5179 1846 5234 beatissima:
1875 5178 2152 5234 Trinitatis

579 5267 794 5323 latriam
833 5281 887 5326 et
928 5272 1362 5336 venerationem,
1415 5273 1760 5336 coenobium,
1813 5273 1956 5342 quod
2009 5289 2154 5327 nunc

580 5357 727 5413 beati
747 5358 1027 5417 Geremari
1055 5363 1270 5429 dicitur,
1296 5379 1415 5418 cum
1449 5364 1690 5433 pluribus
1717 5363 1838 5418 aliis
1885 5364 2155 5434 religionis

581 5447 748 5518 locis,
775 5455 1009 5524 prepriis
1063 5455 1368 5522 sumptibus
1410 5457 1744 5522 construxit;
1787 5471 1994 5509 necnon
2041 5458 2152 5510 suis

583 5541 869 5601 dominiis.
893 5546 1060 5610 villis,
1084 5547 1278 5601 castris
1302 5588 1316 5612 ,
1347 5563 1412 5602 ac
1457 5549 1755 5604 rcdditibus
1800 5548 2030 5610 dotavit,
2063 5563 2156 5602 cn-

585 5646 739 5714 piens
765 5641 818 5686 et
849 5633 1106 5690 affectans
1131 5652 1196 5689 ex
1229 5639 1454 5693 terrenis
1485 5639 1585 5693 sibi
1620 5655 1649 5692 a
1689 5640 1799 5693 Deo
1823 5639 1988 5702 datis,
2025 5639 2154 5693 mul-

584 5725 654 5779 tis
687 5725 739 5779 in
767 5723 896 5780 locis
920 5726 1092 5804 ipsum
1119 5728 1402 5783 Dominum
1433 5729 1599 5785 Deum
1629 5730 1916 5811 veneraris

1562 327 1641 380 Al)
1679 324 1830 381 OPP.
1873 320 2022 376 VEN.
2051 319 2372 376 GUIBERTI
2402 319 2488 373 DE
2513 317 2902 375 NOVIGENTO
3669 325 3782 388 {033

2333 453 2351 484 ι
2386 433 2544 488 Stetit
2575 442 2751 488 autem
2784 433 2835 485 in
2863 445 2983 486 esse
3006 439 3060 487 et
3089 437 3233 486 statu
3262 431 3535 500 prmfatum
3557 432 3672 490 illud
3690 455 3782 494 mo.

2254 524 2547 577 nasterium
2569 565 2582 588 ,
2623 522 2869 576 ducentis
2902 521 3058 575 annis
3095 529 3152 574 et
3181 521 3592 591 quinquaginta,
3629 525 3703 579 vel
3735 545 3786 584 eo

2253 613 2416 665 circa.
2452 611 2646 666 Verum
2683 611 2830 679 pacis
2867 609 3082 680 iniquus
3123 609 3486 679 pet-turbator,
3527 622 3580 666 et
3599 613 3785 671 humani

2251 703 2462 770 generis
2491 716 2771 766 corrosor,
2799 701 2889 770 qtti
2926 715 2953 753 a
2986 701 3198 770 superis
3228 701 3434 755 corruit
3471 703 3536 756 ad
3580 703 3784 771 inferos,

2249 811 2316 848 ex
2350 795 2573 850 servitio
2605 795 2692 848 illo
2723 794 2774 848 in
2809 794 3138 850 monasterio
3159 792 3434 848 celebrato
3463 795 3788 863 perturbatus,

2251 883 2460 938 nefandi
2501 883 2722 937 Rolonis
2763 897 2860 938 cor
2886 881 3233 948 subintrans,
3275 883 3652 936 monasterium
3694 883 3793 937 Fla-

2251 977 2462 1030 vianum
2493 975 2736 1030 funditus
2758 989 2928 1042 usque
2956 973 3022 1027 ad
3056 973 3229 1028 solum
3253 972 3457 1027 destrui
3495 977 3790 1041 procuravit,

2251 1077 2301 1123 et
2333 1067 2594 1136 religiosis
2623 1081 2726 1121 non
2763 1066 2931 1121 multo
2968 1075 3092 1136 post
3133 1064 3432 1124 defunctis,
3466 1075 3520 1118 et
3559 1064 3792 1135 profugis,

2249 1157 2522 1211 desertum
2571 1164 2627 1209 et
2689 1155 2881 1208 incolis
2911 1169 3161 1220 vacuum,
3203 1153 3524 1223 aridumque
3565 1152 3724 1208 fructu
3753 1166 3796 1210 et

2251 1245 2624 1310 inhabitabile,
2667 1255 2884 1300 centum
2933 1255 2988 1299 et
3020 1245 3243 1316 triginta
3275 1245 3476 1298 mansit
3515 1245 3688 1308 annis;
3717 1260 3796 1299 nec

2247 1351 2276 1390 a
2312 1336 2466 1390 nobis
2497 1335 2745 1389 inventus
2776 1345 2856 1388 est
2898 1333 2989 1403 qni
3037 1333 3090 1387 in
3121 1334 3342 1402 prmi'ata
3379 1334 3642 1388 exstiterit
3665 1336 3798 1389 deva-

2246 1429 2479 1483 statione
2505 1443 2794 1483 succursnt‘
2819 1435 2875 1480 et
2903 1427 3240 1490 consol-ttor;
3277 1427 3367 1495 qui
3392 1428 3638 1490 chartas,
3665 1443 3800 1498 papy.

2248 1533 2358 1584 ros,
2392 1518 2649 1588 registra,
2674 1517 2757 1570 vel
2790 1517 2956 1570 tibros
2983 1516 3125 1570 illius
3155 1517 3472 1570 monasterii
3507 1532 3801 1572 conservare

2246 1610 2530 1678 citpiverit.
2561 1609 2667 1662 Nec
2713 1608 2907 1662 mirum
2950 1607 3206 1677 quoniam
3241 1607 3382 1676 apud
3434 1608 3800 1678 prtetlones,et

2247 1697 2368 1752 fidei
2391 1696 2715 1751 Christianae
2761 1696 3028 1762 inimicos,
3062 1697 3230 1750 moris
3258 1707 3375 1750 erat
3405 1697 3612 1760 usitati,
3647 1706 3697 1750 et
3728 1699 3804 1750 ad-

2177 1791 2220 1849 B
2249 1789 2354 1844 huc
2381 1789 2567 1844 diebus
2596 1796 2778 1843 exstat
2815 1787 2867 1841 in
2909 1786 3055 1851 istis,
3088 1801 3149 1841 ea
3181 1802 3300 1854 qua:
3341 1785 3703 1842 Christianam
3735 1804 3805 1842 sa-

2250 1877 2468 1945 piebant
2491 1877 2802 1947 religionem
2823 1917 2836 1940 ,
2869 1877 2992 1947 igne
3018 1878 3200 1932 voraci
3234 1893 3581 1932 consumere.

2243 1993 2248 1996 -
2325 1985 2343 2017 ι
2393 1965 2498 2020 Sed
2543 1966 2672 2035 quia
2721 1965 2966 2020 misereri
2998 1965 3165 2020 voluit
3194 1967 3418 2021 Creator
3459 1968 3806 2037 omnipotens,

2247 2056 2448 2127 populi,
2492 2065 2547 2111 et
2575 2056 2942 2110 beatissimum
2969 2055 3320 2110 Gcremarnm
3356 2058 3530 2140 602
3559 2059 3806 2113 confesso—

2250 2162 2363 2212 rem
2394 2163 2550 2202 suum
2576 2147 2628 2200 itt
2671 2145 2788 2201 loco
2814 2163 2923 2201 suae
2964 2148 3267 2201 sanctitatis
3306 2149 3504 2200 iterum
3557 2153 3810 2214 venerari,

2249 2247 2485 2294 mentem
2516 2237 2931 2307 przedccessoris
2954 2237 3124 2292 nostri
3148 2237 3309 2293 bona}
3330 2252 3470 2293 mem
3481 2239 3610 2291 aria:
3639 2240 3814 2308 [)rogo-

2248 2331 2334 2384 nis
2386 2329 2728 2384 Bclvacensis
2774 2329 3034 2400 episcopi,
3065 2331 3240 2398 gratia
3284 2329 3528 2400 Spiritus
3553 2332 3716 2386 sancti
3743 2333 3812 2385 in-

2249 2423 2467 2486 ebrians
2511 2423 2576 2476 ad
2606 2437 2798 2476 novam
2840 2421 2983 2476 illius
3024 2423 3340 2476 monasterii
3379 2423 3667 2492 inspiravit
3701 2439 3812 2476 con-

2248 2513 2632 2578 structionem;
2693 2511 2951 2568 ordinans
3009 2511 3099 2581 (ut
3157 2512 3324 2581 ipsius
3373 2523 3499 2567 crat
3559 2514 3818 2582 ordinare).

2248 2604 2466 2658 antelati
2497 2602 2773 2658 Gt-remari
2814 2604 3068 2673 praevium
3106 2604 3442 2673 insequendo
3482 2604 3811 2668 voluntatem,

2249 2695 2376 2752 illud
2423 2697 2806 2750 monasterium
2838 2712 2866 2747 a
2901 2695 3242 2748 sanctissima
3286 2695 3560 2748 Trinitate
3601 2696 3815 2749 denomi-

2248 2787 2392 2849 nari,
2438 2786 2681 2840 addendo
2710 2785 2775 2838 ad
2821 2784 2914 2838 Dei
2957 2783 3168 2838 laudent
3217 2793 3270 2836 et
3319 2784 3489 2852 ipsius
3541 2784 3817 2838 fundatotis

2247 2875 2560 2940 Gcrcmari,
2590 2878 2978 2931 monasterium
3016 2874 3201 2930 Sancti
3243 2875 3531 2930 Geremari
3565 2877 3816 2946 appellari.

2249 2965 2304 3018 ltt
2334 2966 2486 3036 Cujus
2531 2966 2608 3020 rei
2646 2965 3010 3020 testia-ouium
3052 2960 3409 3033 prmseniibus
3455 2964 3655 3020 litteris
3695 2965 3818 3034 sigil-

2252 3055 2358 3110 lunt
2399 3067 2641 3111 nostrum
2669 3055 2922 3108 duximus
2951 3055 3354 3123 opponendum.

2323 3165 2341 3198 ι
2381 3148 2572 3201 Datum
2621 3161 2763 3199 anno
2815 3144 3023 3198 Domini
3071 3144 3356 3198 millesimo
3409 3145 3818 3215 quadringente-

2250 3238 2387 3292 simo
2414 3237 2811 3307 septuagesimo
2831 3243 3044 3300 octavo,
3075 3236 3160 3289 die
3189 3235 3462 3299 Mercurii,
3507 3237 3664 3289 tertia
3697 3251 3822 3290 tuen.

2249 3331 2324 3384 sis
2351 3327 2512 3382 Junii.

2324 3441 2342 3473 ι
2391 3422 2464 3474 De
2500 3421 2751 3474 mandato
2796 3419 2998 3472 domini
3041 3417 3120 3472 sic
3151 3418 3457 3488 signatum,
3508 3417 3576 3470 ῐῖ.
3613 3417 3820 3486 Champ-

2248 3512 2428 3565 tlesns.
2469 3531 2484 3562 ι

2320 3603 2584 3658 C:eterum
2615 3603 2801 3672 viginti
2833 3603 3053 3656 ahhatcs
3081 3603 3148 3655 ab
3175 3601 3307 3670 ipsis
3335 3601 3653 3656 monasterii
3683 3601 3812 3653 iucu-

2250 3695 2446 3750 Italiilis
2469 3735 2482 3758 ,
2523 3695 2589 3748 ad
2625 3695 2894 3749 excidium
2927 3712 2954 3747 a
2989 3695 3378 3748 Norlhmannis
3429 3695 3670 3759 illatum,
3708 3709 3824 3762 pra:-

2247 3784 2414 3839 fuisse
2461 3793 2652 3839 notattt
2696 3795 2914 3840 veterna
2965 3783 3205 3851 ejusdem
3259 3784 3362 3838 loci
3395 3793 3770 3844 monumenta;
3797 3799 3821 3834 e

2247 3875 2472 3944 quibus,
2522 3891 2730 3929 necnon
2778 3884 2832 3929 et
2883 3890 2949 3928 ex
3000 3873 3439 3936 Fontanellensi,
3491 3875 3609 3929 sive
3655 3873 3821 3950 Saneti

2251 3967 2619 4037 Vandrcgesili
2675 3968 2952 4031 cbronico,
3003 3981 3192 4022 eorum
3244 3967 3464 4021 nomina
3520 3969 3740 4036 (paucos
3777 3967 3816 4022 si

2249 4057 2486 4128 excipias
2536 4047 2628 4128 qui
2705 4069 3006 4128 temporum
3069 4056 3263 4123 iniuria
3331 4056 3630 4126 excidere)
3680 4056 3819 4109 desu-

2249 4163 2477 4202 memus.

2319 4239 2534 4292 Primus
2560 4238 2728 4292 abbas
2768 4245 2990 4292 sanctus
3019 4235 3345 4300 Gcremartts
3369 4236 3602 4302 exstitit,
3633 4253 3695 4291 ac
3721 4234 3822 4288 fun-

2250 4332 2407 4384 dat-ir
2434 4329 2746 4382 monasterii
2775 4326 3160 4392 Flaviacensis,
3193 4326 3558 4381 sanctissinne
3584 4326 3818 4380 Trinitati

2251 4417 2404 4472 initio
2434 4417 2616 4471 dicati.
2651 4416 2755 4471 Res
2784 4425 2963 4486 gestas
3005 4418 3172 4470 sancti
3205 4416 3486 4471 Geremari
3521 4418 3591 4470 ab
3622 4417 3820 4483 antiquo

2176 4487 2227 4546 D
2253 4518 2473 4562 auctore
2502 4517 2781 4570 exaralas,
2827 4517 2880 4561 et
2915 4523 2980 4560 ex
3009 4516 3221 4561 vetusto
3251 4507 3439 4561 codice
3473 4511 3820 4577 tttanttscripto

2251 4598 2582 4652 Conchcnsis
2612 4597 2944 4660 monasterii,
2975 4611 3103 4651 cura
3139 4605 3320 4650 nostra
3347 4599 3675 4667 exscriptus,
3703 4598 3822 4651 inter

2247 4683 2616 4764 additamenta
2639 4686 3039 4741 collocavimus.

2315 4799 2400 4854 lll.
2445 4799 2676 4875 Sanctus
2711 4799 3036 4855 Gennardus
3065 4798 3367 4871 (secundus
3407 4801 3555 4855 enim
3583 4799 3818 4856 oblivioni

2255 4893 2512 4962 traditus)
2541 4901 2730 4948 sancto
2773 4893 3040 4948 Ansbcrto
3083 4894 3243 4962 longe
3287 4891 3490 4947 charos
3532 4893 3664 4957 fuit;
3698 4892 3822 4945 unde

2247 4980 2404 5050 juxta
2457 4997 2655 5052 corpus
2715 4979 2956 5050 ejusdem
3005 4982 3059 5036 in
3109 4981 3519 5036 Fontanellensi
3569 4980 3820 5046 ςωιιουὶυ,

2253 5073 2337 5127 cui
2366 5073 2528 5128 etiam
2559 5071 2906 5143 praesederat,
2935 5072 3209 5142 sepultura
3239 5073 3431 5127 donari
3470 5073 3739 5128 statuerit.

2319 5165 2406 5218 IV.
2445 5163 2674 5220 Sanctus
2697 5164 2969 5234 Benignus
2989 5162 3317 5218 Fontanellze
3345 5163 3681 5218 monasterio
3705 5175 3821 5232 pra:-

2257 5257 2430 5311 l‘nerat
2469 5256 2649 5325 pritts,
2707 5254 2800 5308 sed
2838 5270 2865 5307 a
2903 5253 3238 5321 Regenfredo
3275 5253 3665 5322 majoridomus
3710 5267 3816 5320 pro-

2248 5347 2426 5415 jectus
2472 5349 2524 5400 itt
2557 5347 2806 5400 abbatem
2851 5344 3252 5401 Flaviacensetn
3292 5362 3322 5400 a
3359 5348 3644 5403 monachis
3683 5359 3818 5400 assu-

2259 5449 2444 5491 llllillf.

2331 5551 2390 5604 V.
2417 5520 2783 5610 Adelirardus,
2816 5534 3160 5618 integritatis,
3190 5549 3491 5620 prudentia:
3529 5565 3588 5604 ac
3635 5546 3815 5618 ingenii

2259 5638 2425 5710 gloria
2450 5638 2824 5708 clarus,atque
2842 5660 2860 5692 ι
2884 5640 3203 5708 imperatori-
3223 5639 3498 5694 l.udovico
3519 5640 3610 5693 Pio
3643 5636 3814 5708 (codex

2261 5743 2419 5782 manu
2467 5737 2718 5784 exaratos
2765 5730 2829 5786 dc
2884 5730 3260 5800 Adcbrardo),
3311 5732 3507 5787 merito
3543 5729 3816 5803 prudentia:

3982 1979 3983 2014 l

3982 2039 3983 2058 ι

3981 2067 3983 2096 l

3981 2591 3983 2716 ψ
