4032 6336
202 385 334 440 1089

1275 369 1485 427 DOMM
1541 369 1601 422 L.
1644 361 1988 420 D’ACIIERY
2016 359 2226 416 NOTAE

3319 359 3456 416 I090

193 497 329 550 adeo
365 495 463 548 τυίι
488 503 762 564 πορριυε,
795 501 852 545 ut
895 492 1036 544 inter
1063 490 1178 558 ejus
1223 486 1490 556 principes
1521 482 1586 535 ad
1631 480 1778 550 pacis
1806 491 1849 538 Α
1879 475 2118 545 pecunia:
2162 487 2418 534 censum,
2456 487 2557 525 non
2600 481 2653 524 ut
2682 470 2877 526 dixiuis
2907 472 3138 527 cultibus
3173 475 3450 530 servilium

192 584 410 655 negotia
441 583 809 652 componenda
855 589 909 634 et
944 581 996 634 in
1044 577 1306 640 Ecclesia,
1347 583 1401 628 et
1442 573 1492 627 in
1525 586 1687 641 regno
1716 571 1770 624 in

192 675 516 744 longinquas
541 689 710 743 usque
736 685 922 743 gemes
952 686 1164 739 semper
1195 667 1354 721 fuerit
1379 666 1605 734 primus.
1642 683 1661 716 ι

269 765 356 820 γι.
403 765 725 819 Hincmarus
761 778 827 817 ex
877 762 1144 816 monacho
1193 759 1376 813 Sancti
1425 755 1657 826 Dionysii
1719 753 1773 807 in

193 856 455 921 Francia,
505 865 563 910 ut
605 855 772 910 refert
823 853 1154 908 Flodoardns
1207 851 1346 905 libro
1393 865 1480 912 III,
1533 862 1652 917 cap.
1695 845 1718 898 I
1757 861 1769 897 :

200 969 220 1000 ι
259 949 421 1018 Regis
456 948 659 1002 ascitus
685 946 964 1015 obsequiis
1007 944 1244 1014 regimen
1283 940 1595 996 monasxerii
1639 938 1776 992 Sana

194 1049 298 1093 ctre
335 1038 427 1094 Dei
463 1036 721 1093 Genitriei
751 1035 959 1098 Mariae,
1001 1042 1054 1089 et
1079 1034 1248 1089 sancti
1281 1033 1570 1096 Germani,
1609 1028 1774 1100 regali

194 1135 248 1181 et
276 1126 602 1196 episcopali,
653 1134 815 1194 alque
860 1125 1070 1180 abbatis
1116 1125 1197 1179 sui
1240 1123 1496 1180 Ludovici
1535 1121 1777 1187 jussione

196 1220 484 1287 suscepit.)
515 1217 820 1287 Legendum
849 1231 976 1270 vero
1000 1217 1086 1271 hic
1110 1216 1293 1272 Sancti
1322 1215 1623 1279 Geremari,
1656 1228 1778 1267 suae

196 1310 329 1364 dent
373 1325 492 1378 quae
533 1311 720 1363 eodem
776 1309 890 1373 Iih.,
929 1324 1050 1379 cap.
1103 1309 1314 1363 decimo
1357 1317 1548 1362 octavo
1591 1305 1779 1361 scribit

203 1398 322 1466 ipse
363 1398 732 1461 Flodoardus,
772 1398 856 1452 his
896 1397 1116 1452 verbis:
1157 1415 1174 1447 ι
1223 1397 1353 1452 Item
1397 1395 1607 1467 (scribit
1649 1394 1782 1448 Ilin-

197 1491 469 1560 cmarus),
501 1504 602 1562 pro
629 1491 784 1554 cel’a,
837 1490 918 1545 vel
969 1489 1299 1544 monasterio
1329 1488 1608 1554 Flaviaco,
1637 1487 1778 1556 quod

197 1582 344 1637 idem
383 1597 475 1636 rex
521 1581 648 1646 sibi,
679 1583 804 1635 dum
835 1582 886 1635 in
922 1581 1091 1651 ipsius
1115 1581 1242 1635 ante
1265 1580 1631 1650 episcopatum
1669 1594 1781 1631 mo-

199 1686 416 1732 raretur
446 1677 688 1742 servitio,
721 1677 1044 1740 donaverat;
1077 1686 1130 1732 et
1177 1685 1235 1731 ut
1270 1681 1324 1730 in
1367 1677 1474 1730 vita
1513 1690 1610 1731 sua
1653 1674 1782 1729 illud

200 1774 430 1832 teneret,
459 1774 728 1836 praecepto
749 1765 1190 1833 conlirmaverat;
1219 1766 1468 1836 quodque
1493 1781 1521 1819 a
1551 1765 1780 1834 quodam

198 1858 451 1913 invasere
476 1858 806 1913 destructum
835 1867 1191 1922 restruxerat,
1209 1867 1262 1912 et
1285 1858 1597 1928 religionem
1626 1865 1782 1926 prout

198 1948 395 2015 potuit,
438 1948 489 2002 in
539 1961 604 2002 eo
659 1956 1080 2012 restauraverat,
1122 1966 1139 1999 ι
1185 1956 1290 2002 etc.
1345 1948 1504 2002 Plura
1537 1949 1601 2002 de
1652 1947 1782 2002 Ilin-

198 2050 388 2090 cmaro
401 2036 648 2091 Remensi
669 2037 1074 2106 archiepiscopo
1093 2021 1332 2093 scribere
1351 2037 1780 2107 supersedemus,

198 2129 400 2198 quippe
444 2128 656 2182 notiora
711 2138 767 2182 et
816 2127 1113 2183 celebriora
1184 2137 1310 2184 sunt
1373 2129 1543 2198 ipsius
1607 2128 1781 2192 facta,

199 2220 510 2289 scriptaque
538 2220 770 2287 (duobus
793 2219 1151 2275 voluminibus
1181 2221 1590 2292 comprehensa)
1620 2236 1782 2292 quam

201 2317 261 2362 ut
285 2323 346 2361 ea
378 2310 632 2363 detexere
655 2307 969 2365 debeamus.

274 2398 383 2452 VII.
412 2398 528 2453 Odo
552 2414 617 2454 ex
647 2400 840 2454 abbate
866 2401 1176 2456 Corbeiensi
1207 2403 1258 2456 in
1288 2403 1554 2466 Picardia,
1578 2404 1784 2472 episco-

195 2506 304 2562 pus
339 2491 713 2557 Belvacensis,
743 2493 1129 2548 monasterium
1166 2494 1540 2556 Flaviacense,
1573 2505 1626 2548 et
1655 2496 1786 2550 alte-

198 2600 324 2637 rum
357 2582 697 2649 Nonnarum,
732 2592 1021 2655 utrumque
1058 2586 1174 2641 solo
1201 2602 1368 2656 prope
1411 2589 1781 2657 adaaquatum,

191 2674 308 2744 jnri
341 2673 632 2744 episcopali
664 2674 863 2740 addici,
892 2684 1160 2744 quatenus
1187 2693 1216 2730 c
1250 2677 1385 2731 laica
1416 2693 1576 2731 manu
1610 2680 1787 2748 eripe-

199 2777 377 2832 retur,
425 2781 641 2836 suteque
672 2766 863 2836 inopiae
888 2768 1284 2835 subveniretur,
1309 2770 1374 2823 ab
1401 2785 1526 2840 rege
1547 2770 1786 2825 Franco-

199 2871 326 2912 rum
367 2857 622 2926 primttm,
655 2857 846 2911 deinde
875 2873 903 2910 ιι
942 2857 1163 2914 Nicolao
1185 2859 1390 2929 primo,
1423 2875 1589 2930 papa,
1618 2861 1788 2928 impc-

202 2949 389 3001 travit.
421 2967 438 2998 ι
476 2948 552 3002 Eo
581 2957 761 3002 autem
789 2948 978 3004 ordine
1009 2948 1136 3020 (fert
1156 2951 1386 3020 diploma
1420 2967 1624 3006 summa
1651 2968 1786 3022 pon-

205 3039 390 3110 tiﬁcis)
423 3048 479 3093 ut
504 3040 570 3094 de
598 3039 759 3095 rebus
786 3040 1028 3111 ejusdem
1061 3043 1375 3097 monasterii
1408 3036 1647 3108 collatis,
1676 3046 1788 3100 sive

203 3130 568 3193 conferendis,
596 3131 848 3186 Ecclesia:
874 3132 1211 3188 Belvacensis
1233 3137 1640 3191 necessitatibus
1663 3139 1787 3194 sub-

1877 563 2236 633 impcndatur,
2272 564 2364 616 sed
2396 570 2453 615 ut
2479 563 2592 615 suis
2617 562 2821 626 usibus,
2853 564 2918 616 ad
2951 563 3331 620 dominationis
3360 581 3455 620 vo-

1877 662 1987 706 tum
2019 651 2376 714 deserviatur,
2407 660 2510 705 etc.

1947 761 1966 792 ι
2010 742 2199 793 Datum
2248 750 2330 794 est
2383 741 2434 794 id
2479 740 2744 810 privilegii
2781 756 2910 796 ann.
2953 758 2986 796 ν
3031 743 3242 814 imperii
3271 743 3451 800 Ludo-

1876 832 1978 887 vici
2004 832 2062 896 ll,
2093 831 2295 886 Christi
2329 847 2456 886 vero
2483 832 2606 888 800.
2639 851 2655 882 ι

1950 923 2080 977 VIII.
2134 921 2418 992 Ansigisus
2460 924 2543 976 vir
2597 923 2888 993 religione,
2944 927 3185 981 doctrina
3248 944 3454 1000 usuque

1881 1029 2058 1068 rerum
2084 1023 2365 1083 prarstans,
2392 1013 2624 1066 hmnana
2663 1016 2909 1082 deposuit
2939 1033 3079 1072 anno
3101 1018 3227 1074 889..

1948 1104 2108 1176 603
2140 1103 2390 1158 Pluribus
2438 1111 2558 1174 post
2597 1103 2773 1167 annis,
2823 1121 3012 1175 nempe
3050 1108 3194 1162 circa
3239 1124 3440 1162 ammm

1880 1195 2008 1259 900,
2052 1210 2252 1264 susque
2281 1195 2454 1264 deque
2487 1210 2739 1250 eversum
2778 1205 2861 1250 est
2899 1199 2994 1250 abs
3039 1197 3451 1255 Northmannis.

1882 1287 2048 1342 Sacra
2075 1296 2254 1342 autem
2284 1287 2428 1342 beati
2467 1286 2747 1342 Geremari
2777 1302 2899 1342 ossa
2929 1288 3210 1352 translata,
3248 1307 3312 1345 ac
3339 1292 3449 1345 col-

1885 1378 2053 1432 locata
2090 1378 2140 1431 in
2187 1377 2417 1432 ecclesia
2467 1377 2814 1442 Belvacensi,
2861 1378 2948 1432 nhi
2998 1379 3154 1432 hodie
3184 1379 3452 1433 visuntur.

1952 1472 2021 1523 At
2078 1485 2220 1523 anno
2273 1469 2409 1524 1050
2457 1481 2678 1524 strenue
2730 1473 2849 1539 pius
2902 1469 3059 1537 juxta
3114 1486 3176 1526 ac
3219 1473 3458 1540 prudens

1885 1561 2058 1615 Droco
2104 1560 2512 1614 Belvacensimn
2560 1559 2846 1628 episcopus
2878 1559 2945 1612 ad
2984 1560 3455 1622 instaurationem,

1885 1667 1979 1708 seu
2027 1654 2209 1706 verius
2252 1651 2758 1713 exasdificationem,
2816 1651 3052 1704 animum
3102 1651 3344 1721 appellit,
3385 1653 3456 1705 ita

1889 1743 2120 1798 feliciter
2173 1753 2227 1797 et
2275 1741 2582 1811 magnifice,
2612 1752 2669 1796 ut
2714 1744 2862 1798 br-evi
2911 1744 3190 1797 ecclesiam
3234 1752 3290 1796 et
3337 1744 3461 1796 uni-

1816 1825 1860 1880 B
1886 1847 2036 1888 versa
2070 1833 2191 1887 vitze
2215 1833 2526 1887 monasticae
2555 1834 2834 1886 commoda
2859 1832 3085 1887 aedilicia
3117 1831 3447 1901 perfecerit;

1883 1942 1991 1996 quo
2019 1942 2123 1981 non
2151 1935 2358 1980 tantum
2384 1933 2628 1980 vetustas
2655 1925 2817 1988 aedes,
2845 1924 2938 1978 sed
2969 1925 3132 1979 etiam
3161 1925 3460 1993 prmeipuas

1883 2017 2067 2074 Gallia:
2093 2027 2202 2071 tum
2229 2016 2605 2086 amplitudine,
2639 2023 2749 2070 tum
2775 2015 3043 2086 elegantia
3073 2025 3382 2085 superaret.

1954 2111 2282 2164 Constructo
2333 2109 2514 2176 itaque
2565 2118 2618 2162 et
2647 2109 2912 2162 instructo
2950 2107 3267 2162 monasticis
3299 2107 3462 2160 rebus

1892 2211 1947 2259 et
1967 2217 2120 2256 sacra
2154 2199 2472 2269 supellectili
2497 2200 2744 2254 umnobio
2765 2240 2779 2264 ,
2813 2215 3042 2254 necnon
3071 2199 3307 2270 praediis,
3339 2214 3462 2269 qua!

1885 2293 2188 2361 antiquitus
2212 2292 2572 2362 possederant
2615 2291 2926 2357 cmnohitte,
2957 2291 3200 2356 redditis,
3227 2291 3462 2346 accersi-

1884 2384 1963 2436 vit
2001 2398 2032 2436 e
2077 2381 2406 2436 monasterio
2451 2378 2638 2434 Sancti
2681 2379 2850 2433 Mauri
2905 2381 3213 2436 Fossateusi
3271 2398 3460 2435 mona-

1885 2477 2041 2540 chos,
2079 2475 2274 2543 quibus
2315 2472 2685 2528 Guntherium
2715 2472 2975 2542 praefecit.
3021 2475 3097 2526 Ac
3145 2473 3356 2527 tandem
3405 2485 3462 2525 ιιι

1885 2585 2042 2623 sacra
2092 2567 2509 2620 restituerentur
2570 2565 2744 2620 sancti
2790 2565 3070 2620 Geremari
3121 2580 3280 2632 ossa,
3333 2565 3460 2619 totis

1886 2659 2091 2711 viribus
2117 2657 2302 2710 enisus
2340 2665 2443 2722 est,
2469 2657 2564 2711 sed
2597 2655 2824 2719 frustra,
2865 2655 3221 2720 reclamante,
3255 2671 3460 2726 praepe—

1885 2749 2170 2816 dietithue
2192 2747 2408 2818 populo.

1959 2839 2048 2894 IX.
2088 2841 2382 2896 Gunterius
2429 2856 2514 2896 ex-
2542 2839 2806 2894 monacho
2830 2837 3169 2903 Fossatensi,
3211 2841 3465 2896 asceticac

1889 2934 2012 2988 vitae
2047 2950 2232 2987 norma
2258 2933 2585 3002 postliminio
2611 2942 2860 2986 revocata
2893 2932 2944 2986 in
2975 2933 3150 2987 sancti
3181 2933 3464 2988 Geremari

1890 3027 2175 3088 cmuobio,
2237 3041 2485 3096 magnam
2538 3025 2636 3078 sibi
2695 3026 2954 3078 virtutum
3003 3043 3067 3080 ac
3111 3028 3464 3082 scientiarum

1893 3117 2104 3171 Iaudem
2138 3116 2268 3171 inibi
2299 3115 2539 3185 collegit,
2587 3115 2724 3170 adeo
2775 3125 2834 3169 ut
2871 3118 3177 3184 praestantis
3219 3118 3461 3188 discipli-

203 3221 477 3286 veniatur,
506 3233 665 3290 prout
694 3222 942 3278 voluntas
986 3233 1040 3278 et
1083 3223 1345 3293 judicimn
1395 3226 1667 3297 episcopi,
1695 3231 1786 3298 qui
1814 3178 1858 3238 Ε
1897 3224 1978 3263 ’δίε
2019 3209 2249 3278 Parnm“
2299 3207 2464 3272 fama,
2514 3207 2680 3261 eum“
2717 3208 2914 3272 “Heri,
2957 3207 3151 3261 smul"
3187 3209 3463 3275 “Micam!

205 3311 486 3379 praefuerit
518 3312 692 3366 eidem
723 3311 980 3368 Ecclesia:
1020 3315 1346 3380 decreverit;
1378 3326 1432 3372 et
1464 3321 1788 3374 monasteria

208 3403 348 3470 ipsa,
381 3415 478 3455 nec
502 3402 552 3456 in
581 3403 821 3460 aedificiis
854 3405 1156 3469 domorum,
1187 3421 1286 3461 nec
1313 3407 1364 3460 in
1400 3410 1790 3466 restauratione

205 3490 590 3558 ecclesiarum,
617 3509 716 3549 nec
746 3494 799 3548 in
829 3495 1244 3550 necessitatibus
1271 3497 1380 3553 Deo
1413 3497 1520 3554 illic
1549 3501 1791 3556 servien-

209 3581 348 3634 tium
385 3582 620 3637 subsidia
650 3583 1060 3651 defraudentur;
1088 3586 1180 3640 sed
1211 3587 1282 3639 ita
1311 3603 1486 3642 rermn
1514 3589 1792 3659 dispositio

208 3670 310 3725 ﬁat
336 3671 404 3728 ab
429 3673 682 3743 episcopo
702 3673 1044 3730 Belvacencis
1071 3674 1341 3743 Ecclesiae,
1369 3686 1425 3731 ut
1453 3687 1507 3733 et
1537 3681 1648 3748 ipsa
1679 3695 1793 3734 rno-

209 3765 450 3819 nasteria
494 3764 648 3833 juxta
697 3767 915 3821 modum
961 3765 1278 3822 facultatum
1327 3772 1426 3826 sibi
1473 3772 1789 3826 collaturum

210 3862 612 3920 restaurentur,
637 3865 691 3910 et
723 3867 1128 3922 conserventur,
1161 3866 1216 3910 et
1265 3859 1369 3914 illic
1401 3861 1510 3915 Deo
1551 3862 1788 3916 militan-

211 3943 348 3998 tium
375 3945 630 4001 subsidiis
651 3947 995 4016 adjuventur,
1021 3961 1287 4018 quatenus
1315 3951 1425 4006 loca
1456 3951 1565 4006 Deo
1592 3954 1789 4019 dicata,

208 4043 270 4090 et
300 4049 386 4090 res
421 4035 524 4090 illis
565 4037 808 4092 ecclesiis
851 4040 1059 4094 collatae
1110 4041 1181 4094 ibi
1230 4042 1567 4111 potissimum
1609 4047 1792 4100 deser-

208 4125 396 4192 viant,
421 4125 512 4181 ubi
556 4127 665 4182 Deo
701 4128 936 4185 ﬁdelium
974 4133 1273 4188 oblationes
1310 4150 1429 4190 esse
1454 4136 1662 4192 collata:
1693 4155 1790 4192 no-

211 4229 481 4275 scuntur:
516 4224 644 4292 quia
673 4237 772 4277 nec
799 4224 974 4292 pium,
1006 4241 1102 4280 nec
1128 4226 1334 4296 justum
1365 4244 1484 4284 esse
1513 4245 1793 4302 cognosc:-

213 4317 332 4376 tur,
367 4321 426 4364 ut
459 4312 706 4367 ecclesia:
740 4314 972 4382 praefatae
1011 4318 1084 4368 ita
1123 4319 1236 4374 suis
1285 4320 1445 4373 rebus
1477 4319 1788 4388 spolientur,

211 4407 271 4454 et
311 4399 533 4458 alterius
579 4403 820 4458 ecclesia:
881 4407 1292 4463 necessitatibus
1349 4409 1686 4474 deserviant,
1735 4417 1792 4462 ut

212 4503 404 4543 earum
447 4491 589 4544 nulla
634 4507 854 4562 prorsus
889 4511 1017 4548 cura
1048 4495 1293 4552 videatur
1333 4497 1588 4568 impendi.
1643 4497 1792 4554 Unde
1827 4529 1869 4584 υ

213 4576 481 4638 sollicitus
512 4583 688 4637 videat
713 4585 996 4654 episcopus
1026 4586 1454 4654 Bcllovasensis,
1485 4598 1543 4644 ut
1584 4590 1701 4644 sive
1729 4591 1793 4645 de

216 4671 434 4728 feminis
463 4673 569 4726 illis
597 4674 704 4728 Deo
732 4675 1176 4744 deservicntibns,
1207 4695 1320 4734 sn'e
1345 4681 1410 4734 de
1433 4680 1796 4749 cujuscunque

214 4763 424 4816 ordinis
464 4763 627 4830 viris,
671 4765 784 4819 sive
815 4766 880 4820 de
913 4769 1361 4824 monasteriorum
1404 4769 1796 4824 restauratione

213 4861 271 4907 et
297 4857 720 4919 conservatione,
747 4871 866 4910 eam
899 4873 1085 4912 curam
1115 4861 1402 4929 suscipiat,
1439 4875 1703 4932 quatenus
1743 4874 1796 4918 et

216 4940 413 4994 divina.-
461 4940 640 4995 domui
687 4943 904 5012 dignam
962 4945 1163 5002 habere
1210 4947 1309 5002 sibi
1359 4951 1794 5018 procurationem

213 5031 468 5103 gaudeat,
501 5042 555 5087 et
584 5035 697 5102 ipse
735 5035 826 5102 qui
856 5035 1129 5104 praefuerit
1164 5049 1362 5104 rector,
1393 5056 1636 5111 superna:
1663 5061 1792 5098 cen-

213 5137 358 5176 surae
395 5120 658 5190 judicium
699 5135 919 5194 propter
963 5129 1343 5200 negligentiam
1391 5148 1494 5186 non
1528 5134 1791 5190 incurrat.

213 5214 272 5268 In
312 5213 648 5270 saecularium
700 5230 832 5271 vero
867 5234 1058 5274 manus
1087 5230 1248 5291 atque
1288 5232 1639 5292 potestatem,
1681 5227 1794 5297 ipsa

217 5308 545 5362 monasteria
571 5307 712 5363 nulla
736 5309 990 5381 deinceps
1017 5313 1225 5368 ratione
1255 5315 1342 5368 vel
1367 5317 1648 5372 occasione
1677 5333 1796 5387 per-

214 5399 470 5464 veniant;
503 5401 628 5470 quia
659 5416 764 5456 non
791 5411 876 5456 est
906 5403 1021 5458 leve
1052 5415 1176 5459 ante
1209 5407 1392 5461 oculos
1430 5409 1622 5462 summi
1646 5409 1794 5476 judi-

215 5489 297 5546 cis
332 5489 623 5548 discrimen
657 5493 920 5563 religiosis
943 5496 1088 5555 locis,
1119 5507 1172 5550 et
1197 5499 1538 5552 monasteriis
1572 5499 1678 5554 Deo
1709 5501 1791 5554 di-

218 5581 374 5646 catis,
397 5581 711 5638 stecularem
743 5585 1021 5654 praeficere
1048 5596 1391 5657 potestatem,
1423 5591 1548 5645 etei
1577 5603 1795 5646 contra—

219 5669 345 5724 dere
376 5674 661 5739 pastoralis
706 5690 849 5732 curre
891 5677 1332 5742 sollicitudinem,
1393 5681 1515 5751 qui,
1559 5685 1686 5752 quid
1725 5686 1792 5739 sit

220 5771 424 5830 uastor,
455 5764 667 5833 ignorat
712 5784 810 5823 nec
855 5771 1048 5839 qumrit
1095 5771 1302 5828 lucrum
1343 5775 1666 5842 animarum,
1700 5780 1793 5832 sed

1892 3316 2014 3357 sese
2047 3302 2215 3371 ipsius
2241 3300 2556 3372 magisterio
2583 3299 2878 3354 subderent
2905 3317 2917 3352 :
2951 3301 3080 3368 quin
3124 3310 3180 3354 ct
3207 3302 3462 3356 mulieres

1893 3390 2181 3454 nonnullae,
2211 3391 2398 3445 eodem
2423 3399 2608 3459 postea
2633 3389 2796 3442 odore
2829 3387 3052 3450 allectze,
3080 3389 3131 3442 in
3168 3389 3466 3459 adjacenti-

1893 3483 1995 3537 bus
2041 3482 2287 3537 ecclesiw
2323 3480 2565 3536 tediculis
2606 3489 3042 3545 commanerent;
3082 3495 3274 3550 nempe
3311 3497 3467 3537 soror

1891 3571 2107 3642 Sugerii
2147 3572 2367 3642 prioris,
2405 3579 2579 3624 mater
2616 3565 2859 3624 Gui'berti
2915 3571 3128 3626 abbatis
3157 3571 3463 3642 Novigenti,

1895 3665 2275 3735 Leodegardis.
2328 3665 2402 3718 De
2444 3665 2640 3733 quibus
2686 3663 2826 3718 idem
2867 3663 3161 3721 Guibertns
3219 3667 3312 3722 lib.
3345 3684 3360 3722 ι
3398 3668 3469 3723 de

1901 3757 2020 3811 Vita
2045 3771 2166 3810 sua.
2197 3740 2434 3825 Itemque
2464 3755 2851 3824 posterioribus
2901 3757 3111 3812 saeculis
3136 3759 3368 3815 Albreda
3401 3761 3468 3814 de

1896 3846 1956 3904 S.
1997 3847 2137 3904 Ouin
2174 3860 2458 3909 conversa,
2507 3860 2643 3899 uxor
2684 3845 2955 3900 Guillelmi
3003 3847 3070 3903 de
3114 3849 3466 3916 IIcnouville;

1893 3954 2032 3994 uxor
2062 3939 2279 3994 Girardi
2311 3938 2378 3992 de
2412 3935 2724 4000 IIanuoiIes,
2757 3945 2812 3990 et
2858 3937 2978 3992 aliae
3015 3941 3464 4010 quamplurima);

1894 4047 2013 4102 quae
2035 4030 2352 4086 contraditis
2375 4028 2506 4084 inibi
2535 4028 2647 4083 suis
2672 4029 2883 4098 opibus,
2911 4034 3226 4088 monasterii
3261 4034 3472 4104 stipen—

1893 4121 2018 4188 diis,
2049 4135 2141 4176 seu
2192 4132 2250 4174 ut
2279 4117 2510 4174 codicilli
2540 4115 2850 4185 loquuntur,
2893 4123 3216 4191 praibendis,
3251 4124 3474 4179 nomine

1897 4225 2172 4266 conversae
2197 4225 2260 4263 ac
2293 4211 2519 4271 sororis,
2547 4213 3042 4268 sanctimonialium
3079 4214 3264 4267 habitu
3303 4215 3462 4283 dege-

1895 4304 2045 4358 bant.
2083 4305 2454 4362 JEdicularum
2481 4310 2535 4363 in
2562 4307 2880 4362 hodiernum
2912 4319 3082 4374 usque
3121 4305 3262 4359 diem
3293 4307 3482 4359 vesti-'

1896 4395 1980 4465 gia
2006 4406 2242 4452 exstant.

1967 4486 2111 4542 Obiit
2147 4487 2441 4553 Guntcrius
2466 4489 2643 4545 Idibus
2673 4488 2874 4554 Martii,
2904 4504 3045 4543 anno
3070 4488 3270 4543 Christi
3303 4488 3465 4555 I038,

1897 4587 1952 4633 et
1987 4579 2473 4634 administrationis
2494 4579 2587 4634 ‘22.

1969 4669 2035 4724 Χ.
2077 4670 2374 4726 Garnerius
2399 4671 2660 4727 Gunterio
2686 4671 2980 4737 successit;
3015 4673 3098 4724 vir
3123 4670 3306 4739 utique
3347 4685 3472 4739 pro-

1898 4763 2087 4826 bitate,
2130 4763 2397 4824 doctrina,
2426 4763 2840 4818 administrandi
2867 4762 3156 4832 prudentia
3198 4762 3426 4832 insignis
3455 4780 3472 4812 ι

1898 4855 1989 4924 qui
2021 4855 2362 4925 disciplinam
2396 4855 2697 4926 regularem
2743 4857 2880 4910 mire
2911 4856 3217 4919 illustravit,
3250 4855 3476 4906 adauxit

1899 4961 1986 5000 res
2012 4947 2342 5001 monasterii.
2368 4947 2444 5000 Eo
2465 4960 2680 5015 quoque
2703 4949 3024 5016 praesidente
3045 4949 3350 5018 complures
3379 4961 3469 5000 ec-

1899 5038 2097 5102 clesite,
2141 5055 2232 5095 seu
2272 5042 2566 5111 prioratus,
2616 5040 2847 5095 Faviaco
2888 5041 3272 5106 conferuntur;
3317 5039 3478 5110 queis

1899 5130 2139 5185 colonias
2187 5135 2614 5195 monachorum,
2669 5132 2759 5201 qui
2824 5132 3128 5186 orationum
3174 5129 3470 5193 subsidiis,

1902 5222 2172 5292 verboque
2217 5235 2269 5278 et
2307 5227 2554 5296 exemplo
2609 5226 2864 5298 populum
2917 5231 3232 5286 tuerentur,
3291 5221 3476 5276 erudi-

1900 5326 2150 5382 rentque,
2195 5315 2494 5374 Garnerius
2538 5319 2706 5374 abbas
2749 5318 2972 5371 addixit.
3025 5315 3250 5370 Coristat
3285 5314 3339 5369 id
3379 5329 3476 5384 por

1900 5406 2164 5460 tisstmnm
2221 5421 2286 5460 ex
2343 5410 2658 5464 narratione
2705 5409 3038 5464 fundationis
3081 5408 3352 5477 prioratus
3407 5406 3474 5458 5.-

1898 5500 2140 5570 Sepulcri
2171 5501 2237 5554 dc
2267 5501 2578 5567 Vil‘laribus,
2611 5521 2639 5557 a
2670 5503 3006 5558 nobilissimo
3041 5503 3238 5556 comite
3276 5499 3480 5554 Belva-r

1897 5591 2040 5647 censi
2075 5590 2392 5646 Lauscelino
2433 5594 2657 5659 conditi,
2689 5604 2748 5648 et.
2770 5594 3160 5648 eamdermnos
3196 5592 3474 5653 chartam,

1899 5690 2084 5750 utpote
2124 5695 2388 5735 summam
2419 5681 2644 5751 hujusce
2675 5685 2890 5740 comitis
2918 5685 3176 5755 pietatem
3221 5683 3470 5737 redoleat--

1900 5786 2028 5840 tem,
2064 5774 2427 5833 internectere
2455 5777 2702 5834 delectat.
