4032 6336
557 337 686 392 Nili

1528 335 1613 390 Al)
1655 334 1804 390 OPP.
1847 331 1998 387 V'EN.
2030 330 2352 387 GUlBERTI
2404 334 2490 389 DE
2525 334 2917 391 NOVIGEN‘TO

3697 335 3828 388 Ιῐνθξ

633 472 649 501 ι
673 451 726 504 ln
753 451 967 505 neruine
997 458 1193 504 sanctae
1223 457 1274 502 et
1298 447 1584 501 individuzc
1607 446 1906 501 Trinitatis.
1936 453 2128 500 Amen.
2164 449 2208 505 Λ
2235 459 2400 514 gnum
2439 448 2727 515 Anglorum
2755 449 3043 504 Guillclmo
3073 447 3407 504 nobilissimo
3447 455 3578 516 rege
3602 447 3832 501 admini-

555 543 820 597 Omuibus
873 557 1010 610 aqua
1058 553 1113 595 et
1163 540 1367 609 Spiritu
1415 549 1606 594 sancto
1655 541 1880 603 renatis,
1924 548 2136 608 gratum

557 636 671 688 fore
706 635 940 688 decrevit
969 634 1212 687 charitas
1237 641 1443 696 nostra,
1479 635 1520 686 si
1550 633 1855 686 litterarum
1893 631 2139 700 apicibus

559 733 904 786 annotamus,
938 722 1176 792 qualiter
1197 738 1225 774 a
1250 721 1572 789 quibusdam
1620 720 1867 789 personis
1899 720 2130 774 ecclesia

556 827 764 882 nostra,
796 815 1097 869 auxiliante
1131 814 1376 879 Domino,
1399 813 1558 869 fuerit
1585 813 1828 867 fundata.
1864 814 2139 867 Lansceli-

558 922 660 958 nus
713 906 928 969 senior,
986 905 1238 959 Fulconis
1287 904 1632 959 Belvacensis
1677 904 1853 968 filius,
1903 915 2137 958 strenuae

561 997 862 1049 nobilitatis
902 995 1004 1062 vir,
1049 1003 1105 1048 et
1153 995 1448 1050 secmulum
1495 992 1654 1062 hujus
1703 993 1880 1048 saeculi
1935 994 2134 1048 fastum

561 1102 772 1156 magum
807 1086 1057 1155 potenti:e
1100 1084 1198 1138 fuit
1233 1103 1244 1138 :
1281 1085 1410 1148 iste,
1442 1094 1498 1140 ut
1540 1085 1615 1139 rei
1652 1084 1828 1138 exitus
1858 1085 2132 1153 probavit,

556 1186 688 1230 nutu
715 1187 766 1230 et
788 1176 1066 1229 voluntate
1110 1175 1202 1228 Dei
1241 1175 1562 1239 Jerusalem,
1595 1183 1650 1228 et
1685 1189 1836 1230 sacra
1871 1175 2010 1240 loca,
2045 1176 2131 1229 ubi

557 1270 822 1322 Dominus
856 1278 1043 1321 noster
1089 1266 1245 1322 Jesus
1293 1267 1562 1331 Christus,
1593 1276 1773 1328 natus,
1824 1269 1911 1321 ubi
1955 1269 2135 1321 cruci-

558 1363 722 1425 ﬁxus,
755 1369 810 1414 et
855 1360 1161 1428 sepulcrum
1219 1360 1271 1413 in
1317 1376 1424 1428 quo
1463 1361 1669 1429 positus
1696 1361 1816 1424 fuit,
1853 1361 2036 1414 multis
2077 1363 2132 1414 in

558 1452 662 1503 hac
709 1451 984 1520 provincia
1018 1466 1198 1504 secum
1226 1453 1515 1505 comitatus
1547 1451 1677 1504 adiit
1709 1469 1721 1504 :
1755 1451 1857 1506 illis
1886 1453 2136 1507 videlicet

559 1541 905 1610 temporibus,
941 1543 1140 1609 quibus
1185 1542 1363 1596 nullus
1393 1543 1689 1596 Christiani
1725 1545 1959 1598 nominis
2004 1561 2134 1600 con-

557 1632 752 1696 fessor,
791 1632 894 1685 nisi
931 1633 1140 1696 furtim,
1190 1643 1305 1699 aut,
1341 1643 1398 1687 ut
1448 1635 1519 1687 ita
1561 1635 1760 1699 dicam,
1791 1637 2132 1705 tapinacione

553 1733 776 1792 propter
826 1724 1206 1778 obsistentium
1270 1741 1604 1796 paganorum
1657 1727 1942 1791 timorem,
2005 1729 2129 1783 illuc

553 1825 780 1880 pergere
825 1828 991 1866 ausus
1043 1824 1193 1876 erat;
1251 1815 1340 1882 qui
1401 1815 1565 1868 multa
1596 1823 1701 1868 tam
1756 1814 1852 1883 per
1904 1827 2125 1884 terram,

552 1919 716 1972 quam
746 1919 842 1973 per
873 1920 1042 1969 mare,
1085 1921 1274 1975 passus
1311 1909 1573 1976 pericula,
1625 1909 1690 1962 ad
1738 1909 1986 1963 ultimum
2037 1925 2134 1964 suo

554 1994 755 2061 potitus
784 1996 1074 2058 desiderio,
1120 1997 1362 2066 satisque
1405 1997 1682 2052 humiliter
1727 1999 1971 2062 adorato,
2010 2015 2132 2052 cum

557 2083 672 2138 suis
695 2087 948 2140 omnibus
971 2088 1020 2140 in
1049 2086 1275 2142 Galliam
1308 2089 1926 2156 repedavit.’l‘ransaeto
1949 2101 2129 2144 autem

555 2188 660 2227 non
716 2174 876 2245 longo
929 2186 1193 2246 tempore,
1246 2177 1420 2247 pietas
1463 2179 1761 2235 conditoris
1804 2182 1994 2244 nostri,
2040 2182 2132 2251 qui

559 2289 576 2318 α
607 2284 798 2325 omnes
859 2273 973 2326 vult
1019 2272 1198 2328 salvos
1249 2272 1390 2338 ﬁeri,
1445 2283 1499 2328 et
1544 2275 1610 2327 ad
1671 2276 2003 2345 agnitionem
2051 2275 2132 2330 sui

517 2361 520 2364 ⁴
561 2362 801 2415 nominis
847 2363 1030 2417 venire
1077 2362 1129 2433 (1
1159 2363 1292 2416 Tim.
1326 2380 1386 2427 ιι,
1416 2365 1493 2432 4),
1530 2383 1547 2415 ι
1583 2365 1729 2420 misit
1763 2367 1814 2420 in
1867 2365 2132 2432 cor'cjus,

553 2464 829 2520 quatenus
868 2455 918 2506 in
975 2455 1237 2508 honorem
1291 2455 1462 2509 sancti
1513 2456 1746 2523 sepulcri
1794 2457 1859 2510 de
1901 2458 2136 2525 propriis

555 2543 904 2598 facultatibus
954 2544 1241 2599 ecclesiam
1283 2555 1541 2609 strueret,
1591 2549 1993 2618 monachosque
2035 2549 2136 2602 ibi-

554 2636 677 2687 dem
730 2635 796 2687 ad
843 2635 935 2688 Dei
986 2637 1267 2690 servitium
1316 2637 1405 2690 die
1454 2649 1721 2707 noctuque
1767 2641 2134 2710 peragendum

553 2725 935 2780 constitueret.
971 2725 1270 2780 Consilium
1315 2742 1467 2791 vero,
1503 2728 1945 2798 voluntatemque
1977 2728 2136 2796 hujus

556 2813 658 2877 rei,
703 2815 856 2868 uxori
891 2830 1002 2870 suae
1032 2825 1084 2870 et
1136 2816 1263 2870 ﬁliis
1289 2817 1404 2872 suis
1444 2833 1543 2873 nec
1587 2835 1692 2874 non
1729 2830 1784 2874 et
1828 2821 2138 2876 hominibus

554 2906 790 2972 pr0priis
838 2908 1110 2976 aperiens,
1166 2923 1355 2964 onmes
1409 2925 1515 2964 una
1565 2927 1696 2967 voce
1748 2913 2132 2977 laudaverunt,

554 2996 772 3066 llcoque
803 2997 916 3052 fore
943 3009 1154 3069 gratum
1184 3001 1343 3056 simul
1369 3003 1795 3058 afﬁrmaverunt.

2241 547 2467 593 strante.
2503 560 2520 591 ι

2313 626 2592 683 Monachis
2645 644 2772 683 vero
2815 629 3015 684 ibidem
3069 629 3176 685 Deo
3224 631 3596 684 servientibus
3647 630 3830 701 inclyti

2241 718 2546 774 Lanscelini
2573 737 2675 775 non
2705 721 2875 776 defuit
2903 722 3146 792 largitas.
3177 722 3247 776 Ut
3271 723 3414 776 enim
3438 721 3832 776 sullieientiarn

2239 812 2543 880 quotidiani
2579 813 2757 868 victus
2796 815 3086 880 haberent,
3136 815 3283 868 dedit
3329 817 3407 870 eis
3455 816 3832 870 molendinum

2238 903 2578 959 Crevicordis
2635 920 2799 974 super
2850 908 3024 977 ripam
3076 907 3231 964 Tarre
3279 910 3488 972 situm,
3545 917 3606 961 et
3665 915 3832 960 totam

2237 1013 2431 1067 aquam
2483 1000 2548 1054 de
2583 998 2790 1055 Cailoto
2841 1017 3012 1072 usque
3069 1003 3135 1056 ad
3183 1003 3401 1058 Pontem
3451 999 3718 1062 Harmis,
3768 1000 3830 1052 ad

2236 1091 2574 1160 piscandum,
2605 1093 2752 1147 dedit
2774 1100 2827 1148 et
2850 1093 3092 1163 hospites
3123 1109 3248 1148 suos
3275 1093 3477 1148 ibidem
3511 1099 3828 1152 manentes,

2240 1188 2514 1250 totamque
2571 1182 2910 1238 mansionem
2969 1182 3294 1247 llildefredi,
3344 1198 3467 1237 eum
3523 1182 3712 1251 pratis
3769 1182 3832 1234 ad

2238 1271 2575 1327 mansionem
2627 1272 3023 1342 pertinentibus
3065 1281 3478 1343 :querquetum
3534 1270 3830 1339 Burgerii,

2238 1361 2554 1415 etalnetnm
2610 1371 2968 1431 querquetum
3021 1362 3384 1430 adjacentem,
3444 1359 3656 1413 Nemus
3709 1358 3830 1422 lles,

2227 1451 2509 1519 Faiolnm;
2544 1457 2734 1509 omnes
2773 1453 3025 1508 brochias
3075 1454 3141 1508 ad
3175 1453 3611 1508 coarburendum
3675 1463 3730 1503 et
3769 1453 3832 1501 a-t

2237 1545 2619 1614 hospitandum
2661 1545 2948 1600 concessit.
2977 1544 3114 1598 Vasa
3163 1544 3344 1614 apium
3399 1544 3454 1597 in
3505 1543 3832 1597 nemoribus

2233 1634 2346 1689 suis
2383 1644 2626 1704 reperta;
2655 1644 2710 1690 et
2732 1635 2866 1690 duas
2906 1644 3088 1706 partes
3117 1635 3340 1690 decima:
3373 1635 3440 1688 de
3485 1633 3756 1696 “armis;
3783 1644 3831 1687 et

2237 1723 2370 1779 duas
2420 1723 2486 1778 de
2549 1724 2824 1779 Sereociis
2874 1733 2930 1778 et
2983 1725 3048 1778 de
3097 1722 3472 1779 llledianavilla
3502 1763 3518 1787 ,
3581 1722 3834 1776 similiter

2164 1785 2207 1845 Β
2239 1815 2374 1870 duas
2411 1824 2593 1884 partes
2641 1815 2883 1880 decima',
2918 1823 2972 1870 et
3014 1815 3283 1869 culturam
3331 1815 3535 1878 Crene,
3582 1813 3832 1868 clausum

2237 1918 2459 1976 quoque
2508 1903 2882 1959 monasterioli
2913 1943 2928 1969 ,
2985 1904 3126 1972 quod
3174 1919 3203 1956 a
3269 1903 3505 1973 quodam
3573 1902 3832 1966 homine,

2237 1995 2456 2052 Gildino
2489 1995 2729 2062 nomine,
2774 1989 2978 2065 septem
3035 1994 3187 2049 libris
3217 1993 3575 2049 Belvacensis
3603 2006 3834 2049 moneta:

2237 2096 2291 2142 et
2321 2103 2426 2142 uno
2455 2087 2640 2142 modio
2673 2085 2929 2141 frumenti
2961 2086 3122 2150 emit;
3149 2085 3324 2155 ipsum
3354 2099 3485 2138 vero
3509 2084 3830 2139 Gilduinum

2238 2193 2408 2248 usque
2434 2180 2500 2232 ad
2529 2181 2688 2230 tinem
2718 2177 2839 2231 vita;
2865 2191 2977 2230 sua:
3007 2176 3258 2230 monachi
3311 2176 3517 2230 vestitu
3556 2185 3614 2230 et
3649 2177 3832 2245 quoti-

2239 2269 2396 2323 diano
2425 2269 2581 2333 victu
2623 2276 3085 2322 sustentaverunt.
3136 2266 3292 2321 Dedit
3337 2267 3505 2321 etiam
3536 2267 3831 2335 quamdam

2239 2361 2594 2425 mansionem,
2636 2375 2796 2428 quam
2825 2368 3045 2414 centum
3084 2357 3274 2413 solidis
3316 2357 3680 2414 Belvacensis
3714 2374 3826 2411 mo-

2239 2462 2378 2509 netae
2409 2454 2540 2507 tllllll
2573 2455 2643 2508 ab
2675 2452 2953 2507 llemelino
2995 2451 3062 2506 de
3092 2459 3284 2506 sancto
3323 2451 3594 2514 Lueiano,
3637 2465 3826 2505 conce-

2239 2545 2398 2599 dente
2427 2543 2587 2599 Petro
2611 2544 2781 2598 sancti
2827 2543 3054 2598 Lueiani
3101 2544 3318 2607 abbate,
3345 2543 3414 2597 de
3449 2543 3827 2604 Consenﬁseo,

2239 2646 2294 2691 ct
2335 2637 2460 2690 aliis
2500 2636 2752 2691 omnibus
2794 2636 3079 2690 monachis
3111 2635 3568 2692 concedentibus.
3615 2636 3696 2689 De
3730 2650 3829 2704 qua

2240 2742 2296 2782 re
2343 2728 2595 2782 dominus
2633 2725 2987 2781 Lanscelinus
3031 2727 3210 2780 abbati
3245 2729 3312 2781 de
3354 2736 3554 2782 sancto
3589 2727 3832 2782 Luciano

2239 2821 2536 2875 hominium
2584 2819 2732 2874 fecit.
2787 2820 2968 2874 Abbas
3012 2832 3142 2873 vero
3192 2819 3259 2872 ad
3297 2829 3661 2889 augmentum
3716 2820 3828 2874 ﬁsci

2238 2930 2404 2968 umun
2440 2913 2658 2967 dentem
2683 2911 2852 2966 sancti
2896 2911 3116 2966 Luciani
3148 2911 3195 2965 ei
3223 2912 3393 2965 dedit.

2309 3007 2434 3063 Post
2484 3008 2597 3061 lucc
2641 3006 2803 3060 talem
2858 3004 3327 3059 confirmationem
3367 3005 3543 3070 fecit,
3595 3014 3658 3059 ut
3711 3005 3756 3059 si
3801 3019 3830 3058 a

630 3107 646 3138 ι
679 3088 806 3144 Post
837 3092 949 3145 haec
993 3093 1248 3147 domuum
1283 3095 1585 3150 Garuerum
1620 3097 1985 3154 Flaviacensis
2026 3113 2136 3154 (εαξη
2163 3125 2203 3180 C
2239 3099 2522 3155 clientibus
2565 3097 2676 3154 suis
2727 3112 2795 3151 ex
2842 3095 3152 3152 hominibus
3183 3096 3585 3150 monachorum
3633 3095 3831 3164 aliquis

553 3180 696 3232 nobii
765 3181 1014 3235 abbatem
1070 3184 1264 3251 petiit,
1311 3193 1365 3240 et
1422 3197 1480 3238 ut
1547 3189 1840 3243 monachos
1895 3189 1962 3243 ad
2027 3188 2134 3242 tale

554 3269 830 3338 negotium
879 3275 1243 3340 peragendum
1297 3277 1490 3346 dignos
1533 3293 1713 3333 secum
1765 3280 2134 3334 transmittere

553 3364 890 3432 dignaretur,
933 3365 1248 3420 humillimis
1272 3369 1524 3436 precibus
1553 3372 1821 3436 exoravit,
1862 3371 1953 3426 tali
1985 3372 2132 3426 scili-

554 3464 639 3508 cet
685 3456 916 3520 ratione,
969 3466 1026 3511 ut
1075 3459 1327 3526 ecclesia,
1369 3477 1531 3530 quam
1586 3463 1857 3517 mdil‘tcare
1897 3463 2129 3529 volebat,

553 3545 805 3600 onmilnts
863 3547 1054 3602 diebus
1107 3547 1440 3605 Flaviaeensi
1489 3553 1731 3607 ecclesia:
1773 3553 1960 3608 fuisset
2009 3555 2134 3609 sub-

544 3633 712 3702 jecta,
753 3645 806 3692 et
836 3646 892 3690 ut
928 3637 1041 3706 ipse
1071 3639 1258 3705 abbas,
1307 3643 1496 3710 suique
1543 3659 1906 3708 successores,
1949 3662 2133 3699 mona-

551 3728 684 3780 chos
733 3743 870 3796 quos
925 3729 1124 3783 vellent
1165 3733 1617 3798 transmitterem,
1660 3743 1714 3789 et
1753 3750 1889 3803 quos
1939 3735 2134 3788 vellent

554 3817 898 3870 reducerent.
933 3815 1032 3882 Qui
1076 3817 1430 3874 libentissime
1457 3823 1597 3888 quod
1637 3829 1815 3876 tantus
1846 3823 2129 3886 exorabat,

553 3921 659 3957 non
690 3906 866 3958 solum
899 3911 1189 3970 concessit,
1235 3911 1328 3964 sed
1359 3919 1417 3963 ut
1445 3921 1553 3964 tam
1588 3921 1806 3966 sanctus
1850 3915 2134 3982 perliceret

553 4005 866 4050 suasancta
899 4000 1279 4054 exhortatione
1316 4001 1614 4058 admonuit.
1651 4005 1798 4058 Tune
1841 4007 2129 4075 incipiendi

551 4086 736 4157 cperis
766 4087 906 4142 inter
933 4104 992 4144 se
1027 4090 1112 4144 die
1138 4093 1453 4158 constituta,
1497 4096 1664 4150 abbas
1697 4096 1976 4151 Garncrns
2007 4113 2128 4151 eum

553 4181 666 4236 suis
697 4182 978 4235 monachis
1003 4183 1194 4248 adfuit,
1229 4183 1582 4241 Lanscelinus
1611 4203 1828 4256 quoque
1869 4188 2126 4243 nobilium

551 4271 790 4324 virorum
841 4271 1072 4346 stipatus
1107 4273 1342 4343 agmine,
1385 4276 1534 4330 viros
1587 4278 1767 4346 operis
1799 4280 2128 4332 caementarii

551 4377 749 4432 gnaros
785 4378 967 4418 secum
1003 4366 1280 4421 adducens
1308 4381 1337 4421 a
1379 4367 1693 4424 Belvacensi
1726 4370 1966 4433 civitate,
2004 4385 2125 4424 cum

2238 3192 2526 3262 aliquando
2550 3199 2867 3259 caperetur;
2897 3197 2991 3241 aut
3029 3187 3171 3241 sicut
3209 3203 3326 3241 mos
3355 3197 3438 3242 est
3464 3189 3828 3248 rusticorum,

2236 3283 2401 3338 silvas
2425 3297 2552 3337 suas
2583 3279 2858 3342 credendo,
2922 3285 3016 3332 aut
3043 3276 3259 3346 aliquod
3293 3277 3639 3332 forisfactum
3674 3294 3828 3332 suum

2234 3372 2458 3428 clientes
2503 3371 2584 3426 sui
2641 3370 2708 3424 de
2758 3368 2976 3422 homine
3019 3366 3150 3431 illo,
3207 3367 3298 3436 qui
3353 3367 3822 3428 calumniaretur,

2241 3467 2534 3519 clamorem
2576 3463 2643 3517 ad
2677 3460 2975 3517 monachos
3021 3459 3313 3524 referrent,
3359 3473 3415 3514 et
3457 3461 3724 3513 monachi
3771 3463 3824 3513 iu

2234 3557 2384 3611 curia
2429 3572 2524 3610 sua
2567 3555 2832 3628 justitiam
2889 3563 3158 3610 tenerent.
3206 3551 3570 3606 Conlirmavit
3623 3553 3827 3613 adhuc,

2234 3664 2507 3717 manuque
2552 3648 2783 3702 filiorum
2825 3662 3044 3703 suorum
3084 3645 3378 3707 roboravit,
3419 3652 3475 3697 ut
3501 3645 3547 3698 si
3598 3644 3724 3712 quis
3757 3660 3826 3697 ex

2233 3737 2491 3792 militibus
2522 3739 2632 3792 suis
2661 3738 2727 3792 de
2756 3737 2884 3792 fisco
2915 3752 3014 3792 suo
3044 3735 3287 3790 ecclesia:
3329 3736 3537 3789 donare
3568 3735 3826 3797 voluerit,

2233 3829 2436 3898 absque
2463 3845 2563 3884 suo
2590 3829 2744 3899 jussu
2786 3840 2841 3882 et
2870 3827 3104 3882 filiorum
3149 3841 3368 3880 suorum
3399 3825 3566 3879 donet
3611 3823 3828 3878 indiﬂ'e-

2232 3931 2436 3987 renter,
2479 3923 2551 3975 ita
2593 3921 2802 3977 scilicet
2852 3931 2909 3974 ut
2955 3919 3188 3974 militare
3231 3919 3516 3974 servitium
3552 3918 3679 3971 inde
3715 3933 3824 3970 non

2232 4014 2462 4066 amittat.

2302 4103 2492 4157 Adhuc
2519 4110 2700 4156 autem
2729 4101 3096 4162 conlirmavit,
3133 4098 3563 4154 concedentibus
3595 4098 3732 4161 suis,
3763 4107 3822 4150 ut

2231 4194 2447 4261 quando
2474 4193 2539 4246 ad
2568 4193 2856 4247 ecclesiam
2882 4193 3054 4261 ipsam
3101 4202 3190 4243 aut
3222 4191 3403 4246 villam
3449 4193 3532 4245 ire
3565 4189 3821 4250 voluerit,

2230 4287 2364 4340 nihil
2404 4286 2455 4339 in
2495 4289 2682 4340 eadem
2715 4286 2932 4349 habeat,
2979 4285 3078 4338 nisi
3107 4283 3444 4337 solummodo
3475 4281 3822 4352 procuratio-

2231 4391 2350 4430 nem
2396 4376 2553 4430 uuitts
2598 4375 2872 4440 monachi,
2906 4374 3149 4445 nihilque
3184 4374 3411 4427 omnino
3459 4375 3565 4428 sibi
3597 4371 3822 4426 retinuit

553 4456 670 4510 suis
729 4456 854 4512 ﬁliis
900 4459 1136 4513 advenit.
1187 4460 1386 4515 Omnes
1423 4462 1567 4516 enim
1611 4463 1700 4532 qui
1741 4474 2124 4530 convenerant,
2164 4485 2206 4539 ι)
2234 4466 2286 4518 in
2320 4465 2463 4531 villa,
2512 4465 2922 4533 necjnstitiam,
2970 4480 3068 4520 nec
3104 4465 3449 4534 sanguinem,
3494 4479 3596 4518 nec
3653 4463 3816 4516 latro-

550 4546 728 4601 locum
753 4549 820 4600 ad
855 4550 1240 4605 habitationem
1272 4554 1660 4608 monachormn
1689 4571 1985 4626 congruum
2013 4557 2128 4612 fore

550 4638 914 4706 afﬁrmabant,
938 4643 1438 4714 circumspicientes
1470 4647 1804 4702 vicinitatem
1843 4664 2126 4718 aquarum,

552 4735 958 4804 amplitudinem
1009 4746 1326 4805 pratorum,
1369 4737 1756 4792 abundantiam
1816 4755 2126 4807 nemorum,

553 4827 856 4881 ubertatem
921 4827 1243 4893 vinearum,
1305 4829 1810 4898 multitudinemque
1877 4832 2128 4888 arborum

551 4917 749 4972 diversi
781 4918 996 4988 generis
1033 4917 1265 4971 fructum
1295 4919 1604 4973 ferentimn.

625 5026 645 5060 ι
685 5008 923 5064 Tandem
963 5008 1168 5076 paratis
1198 5009 1452 5063 omnibus
1481 5025 1600 5078 qua:
1629 5013 1934 5066 necessaria
1965 5012 2130 5085 605

552 5108 733 5165 erant,
784 5099 1049 5170 lineisque
1097 5114 1126 5152 a
1170 5101 1530 5154 caunentariis
1567 5101 1717 5170 juxta
1773 5105 2129 5171 quantitatem

545 5193 730 5263 jaetis;
766 5192 995 5246 domnus
1031 5190 1387 5244 Lanscelinus
1435 5206 1558 5245 cum
1603 5207 1796 5262 magna
1846 5194 2131 5248 devotione

554 5285 606 5337 iu
661 5285 867 5339 honore
925 5291 1129 5338 saneta:
1182 5292 1236 5337 et
1276 5283 1568 5338 individua:
1615 5284 1917 5351 Trinitatis,
1955 5287 2130 5341 locum

554 5375 642 5428 ubi
675 5375 1026 5429 fundamenta
1054 5373 1562 5442 basilicaejacicnda
1584 5385 1760 5442 erant,
1793 5376 1937 5432 fossa
1969 5378 2131 5433 humo

553 5470 760 5538 primus
793 5470 1021 5540 aperuit.

582 5617 586 5624 ,
631 5584 649 5615 ι
685 5566 933 5636 Coeptum
978 5574 1065 5622 est
1107 5580 1244 5634 opus
1288 5565 1431 5619 istud
1483 5581 1666 5622 mense
1705 5567 1920 5635 Martio,
1966 5570 2132 5624 mille-

556 5654 696 5709 simo
741 5658 1098 5724 sexagesimo,
1156 5654 1402 5724 Philippo
1446 5673 1571 5726 rege
1625 5660 1763 5727 apud
1807 5661 2008 5714 Gallias
2056 5679 2130 5715 rc-

559 5755 786 5814 gnante,
865 5748 1114 5802 ducatum
1170 5762 1297 5802 vero
1368 5746 1861 5806 Northmannorunt
1935 5763 1987 5806 ct
2050 5769 2134 5808 rc-

2232 4571 2394 4622 nem;
2431 4570 2529 4608 nec
2558 4554 2758 4620 taliam,
2791 4569 2890 4608 nec
2921 4570 3144 4621 saevum,
3179 4571 3277 4609 nec
3305 4554 3674 4609 forisfactum.

2307 4664 2326 4696 σ
2363 4646 2550 4700 Sciant
2587 4654 2904 4713 prmsentes,
2941 4654 2997 4698 et
3040 4649 3130 4717 qui
3179 4647 3342 4700 l‘uturi
3379 4657 3530 4712 sunt,
3563 4649 3696 4717 quia
3717 4664 3816 4716 ego

2233 4737 2526 4790 llenaudus
2575 4735 2827 4790 dominus
2860 4735 2927 4789 de
2977 4736 3095 4790 Bul.
3147 4737 3413 4807 profunde
3461 4742 3528 4796 de
3577 4749 3814 4812 peccatis

2233 4830 2366 4884 meis
2417 4829 2709 4898 pmnitens,
2761 4830 3023 4898 quasdam
3091 4830 3321 4897 injustas
3365 4839 3812 4898 εοηςιιοιιιιίἱηρς,

2235 4921 2455 4974 tailliam
2497 4917 2766 4982 videlicet,
2817 4929 2872 4973 et
2919 4936 3108 4974 onrnes
3148 4920 3284 4976 alias
3330 4925 3717 4991 oppressioues
3760 4937 3812 4981 ct

2233 5009 2662 5080 procurationes,
2711 5024 2844 5078 quas
2895 5027 2947 5062 Ill
2999 5009 3143 5073 villa,
3191 5024 3313 5077 qua:
3360 5011 3562 5065 dicitur
3599 5013 3814 5069 Villaris

2232 5101 2420 5156 Sancti
2453 5099 2720 5170 Sepuleri,
2773 5101 2971 5171 injuste
3017 5116 3112 5170 per
3138 5102 3344 5171 aliquot
3388 5117 3562 5158 annos
3593 5121 3814 5178 accepe-

2236 5211 2381 5260 ram,
2413 5193 2627 5263 quietas
2664 5192 2868 5256 din'iisi,
2905 5201 2959 5246 et
2984 5208 3013 5245 a
3059 5192 3337 5247 monachis
3368 5193 3814 5251 Flaviacensibus

2235 5289 2286 5341 in
2347 5288 2536 5342 eadem
2580 5285 2703 5339 villa
2741 5286 3204 5340 connnorantibus
3250 5287 3458 5340 absolvi
3519 5291 3809 5358 postulavi,

2232 5376 2370 5446 quo-.l
2398 5383 2452 5429 et
2484 5375 2710 5430 obtinui.

2307 5489 2324 5519 ε
2360 5469 2424 5522 Et
2446 5485 2512 5524 ne
2543 5470 2645 5526 hoc
2677 5477 2941 5525 statutum
2975 5485 3151 5526 meum
3181 5472 3412 5527 ulterius
3433 5487 3462 5526 a
3492 5485 3811 5541 quocunque

2233 5575 2608 5615 successorum
2641 5575 2884 5614 meorum
2919 5561 3088 5628 possit
3119 5562 3308 5615 violari
3355 5565 3581 5615 omnino
3633 5562 3810 5631 probi-

2235 5654 2386 5715 bens,
2417 5650 2578 5718 sigilli
2606 5650 2710 5704 mei
2737 5652 3092 5720 impressione
3121 5651 3348 5704 lirmavi.
3389 5671 3409 5702 ι

2306 5743 2590 5814 Privilegia
2647 5753 2702 5802 et
2753 5746 2949 5815 pricdia
2999 5744 3276 5816 Philippus
3337 5764 3428 5804 rex
3475 5747 3806 5803 Francorum
