4032 6326
225 348 358 404 1093

1318 339 1523 395 DOMNI
1554 339 1612 394 L.
1640 335 1963 392 DACIIEBY
1998 338 2222 395 NOTAE.

3330 344 3465 400 1091

222 457 552 512 monasterio
597 455 927 509 Flaviaceusi
982 455 1032 506 in
1075 453 1342 515 Carnerii,
1394 467 1554 520 quem
1621 451 1786 520 pluri-
1815 454 1860 506 Α
1888 451 2132 506 ﬂoruisse
2167 461 2554 506 commemorat
2591 454 2880 508 Guibertns
2929 456 3153 522 epistola
3187 471 3465 526 nuncugia-

222 561 372 599 mutn
407 546 685 612 diligebat,
715 543 965 614 gratiam,
997 541 1249 605 indulsit;
1275 540 1367 595 sed
1391 540 1658 610 praecipue
1697 540 1792 594 dat

221 637 437 690 litteras
473 634 784 689 Belvacensi
823 634 1074 704 episcopo
1103 639 1158 685 et
1197 630 1429 696 clericis,
1477 631 1792 700 pra'cipiens

219 736 282 780 ut
337 725 708 781 sacratissima
770 725 914 779 beati
964 723 1176 792 patroni
1232 721 1511 776 Geremari
1568 723 1792 793 pignora

221 817 596 881 restituerent,
623 815 716 870 sed
742 815 943 869 nullum
967 815 1172 868 sortita:
1201 821 1325 867 sunt
1347 812 1616 868 effectum.

291 907 596 964 Garnerius
635 907 849 962 demum
897 903 1286 973 tranquillioris
1316 905 1441 958 vitae
1480 919 1686 967 amore,
1714 904 1790 958 uti

224 1008 399 1054 totum
427 1014 486 1054 se
520 1000 627 1052 Deo
649 996 870 1051 offerret
895 1007 949 1052 et
979 997 1332 1066 impenderet,
1359 1011 1525 1050 onere
1556 995 1716 1049 simul
1739 1003 1794 1048 et

224 1088 434 1143 honore
463 1101 582 1142 sese
610 1086 853 1142 abdicat:
887 1086 1260 1156 privatamque
1292 1085 1400 1155 egit
1424 1085 1586 1137 vitam
1617 1082 1790 1135 unde-

223 1177 456 1242 cennio;
509 1185 564 1231 et
615 1190 758 1230 anno
813 1173 1025 1228 Domini
1068 1174 1202 1228 1095
1254 1172 1422 1227 Nonis
1466 1171 1610 1225 Junii
1653 1171 1792 1224 diem

223 1266 472 1320 ultimum
508 1265 701 1319 clausit
729 1263 975 1318 feliciter.

300 1358 388 1411 XI.
432 1358 586 1428 IIugo
637 1357 654 1410 I
689 1356 979 1426 multijugze
1023 1355 1297 1426 religionis
1338 1363 1499 1424 atque
1528 1351 1792 1406 eruditio-

223 1450 313 1504 nis
364 1449 626 1505 Gniberto
656 1458 792 1504 teste
838 1448 1066 1503 exstitit.
1117 1445 1337 1501 Praefuit
1374 1454 1497 1514 post
1537 1443 1792 1500 Carnerii

224 1549 586 1609 spontaneam
637 1540 954 1594 cessionem.
997 1537 1256 1592 Flet-uere
1303 1545 1402 1590 hac
1438 1535 1550 1604 ipsa
1599 1543 1795 1603 tempe-

225 1639 370 1686 state
396 1632 524 1684 dum
563 1629 821 1700 praeclare
843 1630 1035 1698 pedum
1067 1629 1218 1698 llttgo
1255 1636 1513 1698 gestaret,
1547 1624 1794 1680 monachi

225 1735 424 1791 magna
477 1721 700 1784 virtute,
755 1718 997 1773 doctrina
1052 1728 1106 1773 et
1159 1718 1422 1772 constanti
1491 1715 1793 1786 disciplina,

225 1825 368 1880 quos
389 1811 533 1866 inter
557 1809 847 1865 Guibertns
871 1809 984 1878 ipse
1011 1809 1155 1862 velut
1181 1811 1328 1864 sidus
1360 1808 1652 1862 eminebat.
1771 1846 1784 1856 .

300 1900 608 1956 Guillemns
645 1901 712 1955 de
757 1899 1084 1954 Besencourt
1123 1908 1176 1953 et
1225 1897 1540 1952 Gamelinus
1590 1897 1662 1950 De
1703 1896 1803 1950 Bo-

225 2009 498 2050 weresces
541 1994 786 2048 nuntium
845 1992 1042 2047 saecqu
1087 1991 1367 2055 miserunt,
1408 1989 1653 2057 votisque
1684 2001 1803 2042 sese

225 2085 548 2141 monasticis
574 2084 982 2138 obstrinxerunt
1003 2083 1055 2135 in
1081 2081 1420 2136 Flaviacensi
1452 2079 1799 2133 monasterio.

305 2177 386 2229 Ad
420 2175 615 2230 ccelnm
645 2174 969 2229 venerabilis
1020 2173 1171 2243 Ilngo
1220 2179 1479 2226 evocatus
1516 2179 1600 2224 est
1639 2168 1804 2222 Nonis

229 2263 572 2327 Decembris,
619 2277 761 2317 anno
788 2263 988 2318 Christi
1017 2260 1178 2324 1100,
1209 2259 1290 2314 sui
1337 2258 1612 2328 regiminis
1641 2265 1767 2314 xv..'.

297 2354 414 2408 XII.
465 2352 700 2408 Joannes
759 2355 895 2408 abba
938 2354 1174 2422 probam
1220 2365 1428 2405 morum
1483 2349 1804 2419 integritatis

231 2449 414 2518 (quem
455 2446 696 2502 Guiberti
753 2455 925 2500 mater
963 2460 992 2498 a
1048 2459 1214 2513 puero
1268 2443 1550 2510 nutrierat)
1597 2457 1628 2495 e
1669 2455 1805 2511 pago

229 2539 652 2612 Claromontano
687 2535 968 2600 oriundus,
997 2534 1338 2590 Gnillelmum
1368 2532 1586 2600 optima:
1608 2529 1805 2584 indolis

228 2643 462 2702 puerum
501 2611 776 2683 eiludaica
819 2626 1083 2695 pravitate
1122 2625 1190 2678 ad
1220 2623 1580 2678 Christianam
1607 2620 1806 2674 verita-

231 2731 342 2776 tem
367 2720 644 2782 traduxit;
676 2718 829 2787 cujns
855 2717 1026 2787 gratia
1059 2715 1347 2772 Guibertns
1376 2715 1465 2769 ille
1493 2717 1804 2770 Tractatum

229 2820 418 2868 contra
441 2809 652 2864 Judzeos
679 2808 1033 2871 elucubravit,
1050 2807 1140 2860 lib.
1166 2823 1200 2860 ιι
1227 2807 1300 2861 De
1325 2807 1444 2861 Vita
1472 2822 1590 2870 sua,
1610 2819 1726 2873 cap.
1749 2803 1800 2857 5.

299 2903 459 2954 Anno
481 2908 675 2968 quarto
703 2897 1036 2968 praefectura:
1074 2897 1315 2959 Joannis,
1351 2897 1396 2952 is
1433 2897 1546 2967 ipse
1568 2897 1803 2951 Guiber-

231 3003 325 3047 tns
352 2993 407 3046 in
449 2992 697 3046 abbatem
739 2992 971 3045 coenobii
1006 2989 1341 3060 Novigeutini
1375 3004 1539 3058 prope
1577 2988 1806 3044 Coucia-

229 3099 360 3138 cum
407 3090 491 3136 est
545 3091 786 3136 evectus.
839 3080 949 3134 Sub
1001 3088 1236 3134 extrema
1291 3077 1513 3132 Joannis
1563 3086 1803 3145 tempora

235 3170 569 3226 venerabilis
597 3180 771 3224 mater
808 3169 1076 3230 Guiberti,
1104 3175 1262 3222 exuta
1297 3165 1649 3227 mortalitate,
1679 3164 1801 3218 aui-

234 3276 383 3314 .mam
429 3259 649 3322 efﬂavit,
691 3273 996 3328 corpusque
1027 3256 1262 3310 Flaviaei
1309 3254 1670 3325 sepeliendum
1725 3269 1805 3309 rc—

233 3350 416 3419 liquit.

307 3439 455 3494 Obiit
483 3437 715 3494 Joannes
743 3439 901 3493 tertio
933 3437 1053 3491 Idtts
1082 3436 1255 3489 Martii
1281 3452 1368 3488 an.
1403 3434 1534 3488 “06

310 3531 444 3585 XIII.
476 3531 810 3602 Ilildegarins
839 3531 907 3585 ob
951 3529 1192 3599 egregias
1221 3528 1382 3580 animi
1424 3527 1598 3591 dotes,
1630 3541 1693 3580 ae
1727 3542 1809 3579 rc-

233 3623 511 3692 Iigiorcm,
541 3623 712 3676 locum
737 3622 956 3676 sortitur
969 3619 1129 3691 605
1142 3618 1384 3673 Joannis.
1399 3617 1453 3671 In
1472 3627 1676 3671 tantum
1692 3633 1808 3671 ere-

237 3727 362 3765 vcrc
382 3700 740 3765 Ir‘laviacensis
753 3711 980 3763 emnobii
1001 3709 1218 3774 divitim,
1235 3718 1291 3761 ut
1306 3724 1414 3772 non
1425 3709 1582 3762 modo
1597 3720 1808 3774 perant-

237 3802 340 3869 pla:
373 3801 755 3854 monachorum
782 3799 997 3853 familia:
1025 3798 1227 3852 alenda:
1252 3797 1577 3852 Satisﬁerent
1599 3838 1612 3860 ,
1639 3797 1730 3852 sed
1757 3806 1810 3852 et

237 3891 454 3943 abunde
483 3888 798 3958 hospitibus,
829 3889 918 3956 qni
959 3887 1192 3955 nudique
1238 3885 1599 3950 conﬂuebant,
1628 3901 1810 3939 neces-

237 3979 380 4032 saria
413 3979 898 4047 suppeditarentur,
925 3975 1295 4030 sublevaretur
1324 3990 1623 4044 pauperum
1647 3982 1700 4028 ct
1724 3989 1810 4028 sa-

237 4085 431 4123 norum
464 4077 516 4122 et
552 4083 815 4136 aegrorum
843 4068 1049 4137 inepia;
1081 4082 1182 4136 qua
1211 4068 1276 4122 de
1303 4083 1466 4122 causa
1497 4067 1678 4135 plures
1709 4083 1808 4119 no-

237 4161 363 4214 bilis
404 4169 540 4214 notze
563 4161 659 4213 viri
691 4174 806 4214 sese
838 4160 1015 4214 divino
1059 4159 1222 4214 cultui
1277 4160 1654 4228 manciparent
1691 4159 1811 4212 Fla-

239 4252 398 4306 viaci.

311 4342 500 4396 Effecit
526 4351 702 4398 autem
743 4341 1172 4398 Flaviacensinm
1210 4343 1594 4398 monachorum
1623 4342 1808 4395 stricta

239 4433 631 4502 disciplina,'ut
672 4434 894 4488 illustris
939 4435 1187 4488 Ansellns
1215 4435 1346 4502 ipsis
1385 4434 1810 4487 Mauriniaccnse
1837 4468 1889 4527 υ

238 4525 546 4579 εωιιοὺίιιιιι
567 4525 719 4594 juxta
746 4524 996 4593 Stampas
1025 4525 1314 4580 conferret.

311 4613 498 4667 Prodit
560 4615 672 4668 luce
745 4613 1188 4668 Mauriniacensis
1273 4613 1525 4670 Cbrouici
1606 4618 1806 4688 prolog.

239 4703 335 4758 lib.
370 4720 409 4758 ιι
439 4703 537 4758 sub
560 4703 738 4768 ﬁnem,
768 4715 896 4758 tom.
950 4703 1015 4758 IV
1054 4705 1252 4760 I'Iistor.
1297 4705 1555 4762 Francor.
1583 4711 1812 4764 Andrem

241 4797 525 4850 Dnchesne
557 4814 568 4849 :
605 4815 621 4846 ι
651 4797 898 4850 Ansellus
918 4799 1134 4866 quidam
1159 4803 1318 4858 annis
1345 4813 1399 4858 et
1424 4805 1648 4859 consilio
1677 4814 1812 4858 stt-c-

239 4905 402 4950 nuns,
436 4887 690 4957 religione
734 4897 786 4940 et
818 4887 1188 4948 familiaritate
1219 4893 1648 4951 Flaviaceusium
1700 4913 1810 4952 mo-

243 4979 538 5032 nachorum
603 4988 945 5047 provocatus,
997 4982 1226 5048 primtun
1268 4986 1482 5053 quidem
1517 4987 1810 5042 Ecclesiatn

243 5069 581 5137 Stripiniaci,
630 5079 683 5123 et
735 5087 854 5140 qtae
907 5073 958 5124 iu
997 5072 1120 5124 villa
1155 5071 1243 5127 illa
1268 5075 1597 5142 possidebat,
1627 5093 1813 5132 mona-

242 5161 360 5215 chis
392 5158 825 5214 Flaviacensibus
854 5162 1084 5215 obtulit:
1125 5178 1188 5217 ac
1217 5164 1410 5218 deinde
1437 5165 1814 5222 Maurianense

241 5250 526 5322 przedium,
556 5250 608 5302 in
633 5265 738 5318 quo
775 5251 997 5306 ecclesia
1028 5253 1126 5306 ista
1158 5255 1209 5307 in
1237 5255 1440 5309 honore
1465 5267 1666 5313 sanctm
1695 5259 1813 5314 Tri-

242 5342 434 5396 nitatis
487 5341 702 5396 fundata
753 5351 854 5407 est,
901 5343 1098 5398 Christi
1141 5347 1312 5415 gratia
1357 5359 1633 5416 praeeunte
1679 5367 1810 5405 con—

247 5433 388 5487 tulit.
425 5453 442 5482 ν

315 5523 430 5576 Odn
462 5521 820 5577 Flaviaceusis
867 5527 1132 5580 etencbita
1163 5569 1176 5587 ,
1235 5545 1263 5582 a
1313 5531 1590 5584 monachis
1640 5535 1811 5587 sancti

245 5614 626 5683 Symphoriani
667 5613 1002 5671 Belvacensis
1039 5619 1088 5670 in
1135 5619 1371 5684 Patrem,
1421 5622 1645 5674 mtdtnm
1692 5623 1815 5678 licet

241 5705 851 5775 Ieiuctans,eooptatnr.
879 5707 1193 5774 Sanctitate,
1218 5711 1811 5780 sapientiaacdoctriua

1895 543 2031 595 toria
2078 541 2229 596 libris
2271 543 2337 596 de
2377 542 2704 613 Pignoribus
2731 555 3040 599 sanctorum
3073 546 3316 616 prteﬁxa.
3359 549 3464 603 Sed

1893 648 2013 686 cum
2051 633 2270 686 subesse
2319 635 2494 702 potius
2541 651 2698 705 quam
2753 652 3018 704 praeesse,
3061 652 3184 691 eum
3225 639 3464 708 impense

1893 721 2204 786 delectaret,
2237 723 2476 793 deposita
2503 727 2763 796 dignitate
2799 729 2850 782 in
2892 745 2988 784 suo
3013 729 3346 784 Flaviacensi
3377 745 3464 784 as-

1894 813 2094 867 ceterio
2148 813 2340 867 iterum
2383 815 2483 869 sub
2523 817 2840 873 obedientiae
2898 819 3212 891 magisterio
3261 820 3464 874 versari

1894 903 2114 972 delegit.

1963 1016 2202 1069 Attraxit
2232 1023 2411 1070 autem
2437 1016 2672 1085 perfecta
2699 1019 2914 1089 Regulae
2950 1022 3290 1076 observantia
3319 1022 3464 1075 viros

1894 1105 2118 1169 nobiles,
2183 1116 2242 1160 nt
2291 1107 2668 1163 Flaviacenses
2689 1111 2986 1166 redditibus
3017 1113 3465 1182 adaugercnt;ac

1895 1211 2002 1268 prze
2033 1199 2243 1253 caeteris
2267 1199 2553 1254 Matthaeus
2576 1201 2642 1255 de
2686 1200 3058 1256 Maureuciaco
3087 1206 3228 1272 quod
3251 1213 3465 1259 constat

1896 1304 1959 1343 ex
1994 1289 2092 1344 hac
2123 1290 2398 1344 schedula.

1971 1424 1988 1454 ε
2037 1405 2089 1458 In
2115 1403 2316 1461 Christi
2348 1408 2583 1471 nomine,
2611 1423 2708 1478 ego
2733 1403 3015 1460 Matthzeus
3038 1405 3100 1460 de
3117 1401 3292 1458 Monte
3321 1405 3466 1459 Mau—

1895 1495 2144 1550 renciaeo
2171 1497 2440 1562 dominus,
2465 1498 2531 1552 ad
2566 1499 2812 1553 notitiam
2843 1506 2948 1550 tam
2977 1497 3277 1550 futurorum
3304 1511 3464 1565 quam

1894 1587 2240 1655 prmsentinm
2283 1584 2405 1642 volo
2459 1589 2759 1658 pervenire,
2800 1586 3147 1641 Buchardnm
3176 1585 3327 1638 bonze
3359 1600 3472 1637 me-

1897 1677 2084 1730 moria:
2106 1686 2310 1746 patrem
2352 1693 2552 1742 meum,
2580 1693 2676 1748 pro
2723 1675 2960 1731 remedio
2996 1675 3188 1728 anima:
3217 1689 3327 1727 sua:
3359 1688 3473 1726 mo-

1827 1791 1872 1851 Β
1900 1765 2088 1818 nacbis
2113 1767 2255 1820 beati
2285 1765 2562 1822 Geremari
2596 1765 2985 1830 Flaviaceusis,
3028 1763 3142 1818 zelo
3166 1763 3468 1822 eharitatis.

1904 1857 1954 1910 iu
1979 1855 2377 1928 elcemosynam
2410 1859 2762 1924 concessisse,
2794 1865 3060 1926 quatenus
3093 1852 3472 1906 ministeriales

1903 1948 2075 2002 sancti
2102 1947 2385 2004 Geremari
2409 1950 2882 2018 undecunquercs
2908 1947 2972 2001 ad
3005 1960 3132 2001 usus
3164 1944 3472 1998 eornmdem

1904 2040 2293 2094 monachorum
2321 2041 2672 2106 adducerent,
2704 2041 2870 2095 libere
2893 2054 2956 2094 ac
2985 2036 3475 2107 «ιιιίρῑθνθιθὺδίιυθ

1905 2132 2008 2188 ulla
2032 2135 2417 2190 consuetudine
2443 2148 2563 2204 iper
2585 2149 2734 2188 suam
2783 2142 2981 2186 terram
3023 2130 3332 2184 transircal.
3365 2127 3476 2196 Ego

1904 2236 2081 2282 autem
2137 2235 2191 2281 et
2239 2226 2435 2280 fratres
2479 2226 2582 2280 mei
2636 2225 2866 2294 idipsum
2920 2221 3146 2290 simplici
3186 2228 3238 2272 et
3283 2219 3476 2271 devota

1905 2316 2208 2371 intentione
2233 2315 2601 2369 concessimus
2633 2331 2644 2366 :
2675 2313 2798 2382 quia
2840 2326 2967 2365 vero
2996 2311 3190 2364 bonam
3224 2317 3277 2361 et
3304 2307 3475 2360 hone-

1905 2417 2041 2462 stam
2076 2407 2460 2461 monachorum
2489 2404 2700 2459 illorttm
2726 2401 3191 2458 conversationem
3222 2398 3478 2467 frequen-

1906 2511 1986 2554 ter
2022 2499 2203 2564 audio,
2263 2497 2510 2552 eamdem
2563 2496 2734 2565 patris
2787 2495 2889 2548 mei
2929 2493 3326 2560 eleemosynam
3370 2504 3476 2540 non

1905 2589 2079 2644 solum
2139 2587 2399 2651 concedo,
2430 2600 2617 2639 verum
2655 2584 2815 2638 etiam
2857 2582 2991 2637 satis
3019 2580 3256 2648 approbo
3288 2584 3382 2630 :et
3421 2586 3480 2628 ut

1905 2690 2024 2736 rata
2049 2680 2101 2734 in
2134 2687 2452 2749 perpetuum
2485 2685 2815 2746 permaneat,
2861 2660 3284 2728 concedentibus
3311 2669 3478 2722 etiam

1905 2773 2035 2828 ﬁliis
2089 2773 2224 2827 meis
2265 2770 2568 2833 Bucbardo,
2616 2767 2864 2821 Matthazo
2916 2775 2970 2820 et
3015 2762 3265 2824 llervaao,
3317 2759 3477 2829 sigilli

1906 2865 2010 2920 mei
2042 2863 2398 2933 impressione
2454 2861 2734 2923 conﬁrmo,
2785 2857 3207 2928 etprmsentium
3233 2855 3302 2908 ibi
3338 2854 3482 2907 viro-

1906 2971 2023 3010 rum
2049 2953 2356 3008 testimonio
2385 2951 2694 3007 conﬁrmari
2721 2950 2858 3003 volo.
2893 2967 2911 3000 ι

1978 3043 2340 3112 Quamplnres
2363 3057 2428 3096 ex
2456 3042 2647 3096 illustri
2678 3041 2930 3110 prosapia
2967 3038 3338 3092 adolescentes
3361 3050 3481 3089 sese

1831 3140 1875 3202 C
1907 3136 2107 3191 Christi
2145 3134 2392 3190 servituti
2432 3133 2484 3187 iu
2511 3133 2674 3187 hocce
2707 3131 3036 3184 monasterio
3068 3127 3475 3196 manriparmit;

1910 3226 2164 3280 nimirum
2193 3224 2344 3294 [Iugo
2396 3221 2572 3292 (panis
2607 3237 2794 3275 avena:
2826 3218 3184 3288 nuncupatus)
3217 3218 3388 3283 Drogo
3413 3217 3480 3269 de

1909 3315 2288 3378 Calvotnontc,
2351 3312 2593 3367 Gallonis
2647 3311 2773 3372 ﬁlii,
2836 3326 2900 3364 ae
2943 3316 3166 3377 nepotes
3221 3305 3475 3374 Ilugmis,

1909 3405 2230 3476 cognomine
2261 3403 2488 3474 Borgni;
2524 3401 2772 3456 Galterns
2795 3402 2860 3456 de
2891 3400 3092 3461 Rebez,
3125 3396 3386 3466 Roget-ins
3414 3395 3480 3448 de

1909 3498 2244 3561 Constentin,
2276 3497 2416 3549 Aszo
2444 3497 2506 3548 de
2527 3493 2822 3557 Ferrieres,
2854 3500 2906 3546 et
2933 3491 3043 3544 alii.

1983 3587 2100 3641 Vita
2147 3587 2386 3658 fungitur
2439 3585 2779 3655 Ilildegarius
2833 3589 3028 3652 quarto
3081 3578 3304 3632 Kalend.
3352 3576 3474 3629 Maii

1913 3678 2068 3731 “'23.

1981 3769 2118 3824 XIV.
2143 3768 2256 3824 Odo
2285 3775 2540 3838 spectata:
2558 3766 2772 3822 virtutis
2793 3773 2846 3821 et
2867 3763 3146 3835 sapientia:
3173 3761 3482 3832 Ilildegario

1911 3859 2189 3916 suﬁicitur.

1979 3953 2268 4022 Perperam
2307 3953 2455 4007 omni
2509 3967 2603 4005 sua
2655 3966 2718 4004 ac
2789 3963 3009 4004 suorum
3067 3945 3482 4014 industria,quo

1912 4059 2066 4100 sacra
2093 4044 2372 4100 Geremari
2421 4044 2640 4112 pignora
2673 4041 2916 4096 ecclesize
2949 4037 3284 4092 Flaviaceusi
3320 4037 3475 4090 resti-

1915 4142 2210 4198 tuerentur,
2241 4133 2500 4201 impensa,
2535 4131 2747 4184 tandem
2770 4147 2829 4184 os
2853 4127 3082 4193 brachii,
3105 4127 3244 4194 quod
3273 4126 3481 4180 radium

1911 4232 2140 4288 vocant,
2209 4223 2435 4285 obtinet,
2491 4238 2552 4274 ae
2603 4220 2827 4273 solemni
2889 4219 2991 4271 ritu
3038 4216 3344 4271 Flaviacum
3388 4231 3479 4268 vm

1913 4313 2137 4367 Kalend.
2166 4313 2300 4382 Aug.
2337 4326 2424 4365 an.
2454 4311 2592 4364 1152
2619 4311 2806 4364 inferri
2830 4312 3054 4363 cnravi'.

1984 4427 2226 4481 Labente
2250 4427 2438 4480 eodem
2485 4441 2626 4479 anno
2657 4425 2824 4480 abbas
2854 4425 2984 4494 ipse,
3010 4427 3284 4490 communi
3320 4427 3482 4480 totius

1913 4517 2044 4574 cleri
2082 4526 2228 4581 voto,
2261 4517 2326 4570 ad
2349 4515 2722 4586 praefecturam
2748 4516 3000 4571 Ecelesim
3029 4517 3367 4572 Belvaeensis
3397 4527 3484 4571 est

1910 4618 2132 4666 evectus
2159 4623 2172 4662 :
2206 4609 2350 4678 quod
2393 4609 2575 4660 oneris
2601 4623 2760 4675 quam
2793 4609 3050 4678 praeclare
3080 4613 3148 4663 ab
3175 4606 3316 4662 anno
3346 4609 3482 4662 1155

1910 4703 1974 4756 ad
2005 4716 2204 4755 annum
2230 4699 2348 4768 plus
2378 4699 2555 4753 minus
2582 4700 2714 4753 1145
2738 4701 2918 4754 subiit.

1984 4793 2098 4848 XV.
2124 4793 2487 4864 Leodegarius
2513 4795 2776 4848 successit
2808 4812 2822 4849 :
2852 4795 2964 4864 qui,
2991 4805 3047 4849 ut
3076 4796 3191 4852 Odo
3221 4797 3480 4866 praefatus

1912 4887 2280 4956 episcopatum
2327 4894 2656 4952 acceptaret,
2694 4887 2919 4940 multum
2947 4889 3058 4942 suis
3089 4889 3482 4943 adhortationi-

1912 4978 2015 5032 bus
2063 4976 2423 5030 adlaboravit.
2471 4975 2735 5032 Henricus
2789 4979 2994 5046 primus
3052 4979 3343 5048 Anglorum
3386 4994 3478 5031 rex

1914 5067 2244 5137 Leodegario
2290 5066 2516 5120 selectas
2571 5083 2798 5137 quercus
2854 5071 2904 5122 in
2959 5071 3092 5122 silva
3136 5069 3366 5130 Leonis,
3409 5071 3476 5121 ad

1913 5155 2260 5209 aediﬁciorqu
2289 5155 2497 5208 solitam
2529 5157 3000 5222 restaurationem,
3025 5157 3478 5226 facitasporlatnli

1913 5243 2246 5298 facultatem.

1984 5358 2208 5411 Abbatis
2236 5373 2455 5412 munere
2485 5359 2698 5414 functus
2729 5369 2840 5414 toto
2865 5362 3124 5417 decennio
3174 5363 3477 5420 mortalita-

1915 5461 2018 5506 tem
2049 5455 2197 5506 exuit
2217 5469 2356 5507 anuo
2386 5453 2542 5516 1145,
2573 5470 2605 5505 v
2635 5454 2756 5510 ldus
2783 5455 3118 5513 Decembris.

1983 5539 2120 5595 XVI.
2165 5541 2474 5606 Fnlbertus,
2520 5560 2728 5599 morum
2780 5548 2904 5602 vita:
2957 5548 3363 5620 integerrimus,
3413 5554 3482 5605 ab

1915 5629 2136 5699 Ilugone
2188 5630 2610 5702 Rothomagensi
2659 5639 3037 5709 archiprms‘ttie
3078 5660 3220 5697 anno
3257 5645 3414 5708 1151,
3448 5665 3476 5696 a

1917 5735 2125 5775 summo
2161 5722 2408 5788 pontiﬁce
2435 5723 2668 5794 Eugenio
2697 5731 2878 5784 eodem
2923 5749 3095 5800 anno;
3125 5744 3176 5791 et
3200 5737 3266 5791 ab
3295 5736 3483 5791 Odone
