  <div class='ocr_page' id='page_1' title='image "/cluster/home/n/w/nwhite01/storage/ocr_20150623/156/hvd.32044010683712/553.png"; bbox 0 0 4032 6326; ppageno 0'>
   <div class='ocr_carea' id='block_1_1' title="bbox 558 294 694 351">
    <p class='ocr_par' dir='ltr' id='par_1_1' title="bbox 558 294 694 351">
     <span class='ocr_line' id='line_1_1' title="bbox 558 294 694 351; baseline 0 -1"><span class='ocrx_word' id='word_1_1' title='bbox 558 294 694 351; x_wconf 68' lang='grc'><strong>1093</strong></span> 
     </span>
    </p>
   </div>
   <div class='ocr_carea' id='block_1_2' title="bbox 1441 250 2884 339">
    <p class='ocr_par' dir='ltr' id='par_1_2' title="bbox 1441 250 2884 339">
     <span class='ocr_line' id='line_1_2' title="bbox 1441 250 2884 339; baseline -0.003 0"><span class='ocrx_word' id='word_1_2' title='bbox 1441 250 1446 257; x_wconf 68' lang='grc'><em>’</em></span> <span class='ocrx_word' id='word_1_3' title='bbox 1507 285 1594 339; x_wconf 81' lang='lat' dir='ltr'><strong>Al)</strong></span> <span class='ocrx_word' id='word_1_4' title='bbox 1625 283 1772 338; x_wconf 73' lang='lat' dir='ltr'><strong>ore.</strong></span> <span class='ocrx_word' id='word_1_5' title='bbox 1801 279 1955 335; x_wconf 75' lang='lat' dir='ltr'><strong>VEN.</strong></span> <span class='ocrx_word' id='word_1_6' title='bbox 1994 279 2318 336; x_wconf 61' lang='lat' dir='ltr'><strong>causam</strong></span> <span class='ocrx_word' id='word_1_7' title='bbox 2366 279 2452 335; x_wconf 87' lang='lat' dir='ltr'><strong>DE</strong></span> <span class='ocrx_word' id='word_1_8' title='bbox 2489 275 2884 334; x_wconf 68' lang='lat' dir='ltr'><strong>NOVIGu-Nt‘o</strong></span> 
     </span>
    </p>
   </div>
   <div class='ocr_carea' id='block_1_3' title="bbox 3677 279 3787 336">
    <p class='ocr_par' dir='ltr' id='par_1_3' title="bbox 3677 279 3787 336">
     <span class='ocr_line' id='line_1_3' title="bbox 3677 279 3787 336; baseline 0.036 -4"><span class='ocrx_word' id='word_1_9' title='bbox 3677 279 3787 336; x_wconf 64' lang='lat' dir='ltr'><strong>I096</strong></span> 
     </span>
    </p>
   </div>
   <div class='ocr_carea' id='block_1_4' title="bbox 556 388 3792 463">
    <p class='ocr_par' dir='ltr' id='par_1_4' title="bbox 556 388 3792 463">
     <span class='ocr_line' id='line_1_4' title="bbox 556 388 3792 463; baseline -0.004 -3"><span class='ocrx_word' id='word_1_10' title='bbox 556 402 869 460; x_wconf 80' lang='lat' dir='ltr'><strong>IIclvacensi</strong></span> <span class='ocrx_word' id='word_1_11' title='bbox 901 399 1140 454; x_wconf 86' lang='lat' dir='ltr'><strong>antistite</strong></span> <span class='ocrx_word' id='word_1_12' title='bbox 1172 397 1326 461; x_wconf 75' lang='lat' dir='ltr'><strong>IMG,</strong></span> <span class='ocrx_word' id='word_1_13' title='bbox 1375 397 1774 450; x_wconf 87' lang='lat' dir='ltr'><strong>immunitatnm</strong></span> <span class='ocrx_word' id='word_1_14' title='bbox 1818 392 2127 463; x_wconf 84' lang='lat' dir='ltr'><strong>privilegio—</strong></span> <span class='ocrx_word' id='word_1_15' title='bbox 2159 400 2200 456; x_wconf 71' lang='grc' dir='ltr'>Α</span> <span class='ocrx_word' id='word_1_16' title='bbox 2235 395 2420 446; x_wconf 83' lang='lat' dir='ltr'><strong>volunt</strong></span> <span class='ocrx_word' id='word_1_17' title='bbox 2443 391 2728 460; x_wconf 87' lang='lat' dir='ltr'><strong>nonnulli).</strong></span> <span class='ocrx_word' id='word_1_18' title='bbox 2765 393 2934 446; x_wconf 85' lang='lat' dir='ltr'><strong>abbas</strong></span> <span class='ocrx_word' id='word_1_19' title='bbox 2991 388 3380 454; x_wconf 80' lang='lat' dir='ltr'><strong>Flaviacensis,</strong></span> <span class='ocrx_word' id='word_1_20' title='bbox 3414 391 3605 445; x_wconf 83' lang='lat' dir='ltr'><strong>deinde</strong></span> <span class='ocrx_word' id='word_1_21' title='bbox 3629 391 3792 450; x_wconf 82' lang='lat' dir='ltr'><strong>Sancti</strong></span> 
     </span>
    </p>
   </div>
   <div class='ocr_carea' id='block_1_5' title="bbox 560 485 1802 563">
    <p class='ocr_par' dir='ltr' id='par_1_5' title="bbox 560 485 1802 563">
     <span class='ocr_line' id='line_1_5' title="bbox 560 485 1802 563; baseline -0.01 -14"><span class='ocrx_word' id='word_1_22' title='bbox 560 507 794 563; x_wconf 87' lang='lat' dir='ltr'><strong>rumque</strong></span> <span class='ocrx_word' id='word_1_23' title='bbox 816 493 1024 544; x_wconf 91' lang='lat' dir='ltr'><strong>litteras</strong></span> <span class='ocrx_word' id='word_1_24' title='bbox 1049 489 1409 558; x_wconf 89' lang='lat' dir='ltr'><strong>amplissimas</strong></span> <span class='ocrx_word' id='word_1_25' title='bbox 1449 485 1776 554; x_wconf 89' lang='lat' dir='ltr'><strong>impetravit.</strong></span> <span class='ocrx_word' id='word_1_26' title='bbox 1800 544 1802 546; x_wconf 23' lang='grc' dir='ltr'><strong><em>τ</em></strong></span> 
     </span>
    </p>
   </div>
   <div class='ocr_carea' id='block_1_6' title="bbox 631 575 2134 651">
    <p class='ocr_par' dir='ltr' id='par_1_6' title="bbox 631 575 2134 651">
     <span class='ocr_line' id='line_1_6' title="bbox 631 575 2134 651; baseline -0.008 -13"><span class='ocrx_word' id='word_1_27' title='bbox 631 584 795 638; x_wconf 78' lang='lat' dir='ltr'><strong>Multa</strong></span> <span class='ocrx_word' id='word_1_28' title='bbox 825 595 1040 651; x_wconf 82' lang='lat' dir='ltr'><strong>quoque</strong></span> <span class='ocrx_word' id='word_1_29' title='bbox 1065 579 1326 634; x_wconf 85' lang='lat' dir='ltr'><strong>beneﬁcia</strong></span> <span class='ocrx_word' id='word_1_30' title='bbox 1350 577 1650 632; x_wconf 64' lang='grc'><strong>0111101148</strong></span> <span class='ocrx_word' id='word_1_31' title='bbox 1672 575 1904 631; x_wconf 92' lang='lat' dir='ltr'><strong>contulit</strong></span> <span class='ocrx_word' id='word_1_32' title='bbox 1931 575 2134 628; x_wconf 74' lang='lat' dir='ltr'><strong>Iladul-</strong></span> 
     </span>
    </p>
   </div>
   <div class='ocr_carea' id='block_1_7' title="bbox 563 666 2135 742">
    <p class='ocr_par' dir='ltr' id='par_1_7' title="bbox 563 666 2135 742">
     <span class='ocr_line' id='line_1_7' title="bbox 563 666 2135 742; baseline -0.003 -18"><span class='ocrx_word' id='word_1_33' title='bbox 563 676 704 742; x_wconf 86' lang='lat' dir='ltr'><strong>plms</strong></span> <span class='ocrx_word' id='word_1_34' title='bbox 731 673 796 725; x_wconf 89' lang='lat' dir='ltr'><strong>de</strong></span> <span class='ocrx_word' id='word_1_35' title='bbox 823 671 1116 732; x_wconf 83' lang='lat' dir='ltr'><strong>Mavoison,</strong></span> <span class='ocrx_word' id='word_1_36' title='bbox 1141 667 1418 722; x_wconf 88' lang='lat' dir='ltr'><strong>Samsouis</strong></span> <span class='ocrx_word' id='word_1_37' title='bbox 1439 666 1830 736; x_wconf 88' lang='lat' dir='ltr'><strong>archiepisc0pi</strong></span> <span class='ocrx_word' id='word_1_38' title='bbox 1851 666 2135 720; x_wconf 84' lang='lat' dir='ltr'><strong>Remensis</strong></span> 
     </span>
    </p>
   </div>
   <div class='ocr_carea' id='block_1_8' title="bbox 562 755 2130 826">
    <p class='ocr_par' dir='ltr' id='par_1_8' title="bbox 562 755 2130 826">
     <span class='ocr_line' id='line_1_8' title="bbox 562 755 2130 826; baseline -0.004 -11"><span class='ocrx_word' id='word_1_39' title='bbox 562 765 753 826; x_wconf 79' lang='lat' dir='ltr'><strong>frater,</strong></span> <span class='ocrx_word' id='word_1_40' title='bbox 783 759 1150 814; x_wconf 88' lang='lat' dir='ltr'><strong>annuentibus</strong></span> <span class='ocrx_word' id='word_1_41' title='bbox 1173 773 1339 812; x_wconf 81' lang='lat' dir='ltr'><strong>uxore</strong></span> <span class='ocrx_word' id='word_1_42' title='bbox 1361 758 1580 822; x_wconf 81' lang='lat' dir='ltr'><strong>Bertha,</strong></span> <span class='ocrx_word' id='word_1_43' title='bbox 1603 771 1666 810; x_wconf 89' lang='lat' dir='ltr'><strong>ac</strong></span> <span class='ocrx_word' id='word_1_44' title='bbox 1684 756 1808 810; x_wconf 90' lang='lat' dir='ltr'><strong>ﬁliis</strong></span> <span class='ocrx_word' id='word_1_45' title='bbox 1825 755 2130 824; x_wconf 76' lang='lat' dir='ltr'><strong>Radulpho,</strong></span> 
     </span>
    </p>
   </div>
   <div class='ocr_carea' id='block_1_9' title="bbox 557 843 2134 916">
    <p class='ocr_par' dir='ltr' id='par_1_9' title="bbox 557 843 2134 916">
     <span class='ocr_line' id='line_1_9' title="bbox 557 843 2134 916; baseline -0.006 -10"><span class='ocrx_word' id='word_1_46' title='bbox 557 851 867 916; x_wconf 82' lang='lat' dir='ltr'><strong>Guillelmo,</strong></span> <span class='ocrx_word' id='word_1_47' title='bbox 916 847 1202 913; x_wconf 81' lang='lat' dir='ltr'><strong>Manasse,</strong></span> <span class='ocrx_word' id='word_1_48' title='bbox 1247 857 1301 902; x_wconf 91' lang='lat' dir='ltr'><strong>ct</strong></span> <span class='ocrx_word' id='word_1_49' title='bbox 1351 844 1564 900; x_wconf 88' lang='lat' dir='ltr'><strong>ﬁliabus</strong></span> <span class='ocrx_word' id='word_1_50' title='bbox 1617 846 1823 914; x_wconf 78' lang='lat' dir='ltr'><strong>Agnete</strong></span> <span class='ocrx_word' id='word_1_51' title='bbox 1853 843 2134 898; x_wconf 84' lang='lat' dir='ltr'><strong>etJoanna</strong></span> 
     </span>
    </p>
   </div>
   <div class='ocr_carea' id='block_1_10' title="bbox 561 943 767 1012">
    <p class='ocr_par' dir='ltr' id='par_1_10' title="bbox 561 943 767 1012">
     <span class='ocr_line' id='line_1_10' title="bbox 561 943 767 1012; baseline -0.015 -16"><span class='ocrx_word' id='word_1_52' title='bbox 561 943 767 1012; x_wconf 78' lang='lat' dir='ltr'><strong>regina.</strong></span> 
     </span>
    </p>
   </div>
   <div class='ocr_carea' id='block_1_11' title="bbox 632 1019 2138 1098">
    <p class='ocr_par' dir='ltr' id='par_1_11' title="bbox 632 1019 2138 1098">
     <span class='ocr_line' id='line_1_11' title="bbox 632 1019 2138 1098; baseline -0.004 -10"><span class='ocrx_word' id='word_1_53' title='bbox 632 1033 738 1088; x_wconf 87' lang='lat' dir='ltr'><strong>Sed</strong></span> <span class='ocrx_word' id='word_1_54' title='bbox 773 1042 826 1088; x_wconf 91' lang='lat' dir='ltr'><strong>et</strong></span> <span class='ocrx_word' id='word_1_55' title='bbox 873 1019 1186 1086; x_wconf 73' lang='lat' dir='ltr'><strong>Ludovicus</strong></span> <span class='ocrx_word' id='word_1_56' title='bbox 1208 1029 1295 1084; x_wconf 78' lang='lat' dir='ltr'><strong>VII</strong></span> <span class='ocrx_word' id='word_1_57' title='bbox 1349 1029 1660 1084; x_wconf 71' lang='lat' dir='ltr'><strong>christiana:</strong></span> <span class='ocrx_word' id='word_1_58' title='bbox 1708 1028 1946 1098; x_wconf 87' lang='lat' dir='ltr'><strong>pictatis,</strong></span> <span class='ocrx_word' id='word_1_59' title='bbox 1977 1036 2138 1096; x_wconf 87' lang='lat' dir='ltr'><strong>atque</strong></span> 
     </span>
    </p>
   </div>
   <div class='ocr_carea' id='block_1_12' title="bbox 560 1118 2138 1196">
    <p class='ocr_par' dir='ltr' id='par_1_12' title="bbox 560 1118 2138 1196">
     <span class='ocr_line' id='line_1_12' title="bbox 560 1118 2138 1196; baseline -0.006 -17"><span class='ocrx_word' id='word_1_60' title='bbox 560 1139 844 1196; x_wconf 77' lang='lat' dir='ltr'><strong>propensa:</strong></span> <span class='ocrx_word' id='word_1_61' title='bbox 870 1122 1167 1178; x_wconf 75' lang='lat' dir='ltr'><strong>voluntatis</strong></span> <span class='ocrx_word' id='word_1_62' title='bbox 1192 1136 1256 1176; x_wconf 89' lang='lat' dir='ltr'><strong>ac</strong></span> <span class='ocrx_word' id='word_1_63' title='bbox 1278 1118 1669 1175; x_wconf 68' lang='lat' dir='ltr'><strong>benevolentiae</strong></span> <span class='ocrx_word' id='word_1_64' title='bbox 1697 1119 1750 1173; x_wconf 93' lang='lat' dir='ltr'><strong>in</strong></span> <span class='ocrx_word' id='word_1_65' title='bbox 1776 1118 2138 1186; x_wconf 76' lang='lat' dir='ltr'><strong>Sangerema-</strong></span> 
     </span>
    </p>
   </div>
   <div class='ocr_carea' id='block_1_13' title="bbox 564 1207 2138 1280">
    <p class='ocr_par' dir='ltr' id='par_1_13' title="bbox 564 1207 2138 1280">
     <span class='ocr_line' id='line_1_13' title="bbox 564 1207 2138 1280; baseline -0.004 -14"><span class='ocrx_word' id='word_1_66' title='bbox 564 1229 725 1268; x_wconf 86' lang='lat' dir='ltr'><strong>renos</strong></span> <span class='ocrx_word' id='word_1_67' title='bbox 774 1213 1066 1267; x_wconf 85' lang='lat' dir='ltr'><strong>monachos</strong></span> <span class='ocrx_word' id='word_1_68' title='bbox 1107 1212 1378 1280; x_wconf 88' lang='lat' dir='ltr'><strong>specimen</strong></span> <span class='ocrx_word' id='word_1_69' title='bbox 1434 1211 1600 1273; x_wconf 90' lang='lat' dir='ltr'><strong>dedit,</strong></span> <span class='ocrx_word' id='word_1_70' title='bbox 1658 1208 1936 1262; x_wconf 82' lang='lat' dir='ltr'><strong>concessis</strong></span> <span class='ocrx_word' id='word_1_71' title='bbox 1974 1207 2138 1261; x_wconf 86' lang='lat' dir='ltr'><strong>variis</strong></span> 
     </span>
    </p>
   </div>
   <div class='ocr_carea' id='block_1_14' title="bbox 566 1299 2139 1371">
    <p class='ocr_par' dir='ltr' id='par_1_14' title="bbox 566 1299 2139 1371">
     <span class='ocr_line' id='line_1_14' title="bbox 566 1299 2139 1371; baseline -0.005 -13"><span class='ocrx_word' id='word_1_72' title='bbox 566 1304 1030 1368; x_wconf 83' lang='lat' dir='ltr'><strong>immunitatibus,</strong></span> <span class='ocrx_word' id='word_1_73' title='bbox 1085 1317 1312 1371; x_wconf 88' lang='lat' dir='ltr'><strong>quarum</strong></span> <span class='ocrx_word' id='word_1_74' title='bbox 1366 1300 1660 1368; x_wconf 89' lang='lat' dir='ltr'><strong>diplomata</strong></span> <span class='ocrx_word' id='word_1_75' title='bbox 1705 1299 1956 1354; x_wconf 90' lang='lat' dir='ltr'><strong>brevitati</strong></span> <span class='ocrx_word' id='word_1_76' title='bbox 2007 1314 2139 1353; x_wconf 82' lang='lat' dir='ltr'><strong>con-</strong></span> 
     </span>
    </p>
   </div>
   <div class='ocr_carea' id='block_1_15' title="bbox 565 1395 1141 1464">
    <p class='ocr_par' dir='ltr' id='par_1_15' title="bbox 565 1395 1141 1464">
     <span class='ocr_line' id='line_1_15' title="bbox 565 1395 1141 1464; baseline -0.003 -15"><span class='ocrx_word' id='word_1_77' title='bbox 565 1397 750 1450; x_wconf 89' lang='lat' dir='ltr'><strong>sulcus</strong></span> <span class='ocrx_word' id='word_1_78' title='bbox 771 1395 1141 1464; x_wconf 70' lang='lat' dir='ltr'><strong>prmtermitto.</strong></span> 
     </span>
    </p>
   </div>
   <div class='ocr_carea' id='block_1_16' title="bbox 639 1480 2139 1556">
    <p class='ocr_par' dir='ltr' id='par_1_16' title="bbox 639 1480 2139 1556">
     <span class='ocr_line' id='line_1_16' title="bbox 639 1480 2139 1556; baseline -0.004 -16"><span class='ocrx_word' id='word_1_79' title='bbox 639 1487 790 1556; x_wconf 82' lang='lat' dir='ltr'><strong>IIugo</strong></span> <span class='ocrx_word' id='word_1_80' title='bbox 816 1486 881 1538; x_wconf 89' lang='lat' dir='ltr'><strong>de</strong></span> <span class='ocrx_word' id='word_1_81' title='bbox 911 1483 1158 1537; x_wconf 86' lang='lat' dir='ltr'><strong>Gornaco</strong></span> <span class='ocrx_word' id='word_1_82' title='bbox 1207 1480 1468 1552; x_wconf 84' lang='lat' dir='ltr'><strong>approbat</strong></span> <span class='ocrx_word' id='word_1_83' title='bbox 1491 1481 1575 1535; x_wconf 91' lang='lat' dir='ltr'><strong>his</strong></span> <span class='ocrx_word' id='word_1_84' title='bbox 1602 1480 1783 1536; x_wconf 87' lang='lat' dir='ltr'><strong>verbis</strong></span> <span class='ocrx_word' id='word_1_85' title='bbox 1805 1495 2139 1551; x_wconf 73' lang='lat' dir='ltr'><strong>quaecunque</strong></span> 
     </span>
    </p>
   </div>
   <div class='ocr_carea' id='block_1_17' title="bbox 565 1570 1621 1629">
    <p class='ocr_par' dir='ltr' id='par_1_17' title="bbox 565 1570 1621 1629">
     <span class='ocr_line' id='line_1_17' title="bbox 565 1570 1621 1629; baseline -0.007 0"><span class='ocrx_word' id='word_1_86' title='bbox 565 1573 896 1629; x_wconf 77' lang='lat' dir='ltr'><strong>monasterio</strong></span> <span class='ocrx_word' id='word_1_87' title='bbox 924 1571 1259 1625; x_wconf 88' lang='lat' dir='ltr'><strong>Flaviacensi</strong></span> <span class='ocrx_word' id='word_1_88' title='bbox 1299 1570 1621 1624; x_wconf 88' lang='lat' dir='ltr'><strong>contulerat.</strong></span> 
     </span>
    </p>
   </div>
   <div class='ocr_carea' id='block_1_18' title="bbox 637 1661 2140 1731">
    <p class='ocr_par' dir='ltr' id='par_1_18' title="bbox 637 1661 2140 1731">
     <span class='ocr_line' id='line_1_18' title="bbox 637 1661 2140 1731; baseline -0.001 -16"><span class='ocrx_word' id='word_1_89' title='bbox 637 1684 654 1715; x_wconf 76' lang='grc' dir='ltr'>ι</span> <span class='ocrx_word' id='word_1_90' title='bbox 703 1664 896 1718; x_wconf 77' lang='lat' dir='ltr'><strong>Nolunt</strong></span> <span class='ocrx_word' id='word_1_91' title='bbox 922 1665 990 1719; x_wconf 88' lang='lat' dir='ltr'><strong>sit</strong></span> <span class='ocrx_word' id='word_1_92' title='bbox 1020 1663 1270 1718; x_wconf 88' lang='lat' dir='ltr'><strong>omnibus</strong></span> <span class='ocrx_word' id='word_1_93' title='bbox 1294 1663 1652 1728; x_wconf 56' lang='lat' dir='ltr'><strong>praesentibus</strong></span> <span class='ocrx_word' id='word_1_94' title='bbox 1683 1669 1738 1716; x_wconf 90' lang='lat' dir='ltr'><strong>et-</strong></span> <span class='ocrx_word' id='word_1_95' title='bbox 1761 1661 1980 1727; x_wconf 87' lang='lat' dir='ltr'><strong>futnris,</strong></span> <span class='ocrx_word' id='word_1_96' title='bbox 2000 1662 2140 1731; x_wconf 84' lang='lat' dir='ltr'><strong>quod</strong></span> 
     </span>
    </p>
   </div>
   <div class='ocr_carea' id='block_1_19' title="bbox 2233 482 3793 547">
    <p class='ocr_par' dir='ltr' id='par_1_19' title="bbox 2233 482 3793 547">
     <span class='ocr_line' id='line_1_19' title="bbox 2233 482 3793 547; baseline 0.001 -10"><span class='ocrx_word' id='word_1_97' title='bbox 2233 483 2456 537; x_wconf 81' lang='lat' dir='ltr'><strong>Lueiani</strong></span> <span class='ocrx_word' id='word_1_98' title='bbox 2486 482 2854 547; x_wconf 86' lang='lat' dir='ltr'><strong>Belvacensis,</strong></span> <span class='ocrx_word' id='word_1_99' title='bbox 2879 498 2942 536; x_wconf 92' lang='lat' dir='ltr'><strong>ac</strong></span> <span class='ocrx_word' id='word_1_100' title='bbox 2961 483 3180 538; x_wconf 87' lang='lat' dir='ltr'><strong>demum</strong></span> <span class='ocrx_word' id='word_1_101' title='bbox 3202 482 3598 536; x_wconf 79' lang='lat' dir='ltr'><strong>Cluniacensis.</strong></span> <span class='ocrx_word' id='word_1_102' title='bbox 3623 484 3793 539; x_wconf 81' lang='lat' dir='ltr'><strong>Omnia</strong></span> 
     </span>
    </p>
   </div>
   <div class='ocr_carea' id='block_1_20' title="bbox 2234 572 3800 644">
    <p class='ocr_par' dir='ltr' id='par_1_20' title="bbox 2234 572 3800 644">
     <span class='ocr_line' id='line_1_20' title="bbox 2234 572 3800 644; baseline 0.001 -18"><span class='ocrx_word' id='word_1_103' title='bbox 2234 590 2355 644; x_wconf 67' lang='lat' dir='ltr'><strong>quae</strong></span> <span class='ocrx_word' id='word_1_104' title='bbox 2383 573 2530 629; x_wconf 87' lang='lat' dir='ltr'><strong>Juris</strong></span> <span class='ocrx_word' id='word_1_105' title='bbox 2564 582 2690 629; x_wconf 85' lang='lat' dir='ltr'><strong>sunt</strong></span> <span class='ocrx_word' id='word_1_106' title='bbox 2719 576 3030 630; x_wconf 84' lang='lat' dir='ltr'><strong>monasterii</strong></span> <span class='ocrx_word' id='word_1_107' title='bbox 3077 573 3465 636; x_wconf 84' lang='lat' dir='ltr'><strong>Flaviacensis,</strong></span> <span class='ocrx_word' id='word_1_108' title='bbox 3490 572 3702 627; x_wconf 83' lang='lat' dir='ltr'><strong>bullatis</strong></span> <span class='ocrx_word' id='word_1_109' title='bbox 3727 574 3800 628; x_wconf 89' lang='lat' dir='ltr'><strong>Iit-</strong></span> 
     </span>
    </p>
   </div>
   <div class='ocr_carea' id='block_1_21' title="bbox 2237 665 3798 735">
    <p class='ocr_par' dir='ltr' id='par_1_21' title="bbox 2237 665 3798 735">
     <span class='ocr_line' id='line_1_21' title="bbox 2237 665 3798 735; baseline 0.001 -16"><span class='ocrx_word' id='word_1_110' title='bbox 2237 667 2368 720; x_wconf 90' lang='lat' dir='ltr'><strong>teris</strong></span> <span class='ocrx_word' id='word_1_111' title='bbox 2410 665 2756 721; x_wconf 83' lang='lat' dir='ltr'><strong>conﬁrmavit</strong></span> <span class='ocrx_word' id='word_1_112' title='bbox 2806 666 3130 720; x_wconf 31' lang='lat' dir='ltr'><strong>Alexander.</strong></span> <span class='ocrx_word' id='word_1_113' title='bbox 3165 665 3228 720; x_wconf 92' lang='lat' dir='ltr'><strong>III</strong></span> <span class='ocrx_word' id='word_1_114' title='bbox 3271 680 3405 735; x_wconf 88' lang='lat' dir='ltr'><strong>papa</strong></span> <span class='ocrx_word' id='word_1_115' title='bbox 3450 679 3596 718; x_wconf 81' lang='lat' dir='ltr'><strong>anno</strong></span> <span class='ocrx_word' id='word_1_116' title='bbox 3619 665 3798 721; x_wconf 83' lang='lat' dir='ltr'><strong>Christi</strong></span> 
     </span>
    </p>
   </div>
   <div class='ocr_carea' id='block_1_22' title="bbox 2241 757 2393 812">
    <p class='ocr_par' dir='ltr' id='par_1_22' title="bbox 2241 757 2393 812">
     <span class='ocr_line' id='line_1_22' title="bbox 2241 757 2393 812; baseline -0.007 -3"><span class='ocrx_word' id='word_1_117' title='bbox 2241 757 2393 812; x_wconf 81' lang='grc'><strong>1178.</strong></span> 
     </span>
    </p>
   </div>
   <div class='ocr_carea' id='block_1_23' title="bbox 2306 843 3804 916">
    <p class='ocr_par' dir='ltr' id='par_1_23' title="bbox 2306 843 3804 916">
     <span class='ocr_line' id='line_1_23' title="bbox 2306 843 3804 916; baseline -0.001 -16"><span class='ocrx_word' id='word_1_118' title='bbox 2306 845 2484 900; x_wconf 88' lang='lat' dir='ltr'><strong>Cessit</strong></span> <span class='ocrx_word' id='word_1_119' title='bbox 2509 860 2539 900; x_wconf 92' lang='lat' dir='ltr'><strong>e</strong></span> <span class='ocrx_word' id='word_1_120' title='bbox 2568 845 2676 899; x_wconf 90' lang='lat' dir='ltr'><strong>vita</strong></span> <span class='ocrx_word' id='word_1_121' title='bbox 2707 861 2760 900; x_wconf 80' lang='lat' dir='ltr'><strong>VI</strong></span> <span class='ocrx_word' id='word_1_122' title='bbox 2788 845 2909 900; x_wconf 89' lang='lat' dir='ltr'><strong>Idus</strong></span> <span class='ocrx_word' id='word_1_123' title='bbox 2936 844 3136 916; x_wconf 83' lang='lat' dir='ltr'><strong>Aprilis</strong></span> <span class='ocrx_word' id='word_1_124' title='bbox 3182 845 3324 900; x_wconf 85' lang='grc'><strong>1188</strong></span> <span class='ocrx_word' id='word_1_125' title='bbox 3357 863 3368 898; x_wconf 93' lang='lat'>:</span> <span class='ocrx_word' id='word_1_126' title='bbox 3406 844 3629 898; x_wconf 83' lang='lat' dir='ltr'><strong>tradunt</strong></span> <span class='ocrx_word' id='word_1_127' title='bbox 3653 843 3804 898; x_wconf 73' lang='grc' dir='ltr'><strong>οιπι.-</strong></span> 
     </span>
    </p>
   </div>
   <div class='ocr_carea' id='block_1_24' title="bbox 2240 935 3806 1006">
    <p class='ocr_par' dir='ltr' id='par_1_24' title="bbox 2240 935 3806 1006">
     <span class='ocr_line' id='line_1_24' title="bbox 2240 935 3806 1006; baseline 0.001 -16"><span class='ocrx_word' id='word_1_128' title='bbox 2240 937 2394 990; x_wconf 86' lang='lat' dir='ltr'><strong>nicon</strong></span> <span class='ocrx_word' id='word_1_129' title='bbox 2427 935 2840 991; x_wconf 85' lang='lat' dir='ltr'><strong>Fontanellense</strong></span> <span class='ocrx_word' id='word_1_130' title='bbox 2865 937 3317 1006; x_wconf 88' lang='lat' dir='ltr'><strong>manuscriptum,</strong></span> <span class='ocrx_word' id='word_1_131' title='bbox 3342 946 3396 991; x_wconf 91' lang='lat' dir='ltr'><strong>et</strong></span> <span class='ocrx_word' id='word_1_132' title='bbox 3415 936 3634 991; x_wconf 80' lang='lat' dir='ltr'><strong>codices</strong></span> <span class='ocrx_word' id='word_1_133' title='bbox 3650 939 3806 992; x_wconf 78' lang='lat' dir='ltr'><strong>sancti</strong></span> 
     </span>
    </p>
   </div>
   <div class='ocr_carea' id='block_1_25' title="bbox 2239 1028 3804 1095">
    <p class='ocr_par' dir='ltr' id='par_1_25' title="bbox 2239 1028 3804 1095">
     <span class='ocr_line' id='line_1_25' title="bbox 2239 1028 3804 1095; baseline 0.001 -13"><span class='ocrx_word' id='word_1_134' title='bbox 2239 1029 2484 1095; x_wconf 89' lang='lat' dir='ltr'><strong>Luciani,</strong></span> <span class='ocrx_word' id='word_1_135' title='bbox 2541 1038 2596 1085; x_wconf 87' lang='lat' dir='ltr'><strong>et</strong></span> <span class='ocrx_word' id='word_1_136' title='bbox 2646 1029 2820 1084; x_wconf 86' lang='lat' dir='ltr'><strong>sancti</strong></span> <span class='ocrx_word' id='word_1_137' title='bbox 2851 1029 3166 1092; x_wconf 84' lang='lat' dir='ltr'><strong>Geremari;</strong></span> <span class='ocrx_word' id='word_1_138' title='bbox 3198 1030 3304 1093; x_wconf 89' lang='lat' dir='ltr'><strong>vel,</strong></span> <span class='ocrx_word' id='word_1_139' title='bbox 3340 1030 3386 1083; x_wconf 89' lang='lat' dir='ltr'><strong>si</strong></span> <span class='ocrx_word' id='word_1_140' title='bbox 3427 1028 3565 1084; x_wconf 84' lang='lat' dir='ltr'><strong>fides</strong></span> <span class='ocrx_word' id='word_1_141' title='bbox 3592 1029 3804 1083; x_wconf 79' lang='lat' dir='ltr'><strong>chrono-</strong></span> 
     </span>
    </p>
   </div>
   <div class='ocr_carea' id='block_1_26' title="bbox 2241 1119 3805 1191">
    <p class='ocr_par' dir='ltr' id='par_1_26' title="bbox 2241 1119 3805 1191">
     <span class='ocr_line' id='line_1_26' title="bbox 2241 1119 3805 1191; baseline -0.001 -18"><span class='ocrx_word' id='word_1_142' title='bbox 2241 1121 2448 1191; x_wconf 80' lang='lat' dir='ltr'><strong>grapho</strong></span> <span class='ocrx_word' id='word_1_143' title='bbox 2505 1119 2848 1174; x_wconf 86' lang='lat' dir='ltr'><strong>Cluniacensi</strong></span> <span class='ocrx_word' id='word_1_144' title='bbox 2901 1121 3226 1182; x_wconf 86' lang='lat' dir='ltr'><strong>adhibenda,</strong></span> <span class='ocrx_word' id='word_1_145' title='bbox 3277 1119 3436 1175; x_wconf 90' lang='grc'><strong>1199.</strong></span> <span class='ocrx_word' id='word_1_146' title='bbox 3491 1119 3548 1172; x_wconf 86' lang='lat' dir='ltr'><strong>In</strong></span> <span class='ocrx_word' id='word_1_147' title='bbox 3599 1119 3805 1173; x_wconf 78' lang='lat' dir='ltr'><strong>ecclesia</strong></span> 
     </span>
    </p>
   </div>
   <div class='ocr_carea' id='block_1_27' title="bbox 2239 1209 3806 1279">
    <p class='ocr_par' dir='ltr' id='par_1_27' title="bbox 2239 1209 3806 1279">
     <span class='ocr_line' id='line_1_27' title="bbox 2239 1209 3806 1279; baseline -0.002 -14"><span class='ocrx_word' id='word_1_148' title='bbox 2239 1210 2578 1265; x_wconf 74' lang='lat' dir='ltr'><strong>Cluniacensi</strong></span> <span class='ocrx_word' id='word_1_149' title='bbox 2596 1210 2763 1279; x_wconf 83' lang='lat' dir='ltr'><strong>jacet,</strong></span> <span class='ocrx_word' id='word_1_150' title='bbox 2788 1219 2845 1262; x_wconf 92' lang='lat' dir='ltr'><strong>ut</strong></span> <span class='ocrx_word' id='word_1_151' title='bbox 2871 1209 3021 1263; x_wconf 84' lang='lat' dir='ltr'><strong>testis</strong></span> <span class='ocrx_word' id='word_1_152' title='bbox 3043 1218 3127 1263; x_wconf 88' lang='lat' dir='ltr'><strong>est</strong></span> <span class='ocrx_word' id='word_1_153' title='bbox 3157 1209 3300 1264; x_wconf 89' lang='lat' dir='ltr'><strong>idem</strong></span> <span class='ocrx_word' id='word_1_154' title='bbox 3322 1218 3538 1275; x_wconf 87' lang='lat' dir='ltr'><strong>auctor,</strong></span> <span class='ocrx_word' id='word_1_155' title='bbox 3561 1211 3612 1262; x_wconf 92' lang='lat' dir='ltr'><strong>in</strong></span> <span class='ocrx_word' id='word_1_156' title='bbox 3641 1209 3806 1262; x_wconf 65' lang='lat' dir='ltr'><strong>Iliblio</strong></span> 
     </span>
    </p>
   </div>
   <div class='ocr_carea' id='block_1_28' title="bbox 2245 1299 3210 1371">
    <p class='ocr_par' dir='ltr' id='par_1_28' title="bbox 2245 1299 3210 1371">
     <span class='ocr_line' id='line_1_28' title="bbox 2245 1299 3210 1371; baseline -0.002 -17"><span class='ocrx_word' id='word_1_157' title='bbox 2245 1304 2400 1356; x_wconf 82' lang='lat' dir='ltr'><strong>theca</strong></span> <span class='ocrx_word' id='word_1_158' title='bbox 2445 1299 2785 1355; x_wconf 84' lang='lat' dir='ltr'><strong>Cluniacensi</strong></span> <span class='ocrx_word' id='word_1_159' title='bbox 2823 1302 3014 1371; x_wconf 82' lang='lat' dir='ltr'><strong>pagina</strong></span> <span class='ocrx_word' id='word_1_160' title='bbox 3055 1300 3210 1354; x_wconf 79' lang='grc'><strong>1665.</strong></span> 
     </span>
    </p>
   </div>
   <div class='ocr_carea' id='block_1_29' title="bbox 2316 1391 3806 1472">
    <p class='ocr_par' dir='ltr' id='par_1_29' title="bbox 2316 1391 3806 1472">
     <span class='ocr_line' id='line_1_29' title="bbox 2316 1391 3806 1472; baseline -0.001 -28"><span class='ocrx_word' id='word_1_161' title='bbox 2316 1391 2428 1446; x_wconf 76' lang='lat' dir='ltr'><strong>XX.</strong></span> <span class='ocrx_word' id='word_1_162' title='bbox 2461 1392 2804 1457; x_wconf 84' lang='lat' dir='ltr'><strong>Lambertus,</strong></span> <span class='ocrx_word' id='word_1_163' title='bbox 2827 1406 2892 1445; x_wconf 78' lang='lat' dir='ltr'><strong>ex</strong></span> <span class='ocrx_word' id='word_1_164' title='bbox 2921 1392 3205 1446; x_wconf 85' lang='lat' dir='ltr'><strong>cellerario</strong></span> <span class='ocrx_word' id='word_1_165' title='bbox 3229 1391 3478 1472; x_wconf 71' lang='lat' dir='ltr'><strong>ejusdem</strong></span> <span class='ocrx_word' id='word_1_166' title='bbox 3515 1392 3806 1445; x_wconf 84' lang='lat' dir='ltr'><strong>monasterii</strong></span> 
     </span>
    </p>
   </div>
   <div class='ocr_carea' id='block_1_30' title="bbox 2241 1480 3811 1552">
    <p class='ocr_par' dir='ltr' id='par_1_30' title="bbox 2241 1480 3811 1552">
     <span class='ocr_line' id='line_1_30' title="bbox 2241 1480 3811 1552; baseline -0.002 -16"><span class='ocrx_word' id='word_1_167' title='bbox 2241 1483 2459 1536; x_wconf 82' lang='lat' dir='ltr'><strong>circiter</strong></span> <span class='ocrx_word' id='word_1_168' title='bbox 2493 1482 2647 1536; x_wconf 86' lang='grc'><strong>1180.</strong></span> <span class='ocrx_word' id='word_1_169' title='bbox 2682 1480 2816 1535; x_wconf 85' lang='lat' dir='ltr'><strong>Huic</strong></span> <span class='ocrx_word' id='word_1_170' title='bbox 2856 1483 3222 1552; x_wconf 80' lang='lat' dir='ltr'><strong>syngraphum</strong></span> <span class='ocrx_word' id='word_1_171' title='bbox 3249 1482 3543 1536; x_wconf 85' lang='lat' dir='ltr'><strong>tuleIarem</strong></span> <span class='ocrx_word' id='word_1_172' title='bbox 3575 1481 3811 1550; x_wconf 81' lang='lat' dir='ltr'><strong>impertiit</strong></span> 
     </span>
    </p>
   </div>
   <div class='ocr_carea' id='block_1_31' title="bbox 2243 1573 3812 1646">
    <p class='ocr_par' dir='ltr' id='par_1_31' title="bbox 2243 1573 3812 1646">
     <span class='ocr_line' id='line_1_31' title="bbox 2243 1573 3812 1646; baseline -0.001 -18"><span class='ocrx_word' id='word_1_173' title='bbox 2243 1574 2557 1644; x_wconf 83' lang='lat' dir='ltr'><strong>Radulphus</strong></span> <span class='ocrx_word' id='word_1_174' title='bbox 2586 1589 2771 1629; x_wconf 84' lang='lat' dir='ltr'><strong>eomes</strong></span> <span class='ocrx_word' id='word_1_175' title='bbox 2795 1573 3271 1630; x_wconf 81' lang='lat' dir='ltr'><strong>Glaromontanus.</strong></span> <span class='ocrx_word' id='word_1_176' title='bbox 3295 1573 3424 1646; x_wconf 80' lang='lat' dir='ltr'><strong>Egit</strong></span> <span class='ocrx_word' id='word_1_177' title='bbox 3452 1574 3692 1628; x_wconf 84' lang='lat' dir='ltr'><strong>animam</strong></span> <span class='ocrx_word' id='word_1_178' title='bbox 3718 1575 3812 1642; x_wconf 85' lang='lat' dir='ltr'><strong>pri-</strong></span> 
     </span>
    </p>
   </div>
   <div class='ocr_carea' id='block_1_32' title="bbox 2243 1664 2792 1720">
    <p class='ocr_par' dir='ltr' id='par_1_32' title="bbox 2243 1664 2792 1720">
     <span class='ocr_line' id='line_1_32' title="bbox 2243 1664 2792 1720; baseline 0 -1"><span class='ocrx_word' id='word_1_179' title='bbox 2243 1666 2330 1720; x_wconf 86' lang='lat' dir='ltr'><strong>die</strong></span> <span class='ocrx_word' id='word_1_180' title='bbox 2360 1666 2434 1719; x_wconf 89' lang='lat' dir='ltr'><strong>I.I.</strong></span> <span class='ocrx_word' id='word_1_181' title='bbox 2458 1664 2600 1718; x_wconf 80' lang='lat' dir='ltr'><strong>Junii</strong></span> <span class='ocrx_word' id='word_1_182' title='bbox 2635 1665 2792 1719; x_wconf 86' lang='grc'><strong>1190.</strong></span> 
     </span>
    </p>
   </div>
   <div class='ocr_carea' id='block_1_33' title="bbox 563 1733 3813 1827">
    <p class='ocr_par' dir='ltr' id='par_1_33' title="bbox 563 1733 3813 1827">
     <span class='ocr_line' id='line_1_33' title="bbox 563 1733 3813 1827; baseline 0 -17"><span class='ocrx_word' id='word_1_183' title='bbox 563 1756 674 1826; x_wconf 73' lang='lat' dir='ltr'><strong>Ego</strong></span> <span class='ocrx_word' id='word_1_184' title='bbox 705 1755 854 1825; x_wconf 71' lang='lat' dir='ltr'><strong>IIugo</strong></span> <span class='ocrx_word' id='word_1_185' title='bbox 882 1753 948 1808; x_wconf 90' lang='lat' dir='ltr'><strong>de</strong></span> <span class='ocrx_word' id='word_1_186' title='bbox 971 1753 1222 1809; x_wconf 83' lang='lat' dir='ltr'><strong>Gornaeo</strong></span> <span class='ocrx_word' id='word_1_187' title='bbox 1278 1752 1634 1818; x_wconf 81' lang='lat' dir='ltr'><strong>impressione</strong></span> <span class='ocrx_word' id='word_1_188' title='bbox 1658 1752 1814 1822; x_wconf 82' lang='lat' dir='ltr'><strong>sigilli</strong></span> <span class='ocrx_word' id='word_1_189' title='bbox 1849 1753 1975 1814; x_wconf 91' lang='lat' dir='ltr'><strong>mei,</strong></span> <span class='ocrx_word' id='word_1_190' title='bbox 2009 1768 2142 1806; x_wconf 91' lang='lat' dir='ltr'><strong>con-</strong></span> <span class='ocrx_word' id='word_1_191' title='bbox 2177 1733 2217 1791; x_wconf 73' lang='grc' dir='ltr'><strong>Β</strong></span> <span class='ocrx_word' id='word_1_192' title='bbox 2317 1756 2456 1811; x_wconf 75' lang='lat' dir='ltr'><strong>XXI.</strong></span> <span class='ocrx_word' id='word_1_193' title='bbox 2509 1756 2664 1827; x_wconf 82' lang='lat' dir='ltr'><strong>[Iugo</strong></span> <span class='ocrx_word' id='word_1_194' title='bbox 2708 1757 2794 1821; x_wconf 96' lang='lat' dir='ltr'><strong>III,</strong></span> <span class='ocrx_word' id='word_1_195' title='bbox 2845 1766 3202 1826; x_wconf 80' lang='lat' dir='ltr'><strong>cognomento</strong></span> <span class='ocrx_word' id='word_1_196' title='bbox 3233 1756 3468 1826; x_wconf 79' lang='lat' dir='ltr'><strong>Pauper,</strong></span> <span class='ocrx_word' id='word_1_197' title='bbox 3506 1769 3540 1810; x_wconf 88' lang='lat' dir='ltr'><strong>e</strong></span> <span class='ocrx_word' id='word_1_198' title='bbox 3570 1755 3813 1810; x_wconf 79' lang='lat' dir='ltr'><strong>ditissima</strong></span> 
     </span>
    </p>
   </div>
   <div class='ocr_carea' id='block_1_34' title="bbox 564 1843 2140 1914">
    <p class='ocr_par' dir='ltr' id='par_1_34' title="bbox 564 1843 2140 1914">
     <span class='ocr_line' id='line_1_34' title="bbox 564 1843 2140 1914; baseline -0.002 -15"><span class='ocrx_word' id='word_1_199' title='bbox 564 1846 721 1900; x_wconf 90' lang='lat' dir='ltr'><strong>ﬁrmo</strong></span> <span class='ocrx_word' id='word_1_200' title='bbox 747 1861 936 1900; x_wconf 89' lang='lat' dir='ltr'><strong>omnes</strong></span> <span class='ocrx_word' id='word_1_201' title='bbox 960 1845 1334 1914; x_wconf 83' lang='lat' dir='ltr'><strong>eleemosynas</strong></span> <span class='ocrx_word' id='word_1_202' title='bbox 1371 1843 1436 1895; x_wconf 91' lang='lat' dir='ltr'><strong>de</strong></span> <span class='ocrx_word' id='word_1_203' title='bbox 1464 1843 1716 1897; x_wconf 91' lang='lat' dir='ltr'><strong>domanio</strong></span> <span class='ocrx_word' id='word_1_204' title='bbox 1754 1858 1872 1897; x_wconf 86' lang='lat' dir='ltr'><strong>meo</strong></span> <span class='ocrx_word' id='word_1_205' title='bbox 1903 1845 2140 1911; x_wconf 85' lang='lat' dir='ltr'><strong>proprio,</strong></span> 
     </span>
    </p>
   </div>
   <div class='ocr_carea' id='block_1_35' title="bbox 571 1934 2142 2008">
    <p class='ocr_par' dir='ltr' id='par_1_35' title="bbox 571 1934 2142 2008">
     <span class='ocr_line' id='line_1_35' title="bbox 571 1934 2142 2008; baseline -0.005 -16"><span class='ocrx_word' id='word_1_206' title='bbox 571 1949 679 1992; x_wconf 91' lang='lat' dir='ltr'><strong>tam</strong></span> <span class='ocrx_word' id='word_1_207' title='bbox 741 1939 793 1992; x_wconf 92' lang='lat' dir='ltr'><strong>in</strong></span> <span class='ocrx_word' id='word_1_208' title='bbox 841 1937 1050 2008; x_wconf 83' lang='lat' dir='ltr'><strong>Anglia,</strong></span> <span class='ocrx_word' id='word_1_209' title='bbox 1106 1953 1265 2005; x_wconf 89' lang='lat' dir='ltr'><strong>quam</strong></span> <span class='ocrx_word' id='word_1_210' title='bbox 1314 1937 1363 1989; x_wconf 93' lang='lat' dir='ltr'><strong>in</strong></span> <span class='ocrx_word' id='word_1_211' title='bbox 1395 1935 1785 1989; x_wconf 85' lang='lat' dir='ltr'><strong>Northmannia</strong></span> <span class='ocrx_word' id='word_1_212' title='bbox 1810 1947 1865 1988; x_wconf 94' lang='lat' dir='ltr'><strong>et</strong></span> <span class='ocrx_word' id='word_1_213' title='bbox 1889 1934 2142 1997; x_wconf 86' lang='lat' dir='ltr'><strong>Francia,</strong></span> 
     </span>
    </p>
   </div>
   <div class='ocr_carea' id='block_1_36' title="bbox 568 2029 2139 2100">
    <p class='ocr_par' dir='ltr' id='par_1_36' title="bbox 568 2029 2139 2100">
     <span class='ocr_line' id='line_1_36' title="bbox 568 2029 2139 2100; baseline 0 -18"><span class='ocrx_word' id='word_1_214' title='bbox 568 2048 702 2100; x_wconf 87' lang='lat' dir='ltr'><strong>quas</strong></span> <span class='ocrx_word' id='word_1_215' title='bbox 749 2032 868 2086; x_wconf 84' lang='lat' dir='ltr'><strong>dedi</strong></span> <span class='ocrx_word' id='word_1_216' title='bbox 921 2031 1165 2086; x_wconf 58' lang='grc' dir='ltr'><strong>ρει-108100</strong></span> <span class='ocrx_word' id='word_1_217' title='bbox 1206 2033 1346 2086; x_wconf 64' lang='lat' dir='ltr'><strong>beati</strong></span> <span class='ocrx_word' id='word_1_218' title='bbox 1381 2031 1660 2086; x_wconf 87' lang='lat' dir='ltr'><strong>Gercmari</strong></span> <span class='ocrx_word' id='word_1_219' title='bbox 1698 2030 1764 2083; x_wconf 90' lang='lat' dir='ltr'><strong>de</strong></span> <span class='ocrx_word' id='word_1_220' title='bbox 1796 2029 2055 2085; x_wconf 87' lang='lat' dir='ltr'><strong>Flaviaco</strong></span> <span class='ocrx_word' id='word_1_221' title='bbox 2090 2031 2139 2082; x_wconf 88' lang='lat' dir='ltr'><strong>in</strong></span> 
     </span>
    </p>
   </div>
   <div class='ocr_carea' id='block_1_37' title="bbox 567 2120 2146 2191">
    <p class='ocr_par' dir='ltr' id='par_1_37' title="bbox 567 2120 2146 2191">
     <span class='ocr_line' id='line_1_37' title="bbox 567 2120 2146 2191; baseline 0.001 -19"><span class='ocrx_word' id='word_1_222' title='bbox 567 2131 908 2191; x_wconf 89' lang='lat' dir='ltr'><strong>perpetuum.</strong></span> <span class='ocrx_word' id='word_1_223' title='bbox 950 2121 1176 2191; x_wconf 88' lang='lat' dir='ltr'><strong>Insuper</strong></span> <span class='ocrx_word' id='word_1_224' title='bbox 1229 2122 1363 2176; x_wconf 89' lang='lat' dir='ltr'><strong>alias</strong></span> <span class='ocrx_word' id='word_1_225' title='bbox 1393 2137 1581 2176; x_wconf 89' lang='lat' dir='ltr'><strong>omnes</strong></span> <span class='ocrx_word' id='word_1_226' title='bbox 1605 2120 2000 2190; x_wconf 86' lang='lat' dir='ltr'><strong>cleemos-ynas,</strong></span> <span class='ocrx_word' id='word_1_227' title='bbox 2026 2135 2146 2188; x_wconf 77' lang='lat' dir='ltr'><strong>qum</strong></span> 
     </span>
    </p>
   </div>
   <div class='ocr_carea' id='block_1_38' title="bbox 565 2211 2148 2284">
    <p class='ocr_par' dir='ltr' id='par_1_38' title="bbox 565 2211 2148 2284">
     <span class='ocr_line' id='line_1_38' title="bbox 565 2211 2148 2284; baseline -0.003 -16"><span class='ocrx_word' id='word_1_228' title='bbox 565 2223 693 2268; x_wconf 84' lang='lat' dir='ltr'><strong>sunt</strong></span> <span class='ocrx_word' id='word_1_229' title='bbox 721 2214 772 2267; x_wconf 93' lang='lat' dir='ltr'><strong>in</strong></span> <span class='ocrx_word' id='word_1_230' title='bbox 806 2214 985 2277; x_wconf 88' lang='lat' dir='ltr'><strong>feodo,</strong></span> <span class='ocrx_word' id='word_1_231' title='bbox 1017 2224 1070 2268; x_wconf 85' lang='lat' dir='ltr'><strong>et</strong></span> <span class='ocrx_word' id='word_1_232' title='bbox 1109 2215 1158 2268; x_wconf 91' lang='lat' dir='ltr'><strong>in</strong></span> <span class='ocrx_word' id='word_1_233' title='bbox 1189 2215 1530 2284; x_wconf 89' lang='lat' dir='ltr'><strong>protectione</strong></span> <span class='ocrx_word' id='word_1_234' title='bbox 1554 2228 1694 2276; x_wconf 90' lang='lat' dir='ltr'><strong>mea,</strong></span> <span class='ocrx_word' id='word_1_235' title='bbox 1719 2227 1856 2281; x_wconf 89' lang='lat' dir='ltr'><strong>quas</strong></span> <span class='ocrx_word' id='word_1_236' title='bbox 1899 2211 2148 2266; x_wconf 89' lang='lat' dir='ltr'><strong>homines</strong></span> 
     </span>
    </p>
   </div>
   <div class='ocr_carea' id='block_1_39' title="bbox 569 2301 2150 2374">
    <p class='ocr_par' dir='ltr' id='par_1_39' title="bbox 569 2301 2150 2374">
     <span class='ocr_line' id='line_1_39' title="bbox 569 2301 2150 2374; baseline 0 -18"><span class='ocrx_word' id='word_1_237' title='bbox 569 2305 673 2358; x_wconf 63' lang='lat' dir='ltr'><strong>inci</strong></span> <span class='ocrx_word' id='word_1_238' title='bbox 700 2304 875 2358; x_wconf 88' lang='lat' dir='ltr'><strong>eidem</strong></span> <span class='ocrx_word' id='word_1_239' title='bbox 902 2305 1148 2359; x_wconf 73' lang='lat' dir='ltr'><strong>ecclesia:</strong></span> <span class='ocrx_word' id='word_1_240' title='bbox 1187 2306 1527 2359; x_wconf 87' lang='lat' dir='ltr'><strong>donaverunt</strong></span> <span class='ocrx_word' id='word_1_241' title='bbox 1556 2313 1609 2358; x_wconf 87' lang='lat' dir='ltr'><strong>et</strong></span> <span class='ocrx_word' id='word_1_242' title='bbox 1659 2305 1956 2358; x_wconf 89' lang='lat' dir='ltr'><strong>donabunt.</strong></span> <span class='ocrx_word' id='word_1_243' title='bbox 1985 2301 2150 2374; x_wconf 78' lang='lat'><strong>606</strong></span> 
     </span>
    </p>
   </div>
   <div class='ocr_carea' id='block_1_40' title="bbox 566 2395 2147 2464">
    <p class='ocr_par' dir='ltr' id='par_1_40' title="bbox 566 2395 2147 2464">
     <span class='ocr_line' id='line_1_40' title="bbox 566 2395 2147 2464; baseline -0.001 -16"><span class='ocrx_word' id='word_1_244' title='bbox 566 2397 758 2450; x_wconf 57' lang='lat' dir='ltr'><strong>adhuc</strong></span> <span class='ocrx_word' id='word_1_245' title='bbox 782 2411 911 2450; x_wconf 83' lang='lat' dir='ltr'><strong>vero</strong></span> <span class='ocrx_word' id='word_1_246' title='bbox 939 2396 1240 2451; x_wconf 87' lang='lat' dir='ltr'><strong>libertatem</strong></span> <span class='ocrx_word' id='word_1_247' title='bbox 1271 2397 1592 2450; x_wconf 85' lang='lat' dir='ltr'><strong>famulorum</strong></span> <span class='ocrx_word' id='word_1_248' title='bbox 1615 2395 1853 2464; x_wconf 83' lang='lat' dir='ltr'><strong>ejusdem</strong></span> <span class='ocrx_word' id='word_1_249' title='bbox 1884 2395 2147 2456; x_wconf 80' lang='lat' dir='ltr'><strong>ecclesiae,</strong></span> 
     </span>
    </p>
   </div>
   <div class='ocr_carea' id='block_1_41' title="bbox 568 2480 2152 2554">
    <p class='ocr_par' dir='ltr' id='par_1_41' title="bbox 568 2480 2152 2554">
     <span class='ocr_line' id='line_1_41' title="bbox 568 2480 2152 2554; baseline 0.001 -20"><span class='ocrx_word' id='word_1_250' title='bbox 568 2485 658 2552; x_wconf 77' lang='lat' dir='ltr'><strong>qui</strong></span> <span class='ocrx_word' id='word_1_251' title='bbox 683 2485 1021 2554; x_wconf 80' lang='lat' dir='ltr'><strong>negationem</strong></span> <span class='ocrx_word' id='word_1_252' title='bbox 1049 2502 1153 2540; x_wconf 93' lang='lat' dir='ltr'><strong>non</strong></span> <span class='ocrx_word' id='word_1_253' title='bbox 1185 2485 1454 2550; x_wconf 87' lang='lat' dir='ltr'><strong>fecerunt,</strong></span> <span class='ocrx_word' id='word_1_254' title='bbox 1480 2484 1728 2539; x_wconf 89' lang='lat' dir='ltr'><strong>similiter</strong></span> <span class='ocrx_word' id='word_1_255' title='bbox 1753 2483 2010 2536; x_wconf 87' lang='lat' dir='ltr'><strong>concedo.</strong></span> <span class='ocrx_word' id='word_1_256' title='bbox 2041 2480 2152 2535; x_wconf 80' lang='lat' dir='ltr'><strong>Hoc</strong></span> 
     </span>
    </p>
   </div>
   <div class='ocr_carea' id='block_1_42' title="bbox 569 2575 2152 2647">
    <p class='ocr_par' dir='ltr' id='par_1_42' title="bbox 569 2575 2152 2647">
     <span class='ocr_line' id='line_1_42' title="bbox 569 2575 2152 2647; baseline -0.001 -17"><span class='ocrx_word' id='word_1_257' title='bbox 569 2587 630 2630; x_wconf 94' lang='lat' dir='ltr'><strong>ut</strong></span> <span class='ocrx_word' id='word_1_258' title='bbox 661 2589 832 2631; x_wconf 90' lang='lat' dir='ltr'><strong>ratum</strong></span> <span class='ocrx_word' id='word_1_259' title='bbox 882 2579 1219 2647; x_wconf 87' lang='lat' dir='ltr'><strong>permaneat,</strong></span> <span class='ocrx_word' id='word_1_260' title='bbox 1275 2577 1451 2646; x_wconf 73' lang='lat' dir='ltr'><strong>sigillo</strong></span> <span class='ocrx_word' id='word_1_261' title='bbox 1507 2592 1648 2639; x_wconf 89' lang='lat' dir='ltr'><strong>meo,</strong></span> <span class='ocrx_word' id='word_1_262' title='bbox 1689 2585 1744 2629; x_wconf 90' lang='lat' dir='ltr'><strong>et</strong></span> <span class='ocrx_word' id='word_1_263' title='bbox 1773 2575 1990 2628; x_wconf 70' lang='lat' dir='ltr'><strong>testium</strong></span> <span class='ocrx_word' id='word_1_264' title='bbox 2023 2575 2152 2628; x_wconf 81' lang='lat' dir='ltr'><strong>sub-</strong></span> 
     </span>
    </p>
   </div>
   <div class='ocr_carea' id='block_1_43' title="bbox 571 2663 2152 2737">
    <p class='ocr_par' dir='ltr' id='par_1_43' title="bbox 571 2663 2152 2737">
     <span class='ocr_line' id='line_1_43' title="bbox 571 2663 2152 2737; baseline -0.001 -17"><span class='ocrx_word' id='word_1_265' title='bbox 571 2667 866 2737; x_wconf 74' lang='lat' dir='ltr'><strong>scriptione</strong></span> <span class='ocrx_word' id='word_1_266' title='bbox 894 2667 1206 2724; x_wconf 88' lang='lat' dir='ltr'><strong>eorroboro.</strong></span> <span class='ocrx_word' id='word_1_267' title='bbox 1236 2667 1426 2722; x_wconf 86' lang='lat' dir='ltr'><strong>Testes</strong></span> <span class='ocrx_word' id='word_1_268' title='bbox 1454 2676 1576 2720; x_wconf 89' lang='lat' dir='ltr'><strong>sunt</strong></span> <span class='ocrx_word' id='word_1_269' title='bbox 1599 2666 1837 2722; x_wconf 87' lang='lat' dir='ltr'><strong>Joannes</strong></span> <span class='ocrx_word' id='word_1_270' title='bbox 1867 2665 1932 2719; x_wconf 91' lang='lat' dir='ltr'><strong>de</strong></span> <span class='ocrx_word' id='word_1_271' title='bbox 1975 2663 2152 2718; x_wconf 88' lang='lat' dir='ltr'><strong>Iloda-</strong></span> 
     </span>
    </p>
   </div>
   <div class='ocr_carea' id='block_1_44' title="bbox 573 2765 864 2821">
    <p class='ocr_par' dir='ltr' id='par_1_44' title="bbox 573 2765 864 2821">
     <span class='ocr_line' id='line_1_44' title="bbox 573 2765 864 2821; baseline 0.003 -11"><span class='ocrx_word' id='word_1_272' title='bbox 573 2771 662 2821; x_wconf 80' lang='lat' dir='ltr'><strong>ne,</strong></span> <span class='ocrx_word' id='word_1_273' title='bbox 701 2775 718 2807; x_wconf 80' lang='grc' dir='ltr'>ι</span> <span class='ocrx_word' id='word_1_274' title='bbox 759 2765 864 2811; x_wconf 86' lang='lat' dir='ltr'><strong>etc.</strong></span> 
     </span>
    </p>
   </div>
   <div class='ocr_carea' id='block_1_45' title="bbox 646 2845 2154 2917">
    <p class='ocr_par' dir='ltr' id='par_1_45' title="bbox 646 2845 2154 2917">
     <span class='ocr_line' id='line_1_45' title="bbox 646 2845 2154 2917; baseline -0.001 -17"><span class='ocrx_word' id='word_1_275' title='bbox 646 2846 792 2902; x_wconf 86' lang='lat' dir='ltr'><strong>Lites</strong></span> <span class='ocrx_word' id='word_1_276' title='bbox 821 2863 941 2917; x_wconf 72' lang='lat' dir='ltr'><strong>qua:</strong></span> <span class='ocrx_word' id='word_1_277' title='bbox 971 2849 1206 2903; x_wconf 73' lang='lat' dir='ltr'><strong>subortzc</strong></span> <span class='ocrx_word' id='word_1_278' title='bbox 1236 2847 1451 2903; x_wconf 89' lang='lat' dir='ltr'><strong>fuerant</strong></span> <span class='ocrx_word' id='word_1_279' title='bbox 1479 2847 1620 2900; x_wconf 90' lang='lat' dir='ltr'><strong>inter</strong></span> <span class='ocrx_word' id='word_1_280' title='bbox 1649 2845 1948 2899; x_wconf 89' lang='lat' dir='ltr'><strong>monachos</strong></span> <span class='ocrx_word' id='word_1_281' title='bbox 1975 2845 2154 2898; x_wconf 82' lang='lat' dir='ltr'><strong>diver-</strong></span> 
     </span>
    </p>
   </div>
   <div class='ocr_carea' id='block_1_46' title="bbox 573 2937 2154 3011">
    <p class='ocr_par' dir='ltr' id='par_1_46' title="bbox 573 2937 2154 3011">
     <span class='ocr_line' id='line_1_46' title="bbox 573 2937 2154 3011; baseline -0.003 -17"><span class='ocrx_word' id='word_1_282' title='bbox 573 2954 755 2994; x_wconf 87' lang='lat' dir='ltr'><strong>sorum</strong></span> <span class='ocrx_word' id='word_1_283' title='bbox 798 2941 1276 3005; x_wconf 87' lang='lat' dir='ltr'><strong>monasteriorum,</strong></span> <span class='ocrx_word' id='word_1_284' title='bbox 1324 2956 1423 3011; x_wconf 91' lang='lat' dir='ltr'><strong>pro</strong></span> <span class='ocrx_word' id='word_1_285' title='bbox 1485 2955 1642 3009; x_wconf 87' lang='lat' dir='ltr'><strong>posse</strong></span> <span class='ocrx_word' id='word_1_286' title='bbox 1690 2937 1781 3007; x_wconf 83' lang='lat' dir='ltr'><strong>(ad</strong></span> <span class='ocrx_word' id='word_1_287' title='bbox 1819 2939 1918 2992; x_wconf 93' lang='lat' dir='ltr'><strong>hoc</strong></span> <span class='ocrx_word' id='word_1_288' title='bbox 1963 2938 2154 2991; x_wconf 86' lang='lat' dir='ltr'><strong>charta</strong></span> 
     </span>
    </p>
   </div>
   <div class='ocr_carea' id='block_1_47' title="bbox 571 3027 2154 3098">
    <p class='ocr_par' dir='ltr' id='par_1_47' title="bbox 571 3027 2154 3098">
     <span class='ocr_line' id='line_1_47' title="bbox 571 3027 2154 3098; baseline -0.001 -15"><span class='ocrx_word' id='word_1_289' title='bbox 571 3027 842 3098; x_wconf 88' lang='lat' dir='ltr'><strong>confecta)</strong></span> <span class='ocrx_word' id='word_1_290' title='bbox 873 3031 1091 3085; x_wconf 89' lang='lat' dir='ltr'><strong>diremit</strong></span> <span class='ocrx_word' id='word_1_291' title='bbox 1122 3030 1411 3085; x_wconf 90' lang='lat' dir='ltr'><strong>Fulbertus</strong></span> <span class='ocrx_word' id='word_1_292' title='bbox 1433 3031 1602 3085; x_wconf 90' lang='lat' dir='ltr'><strong>abbas</strong></span> <span class='ocrx_word' id='word_1_293' title='bbox 1631 3044 1644 3082; x_wconf 89' lang='lat'><strong>:</strong></span> <span class='ocrx_word' id='word_1_294' title='bbox 1683 3048 1700 3080; x_wconf 71' lang='grc' dir='ltr'>ι</span> <span class='ocrx_word' id='word_1_295' title='bbox 1745 3027 1821 3082; x_wconf 83' lang='lat' dir='ltr'><strong>Ne</strong></span> <span class='ocrx_word' id='word_1_296' title='bbox 1847 3029 1986 3084; x_wconf 88' lang='lat' dir='ltr'><strong>inter</strong></span> <span class='ocrx_word' id='word_1_297' title='bbox 2015 3028 2154 3082; x_wconf 86' lang='lat' dir='ltr'><strong>ﬁlios</strong></span> 
     </span>
    </p>
   </div>
   <div class='ocr_carea' id='block_1_48' title="bbox 574 3119 2152 3193">
    <p class='ocr_par' dir='ltr' id='par_1_48' title="bbox 574 3119 2152 3193">
     <span class='ocr_line' id='line_1_48' title="bbox 574 3119 2152 3193; baseline -0.003 -17"><span class='ocrx_word' id='word_1_298' title='bbox 574 3122 744 3190; x_wconf 90' lang='lat' dir='ltr'><strong>pacis,</strong></span> <span class='ocrx_word' id='word_1_299' title='bbox 787 3123 1082 3192; x_wconf 87' lang='lat' dir='ltr'><strong>inquiebat,</strong></span> <span class='ocrx_word' id='word_1_300' title='bbox 1112 3139 1239 3193; x_wconf 78' lang='lat' dir='ltr'><strong>pax,</strong></span> <span class='ocrx_word' id='word_1_301' title='bbox 1282 3139 1386 3192; x_wconf 88' lang='lat' dir='ltr'><strong>qua</strong></span> <span class='ocrx_word' id='word_1_302' title='bbox 1414 3122 1547 3176; x_wconf 88' lang='lat' dir='ltr'><strong>nihil</strong></span> <span class='ocrx_word' id='word_1_303' title='bbox 1581 3121 1774 3175; x_wconf 89' lang='lat' dir='ltr'><strong>melius</strong></span> <span class='ocrx_word' id='word_1_304' title='bbox 1796 3129 1898 3183; x_wconf 91' lang='lat' dir='ltr'><strong>est,</strong></span> <span class='ocrx_word' id='word_1_305' title='bbox 1934 3120 2024 3174; x_wconf 92' lang='lat' dir='ltr'><strong>lite</strong></span> <span class='ocrx_word' id='word_1_306' title='bbox 2051 3119 2152 3173; x_wconf 90' lang='lat' dir='ltr'><strong>ali-</strong></span> 
     </span>
    </p>
   </div>
   <div class='ocr_carea' id='block_1_49' title="bbox 573 3211 2152 3283">
    <p class='ocr_par' dir='ltr' id='par_1_49' title="bbox 573 3211 2152 3283">
     <span class='ocr_line' id='line_1_49' title="bbox 573 3211 2152 3283; baseline -0.001 -17"><span class='ocrx_word' id='word_1_307' title='bbox 573 3214 788 3283; x_wconf 80' lang='lat' dir='ltr'><strong>quando</strong></span> <span class='ocrx_word' id='word_1_308' title='bbox 821 3212 1063 3279; x_wconf 85' lang='lat' dir='ltr'><strong>suborta,</strong></span> <span class='ocrx_word' id='word_1_309' title='bbox 1113 3215 1446 3268; x_wconf 89' lang='lat' dir='ltr'><strong>turbaretur.</strong></span> <span class='ocrx_word' id='word_1_310' title='bbox 1483 3231 1500 3263; x_wconf 69' lang='grc' dir='ltr'><strong>ι</strong></span> <span class='ocrx_word' id='word_1_311' title='bbox 1534 3211 1876 3279; x_wconf 79' lang='lat' dir='ltr'><strong>Ejuscemodi</strong></span> <span class='ocrx_word' id='word_1_312' title='bbox 1904 3213 2152 3266; x_wconf 88' lang='lat' dir='ltr'><strong>chartam</strong></span> 
     </span>
    </p>
   </div>
   <div class='ocr_carea' id='block_1_50' title="bbox 578 3289 2157 3374">
    <p class='ocr_par' dir='ltr' id='par_1_50' title="bbox 578 3289 2157 3374">
     <span class='ocr_line' id='line_1_50' title="bbox 578 3289 2157 3374; baseline 0 -17"><span class='ocrx_word' id='word_1_313' title='bbox 578 3305 886 3358; x_wconf 90' lang='lat' dir='ltr'><strong>nominibus</strong></span> <span class='ocrx_word' id='word_1_314' title='bbox 909 3304 1176 3368; x_wconf 89' lang='lat' dir='ltr'><strong>muniere,</strong></span> <span class='ocrx_word' id='word_1_315' title='bbox 1201 3305 1476 3359; x_wconf 90' lang='lat' dir='ltr'><strong>Theoldus</strong></span> <span class='ocrx_word' id='word_1_316' title='bbox 1498 3289 1672 3374; x_wconf 71' lang='lat' dir='ltr'><strong>prior,</strong></span> <span class='ocrx_word' id='word_1_317' title='bbox 1696 3303 2157 3358; x_wconf 70' lang='lat' dir='ltr'><strong>Lambertussub-</strong></span> 
     </span>
    </p>
   </div>
   <div class='ocr_carea' id='block_1_51' title="bbox 575 3394 2158 3466">
    <p class='ocr_par' dir='ltr' id='par_1_51' title="bbox 575 3394 2158 3466">
     <span class='ocr_line' id='line_1_51' title="bbox 575 3394 2158 3466; baseline 0.001 -18"><span class='ocrx_word' id='word_1_318' title='bbox 575 3397 745 3466; x_wconf 86' lang='lat' dir='ltr'><strong>prior,</strong></span> <span class='ocrx_word' id='word_1_319' title='bbox 775 3394 1078 3450; x_wconf 90' lang='lat' dir='ltr'><strong>Landricus</strong></span> <span class='ocrx_word' id='word_1_320' title='bbox 1107 3405 1322 3462; x_wconf 85' lang='lat' dir='ltr'><strong>cantor,</strong></span> <span class='ocrx_word' id='word_1_321' title='bbox 1349 3395 1462 3451; x_wconf 82' lang='lat' dir='ltr'><strong>Odo</strong></span> <span class='ocrx_word' id='word_1_322' title='bbox 1485 3397 1820 3458; x_wconf 88' lang='lat' dir='ltr'><strong>cellcrarius,</strong></span> <span class='ocrx_word' id='word_1_323' title='bbox 1853 3395 2158 3452; x_wconf 85' lang='lat' dir='ltr'><strong>Walnerins</strong></span> 
     </span>
    </p>
   </div>
   <div class='ocr_carea' id='block_1_52' title="bbox 576 3484 2156 3560">
    <p class='ocr_par' dir='ltr' id='par_1_52' title="bbox 576 3484 2156 3560">
     <span class='ocr_line' id='line_1_52' title="bbox 576 3484 2156 3560; baseline 0 -20"><span class='ocrx_word' id='word_1_324' title='bbox 576 3489 714 3541; x_wconf 89' lang='lat' dir='ltr'><strong>alter</strong></span> <span class='ocrx_word' id='word_1_325' title='bbox 743 3487 1075 3550; x_wconf 76' lang='lat' dir='ltr'><strong>cellenrius,</strong></span> <span class='ocrx_word' id='word_1_326' title='bbox 1129 3487 1320 3542; x_wconf 85' lang='lat' dir='ltr'><strong>Petrus</strong></span> <span class='ocrx_word' id='word_1_327' title='bbox 1354 3498 1536 3542; x_wconf 85' lang='lat' dir='ltr'><strong>arator</strong></span> <span class='ocrx_word' id='word_1_328' title='bbox 1586 3487 1744 3560; x_wconf 81' lang='lat' dir='ltr'><strong>[alias</strong></span> <span class='ocrx_word' id='word_1_329' title='bbox 1780 3484 2156 3557; x_wconf 78' lang='lat' dir='ltr'><strong>Carrucarius]</strong></span> 
     </span>
    </p>
   </div>
   <div class='ocr_carea' id='block_1_53' title="bbox 575 3575 2160 3647">
    <p class='ocr_par' dir='ltr' id='par_1_53' title="bbox 575 3575 2160 3647">
     <span class='ocr_line' id='line_1_53' title="bbox 575 3575 2160 3647; baseline -0.003 -14"><span class='ocrx_word' id='word_1_330' title='bbox 575 3579 762 3633; x_wconf 79' lang='lat' dir='ltr'><strong>Godzo</strong></span> <span class='ocrx_word' id='word_1_331' title='bbox 815 3579 1159 3647; x_wconf 68' lang='lat' dir='ltr'><strong>prarj‘iositns,</strong></span> <span class='ocrx_word' id='word_1_332' title='bbox 1214 3577 1510 3632; x_wconf 85' lang='lat' dir='ltr'><strong>Herbertus</strong></span> <span class='ocrx_word' id='word_1_333' title='bbox 1562 3575 2160 3640; x_wconf 86' lang='lat' dir='ltr'><strong>thesaurarius,Droco</strong></span> 
     </span>
    </p>
   </div>
   <div class='ocr_carea' id='block_1_54' title="bbox 574 3669 1873 3738">
    <p class='ocr_par' dir='ltr' id='par_1_54' title="bbox 574 3669 1873 3738">
     <span class='ocr_line' id='line_1_54' title="bbox 574 3669 1873 3738; baseline 0.001 -17"><span class='ocrx_word' id='word_1_334' title='bbox 574 3671 642 3724; x_wconf 90' lang='lat' dir='ltr'><strong>de</strong></span> <span class='ocrx_word' id='word_1_335' title='bbox 667 3669 1019 3725; x_wconf 81' lang='lat' dir='ltr'><strong>Calvomonte</strong></span> <span class='ocrx_word' id='word_1_336' title='bbox 1047 3669 1244 3738; x_wconf 88' lang='lat' dir='ltr'><strong>aliique</strong></span> <span class='ocrx_word' id='word_1_337' title='bbox 1270 3669 1517 3722; x_wconf 88' lang='lat' dir='ltr'><strong>monachi</strong></span> <span class='ocrx_word' id='word_1_338' title='bbox 1545 3669 1873 3738; x_wconf 87' lang='lat' dir='ltr'><strong>complures.</strong></span> 
     </span>
    </p>
   </div>
   <div class='ocr_carea' id='block_1_55' title="bbox 650 3759 2159 3830">
    <p class='ocr_par' dir='ltr' id='par_1_55' title="bbox 650 3759 2159 3830">
     <span class='ocr_line' id='line_1_55' title="bbox 650 3759 2159 3830; baseline 0 -18"><span class='ocrx_word' id='word_1_339' title='bbox 650 3759 898 3814; x_wconf 79' lang='lat' dir='ltr'><strong>Interfuit</strong></span> <span class='ocrx_word' id='word_1_340' title='bbox 928 3760 1193 3814; x_wconf 83' lang='lat' dir='ltr'><strong>Bellovaci</strong></span> <span class='ocrx_word' id='word_1_341' title='bbox 1233 3760 1520 3814; x_wconf 86' lang='lat' dir='ltr'><strong>couventui</strong></span> <span class='ocrx_word' id='word_1_342' title='bbox 1555 3760 1954 3830; x_wconf 81' lang='lat' dir='ltr'><strong>episcoporum,</strong></span> <span class='ocrx_word' id='word_1_343' title='bbox 1990 3760 2159 3813; x_wconf 86' lang='lat' dir='ltr'><strong>abha-</strong></span> 
     </span>
    </p>
   </div>
   <div class='ocr_carea' id='block_1_56' title="bbox 583 3848 2161 3920">
    <p class='ocr_par' dir='ltr' id='par_1_56' title="bbox 583 3848 2161 3920">
     <span class='ocr_line' id='line_1_56' title="bbox 583 3848 2161 3920; baseline 0 -18"><span class='ocrx_word' id='word_1_344' title='bbox 583 3859 720 3913; x_wconf 93' lang='lat' dir='ltr'><strong>tum,</strong></span> <span class='ocrx_word' id='word_1_345' title='bbox 753 3863 1146 3918; x_wconf 85' lang='lat' dir='ltr'><strong>procerumque</strong></span> <span class='ocrx_word' id='word_1_346' title='bbox 1173 3848 1360 3904; x_wconf 80' lang='lat' dir='ltr'><strong>Galliae</strong></span> <span class='ocrx_word' id='word_1_347' title='bbox 1389 3849 1456 3903; x_wconf 90' lang='lat' dir='ltr'><strong>ab</strong></span> <span class='ocrx_word' id='word_1_348' title='bbox 1487 3849 1758 3906; x_wconf 80' lang='lat' dir='ltr'><strong>Ludovico</strong></span> <span class='ocrx_word' id='word_1_349' title='bbox 1783 3864 1906 3917; x_wconf 71' lang='lat' dir='ltr'><strong>rege</strong></span> <span class='ocrx_word' id='word_1_350' title='bbox 1935 3864 2161 3920; x_wconf 75' lang='lat' dir='ltr'><strong>congre-</strong></span> 
     </span>
    </p>
   </div>
   <div class='ocr_carea' id='block_1_57' title="bbox 581 3939 2162 4011">
    <p class='ocr_par' dir='ltr' id='par_1_57' title="bbox 581 3939 2162 4011">
     <span class='ocr_line' id='line_1_57' title="bbox 581 3939 2162 4011; baseline 0.001 -20"><span class='ocrx_word' id='word_1_351' title='bbox 581 3948 851 4007; x_wconf 81' lang='lat' dir='ltr'><strong>gatorum,</strong></span> <span class='ocrx_word' id='word_1_352' title='bbox 907 3939 998 4008; x_wconf 88' lang='lat' dir='ltr'><strong>qui</strong></span> <span class='ocrx_word' id='word_1_353' title='bbox 1029 3939 1220 4010; x_wconf 76' lang='lat' dir='ltr'><strong>agitari</strong></span> <span class='ocrx_word' id='word_1_354' title='bbox 1269 3949 1506 4011; x_wconf 79' lang='lat' dir='ltr'><strong>rogarat,</strong></span> <span class='ocrx_word' id='word_1_355' title='bbox 1530 3950 1708 3996; x_wconf 90' lang='lat' dir='ltr'><strong>utrum</strong></span> <span class='ocrx_word' id='word_1_356' title='bbox 1746 3940 2049 3995; x_wconf 86' lang='lat' dir='ltr'><strong>Alexander</strong></span> <span class='ocrx_word' id='word_1_357' title='bbox 2094 3954 2162 3993; x_wconf 90' lang='lat' dir='ltr'><strong>an</strong></span> 
     </span>
    </p>
   </div>
   <div class='ocr_carea' id='block_1_58' title="bbox 587 4031 1900 4100">
    <p class='ocr_par' dir='ltr' id='par_1_58' title="bbox 587 4031 1900 4100">
     <span class='ocr_line' id='line_1_58' title="bbox 587 4031 1900 4100; baseline 0.001 -16"><span class='ocrx_word' id='word_1_358' title='bbox 587 4031 769 4084; x_wconf 79' lang='lat' dir='ltr'><strong>Victor</strong></span> <span class='ocrx_word' id='word_1_359' title='bbox 796 4031 848 4085; x_wconf 91' lang='lat' dir='ltr'><strong>in</strong></span> <span class='ocrx_word' id='word_1_360' title='bbox 872 4046 1142 4085; x_wconf 89' lang='lat' dir='ltr'><strong>summum</strong></span> <span class='ocrx_word' id='word_1_361' title='bbox 1172 4032 1480 4100; x_wconf 82' lang='lat' dir='ltr'><strong>pontiﬁcem</strong></span> <span class='ocrx_word' id='word_1_362' title='bbox 1505 4033 1900 4086; x_wconf 84' lang='lat' dir='ltr'><strong>admitteretur.</strong></span> 
     </span>
    </p>
   </div>
   <div class='ocr_carea' id='block_1_59' title="bbox 656 4122 2162 4194">
    <p class='ocr_par' dir='ltr' id='par_1_59' title="bbox 656 4122 2162 4194">
     <span class='ocr_line' id='line_1_59' title="bbox 656 4122 2162 4194; baseline 0.001 -19"><span class='ocrx_word' id='word_1_363' title='bbox 656 4122 941 4178; x_wconf 86' lang='lat' dir='ltr'><strong>Fulbertus</strong></span> <span class='ocrx_word' id='word_1_364' title='bbox 1001 4125 1329 4178; x_wconf 89' lang='lat' dir='ltr'><strong>monasterio</strong></span> <span class='ocrx_word' id='word_1_365' title='bbox 1366 4125 1623 4194; x_wconf 71' lang='lat' dir='ltr'><strong>praeclare</strong></span> <span class='ocrx_word' id='word_1_366' title='bbox 1653 4125 1718 4178; x_wconf 84' lang='lat' dir='ltr'><strong>I9</strong></span> <span class='ocrx_word' id='word_1_367' title='bbox 1747 4125 1906 4178; x_wconf 90' lang='lat' dir='ltr'><strong>annis</strong></span> <span class='ocrx_word' id='word_1_368' title='bbox 1929 4123 2162 4177; x_wconf 88' lang='lat' dir='ltr'><strong>admini-</strong></span> 
     </span>
    </p>
   </div>
   <div class='ocr_carea' id='block_1_60' title="bbox 586 4211 2168 4282">
    <p class='ocr_par' dir='ltr' id='par_1_60' title="bbox 586 4211 2168 4282">
     <span class='ocr_line' id='line_1_60' title="bbox 586 4211 2168 4282; baseline 0 -17"><span class='ocrx_word' id='word_1_369' title='bbox 586 4220 778 4277; x_wconf 87' lang='lat' dir='ltr'><strong>strato,</strong></span> <span class='ocrx_word' id='word_1_370' title='bbox 837 4211 990 4267; x_wconf 70' lang='lat' dir='ltr'><strong>Nono</strong></span> <span class='ocrx_word' id='word_1_371' title='bbox 1040 4211 1158 4265; x_wconf 82' lang='lat' dir='ltr'><strong>Kal.</strong></span> <span class='ocrx_word' id='word_1_372' title='bbox 1222 4212 1344 4267; x_wconf 84' lang='lat' dir='ltr'><strong>Maii</strong></span> <span class='ocrx_word' id='word_1_373' title='bbox 1404 4214 1566 4268; x_wconf 86' lang='lat' dir='ltr'><strong>rebus</strong></span> <span class='ocrx_word' id='word_1_374' title='bbox 1601 4213 1852 4267; x_wconf 90' lang='lat' dir='ltr'><strong>humanis</strong></span> <span class='ocrx_word' id='word_1_375' title='bbox 1883 4222 2168 4282; x_wconf 83' lang='lat' dir='ltr'><strong>exemptus</strong></span> 
     </span>
    </p>
   </div>
   <div class='ocr_carea' id='block_1_61' title="bbox 581 4312 685 4357">
    <p class='ocr_par' dir='ltr' id='par_1_61' title="bbox 581 4312 685 4357">
     <span class='ocr_line' id='line_1_61' title="bbox 581 4312 685 4357; baseline -0.01 0"><span class='ocrx_word' id='word_1_376' title='bbox 581 4312 685 4357; x_wconf 87' lang='lat' dir='ltr'><strong>est.</strong></span> 
     </span>
    </p>
   </div>
   <div class='ocr_carea' id='block_1_62' title="bbox 2245 1848 3814 1918">
    <p class='ocr_par' dir='ltr' id='par_1_62' title="bbox 2245 1848 3814 1918">
     <span class='ocr_line' id='line_1_62' title="bbox 2245 1848 3814 1918; baseline -0.001 -16"><span class='ocrx_word' id='word_1_377' title='bbox 2245 1865 2397 1918; x_wconf 60' lang='grc' dir='ltr'><strong>ωηιιο</strong></span> <span class='ocrx_word' id='word_1_378' title='bbox 2415 1866 2478 1903; x_wconf 92' lang='lat' dir='ltr'><strong>ac</strong></span> <span class='ocrx_word' id='word_1_379' title='bbox 2503 1849 2836 1904; x_wconf 89' lang='lat' dir='ltr'><strong>nob.lissima</strong></span> <span class='ocrx_word' id='word_1_380' title='bbox 2862 1848 3065 1903; x_wconf 86' lang='lat' dir='ltr'><strong>familia</strong></span> <span class='ocrx_word' id='word_1_381' title='bbox 3078 1858 3252 1903; x_wconf 91' lang='lat' dir='ltr'><strong>ortus.</strong></span> <span class='ocrx_word' id='word_1_382' title='bbox 3273 1849 3368 1902; x_wconf 89' lang='lat' dir='ltr'><strong>Sui</strong></span> <span class='ocrx_word' id='word_1_383' title='bbox 3389 1848 3814 1918; x_wconf 80' lang='lat' dir='ltr'><strong>regiminisanuo</strong></span> 
     </span>
    </p>
   </div>
   <div class='ocr_carea' id='block_1_63' title="bbox 2245 1938 3810 2008">
    <p class='ocr_par' dir='ltr' id='par_1_63' title="bbox 2245 1938 3810 2008">
     <span class='ocr_line' id='line_1_63' title="bbox 2245 1938 3810 2008; baseline 0 -17"><span class='ocrx_word' id='word_1_384' title='bbox 2245 1939 2422 2008; x_wconf 89' lang='lat' dir='ltr'><strong>primo</strong></span> <span class='ocrx_word' id='word_1_385' title='bbox 2479 1938 2874 2006; x_wconf 87' lang='lat' dir='ltr'><strong>possessiones,</strong></span> <span class='ocrx_word' id='word_1_386' title='bbox 2920 1941 3113 2007; x_wconf 77' lang='lat' dir='ltr'><strong>qutein</strong></span> <span class='ocrx_word' id='word_1_387' title='bbox 3145 1939 3368 1994; x_wconf 63' lang='lat' dir='ltr'><strong>dioecesi</strong></span> <span class='ocrx_word' id='word_1_388' title='bbox 3405 1938 3810 2008; x_wconf 76' lang='lat' dir='ltr'><strong>Rothomagensi</strong></span> 
     </span>
    </p>
   </div>
   <div class='ocr_carea' id='block_1_64' title="bbox 2246 2026 3810 2098">
    <p class='ocr_par' dir='ltr' id='par_1_64' title="bbox 2246 2026 3810 2098">
     <span class='ocr_line' id='line_1_64' title="bbox 2246 2026 3810 2098; baseline -0.003 -16"><span class='ocrx_word' id='word_1_389' title='bbox 2246 2037 2484 2093; x_wconf 71' lang='lat' dir='ltr'><strong>exstant,</strong></span> <span class='ocrx_word' id='word_1_390' title='bbox 2514 2037 2668 2083; x_wconf 91' lang='lat' dir='ltr'><strong>curat</strong></span> <span class='ocrx_word' id='word_1_391' title='bbox 2701 2030 2769 2083; x_wconf 87' lang='lat' dir='ltr'><strong>ab</strong></span> <span class='ocrx_word' id='word_1_392' title='bbox 2799 2028 3209 2098; x_wconf 85' lang='lat' dir='ltr'><strong>archiepiscopo</strong></span> <span class='ocrx_word' id='word_1_393' title='bbox 3242 2026 3466 2083; x_wconf 84' lang='lat' dir='ltr'><strong>Valtero</strong></span> <span class='ocrx_word' id='word_1_394' title='bbox 3493 2026 3810 2096; x_wconf 81' lang='lat' dir='ltr'><strong>continuari.</strong></span> 
     </span>
    </p>
   </div>
   <div class='ocr_carea' id='block_1_65' title="bbox 2249 2119 3815 2192">
    <p class='ocr_par' dir='ltr' id='par_1_65' title="bbox 2249 2119 3815 2192">
     <span class='ocr_line' id='line_1_65' title="bbox 2249 2119 3815 2192; baseline -0.003 -16"><span class='ocrx_word' id='word_1_395' title='bbox 2249 2123 2468 2192; x_wconf 87' lang='lat' dir='ltr'><strong>Insuper</strong></span> <span class='ocrx_word' id='word_1_396' title='bbox 2493 2138 2521 2174; x_wconf 90' lang='lat' dir='ltr'><strong>a</strong></span> <span class='ocrx_word' id='word_1_397' title='bbox 2558 2122 2828 2175; x_wconf 77' lang='lat' dir='ltr'><strong>Richardo</strong></span> <span class='ocrx_word' id='word_1_398' title='bbox 2855 2121 3151 2192; x_wconf 77' lang='lat' dir='ltr'><strong>Anglorum</strong></span> <span class='ocrx_word' id='word_1_399' title='bbox 3177 2136 3304 2192; x_wconf 82' lang='lat' dir='ltr'><strong>rege</strong></span> <span class='ocrx_word' id='word_1_400' title='bbox 3338 2120 3572 2176; x_wconf 87' lang='lat' dir='ltr'><strong>tutelare</strong></span> <span class='ocrx_word' id='word_1_401' title='bbox 3601 2119 3815 2188; x_wconf 83' lang='lat' dir='ltr'><strong>diploma</strong></span> 
     </span>
    </p>
   </div>
   <div class='ocr_carea' id='block_1_66' title="bbox 2249 2212 3290 2281">
    <p class='ocr_par' dir='ltr' id='par_1_66' title="bbox 2249 2212 3290 2281">
     <span class='ocr_line' id='line_1_66' title="bbox 2249 2212 3290 2281; baseline -0.004 -13"><span class='ocrx_word' id='word_1_402' title='bbox 2249 2221 2572 2268; x_wconf 88' lang='lat' dir='ltr'><strong>consecutus</strong></span> <span class='ocrx_word' id='word_1_403' title='bbox 2599 2220 2700 2277; x_wconf 89' lang='lat' dir='ltr'><strong>est,</strong></span> <span class='ocrx_word' id='word_1_404' title='bbox 2727 2213 2868 2281; x_wconf 91' lang='lat' dir='ltr'><strong>quod</strong></span> <span class='ocrx_word' id='word_1_405' title='bbox 2899 2212 2972 2266; x_wconf 90' lang='lat' dir='ltr'><strong>ita</strong></span> <span class='ocrx_word' id='word_1_406' title='bbox 2999 2227 3058 2267; x_wconf 88' lang='lat' dir='ltr'><strong>se</strong></span> <span class='ocrx_word' id='word_1_407' title='bbox 3083 2212 3252 2266; x_wconf 85' lang='lat' dir='ltr'><strong>habet</strong></span> <span class='ocrx_word' id='word_1_408' title='bbox 3276 2229 3290 2264; x_wconf 91' lang='lat'><strong>:</strong></span> 
     </span>
    </p>
   </div>
   <div class='ocr_carea' id='block_1_67' title="bbox 2323 2299 3816 2373">
    <p class='ocr_par' dir='ltr' id='par_1_67' title="bbox 2323 2299 3816 2373">
     <span class='ocr_line' id='line_1_67' title="bbox 2323 2299 3816 2373; baseline -0.001 -18"><span class='ocrx_word' id='word_1_409' title='bbox 2323 2324 2340 2355; x_wconf 78' lang='grc' dir='ltr'>ι</span> <span class='ocrx_word' id='word_1_410' title='bbox 2391 2304 2690 2358; x_wconf 68' lang='lat' dir='ltr'><strong>Ilii-bardus</strong></span> <span class='ocrx_word' id='word_1_411' title='bbox 2713 2303 2803 2358; x_wconf 90' lang='lat' dir='ltr'><strong>Dei</strong></span> <span class='ocrx_word' id='word_1_412' title='bbox 2837 2304 3008 2373; x_wconf 76' lang='lat' dir='ltr'><strong>gratia</strong></span> <span class='ocrx_word' id='word_1_413' title='bbox 3037 2318 3130 2357; x_wconf 74' lang='lat' dir='ltr'><strong>rex</strong></span> <span class='ocrx_word' id='word_1_414' title='bbox 3149 2303 3473 2373; x_wconf 76' lang='lat' dir='ltr'><strong>Anglorum.</strong></span> <span class='ocrx_word' id='word_1_415' title='bbox 3503 2301 3612 2354; x_wconf 72' lang='lat' dir='ltr'><strong>dux</strong></span> <span class='ocrx_word' id='word_1_416' title='bbox 3639 2299 3816 2354; x_wconf 77' lang='lat' dir='ltr'><strong>Nnrzh—</strong></span> 
     </span>
    </p>
   </div>
   <div class='ocr_carea' id='block_1_68' title="bbox 2252 2391 3819 2462">
    <p class='ocr_par' dir='ltr' id='par_1_68' title="bbox 2252 2391 3819 2462">
     <span class='ocr_line' id='line_1_68' title="bbox 2252 2391 3819 2462; baseline -0.002 -16"><span class='ocrx_word' id='word_1_417' title='bbox 2252 2395 2512 2456; x_wconf 83' lang='lat' dir='ltr'><strong>mann&#39;ne,</strong></span> <span class='ocrx_word' id='word_1_418' title='bbox 2564 2391 2890 2462; x_wconf 68' lang='lat' dir='ltr'><strong>Aquitanae,</strong></span> <span class='ocrx_word' id='word_1_419' title='bbox 2947 2409 3129 2447; x_wconf 82' lang='lat' dir='ltr'><strong>centes</strong></span> <span class='ocrx_word' id='word_1_420' title='bbox 3165 2392 3612 2462; x_wconf 76' lang='lat' dir='ltr'><strong>Andegavensis,</strong></span> <span class='ocrx_word' id='word_1_421' title='bbox 3658 2393 3819 2444; x_wconf 83' lang='lat' dir='ltr'><strong>archi-</strong></span> 
     </span>
    </p>
   </div>
   <div class='ocr_carea' id='block_1_69' title="bbox 2250 2482 3817 2554">
    <p class='ocr_par' dir='ltr' id='par_1_69' title="bbox 2250 2482 3817 2554">
     <span class='ocr_line' id='line_1_69' title="bbox 2250 2482 3817 2554; baseline -0.002 -16"><span class='ocrx_word' id='word_1_422' title='bbox 2250 2484 2535 2553; x_wconf 86' lang='lat' dir='ltr'><strong>episcopis,</strong></span> <span class='ocrx_word' id='word_1_423' title='bbox 2553 2483 2837 2554; x_wconf 85' lang='lat' dir='ltr'><strong>episcopis,</strong></span> <span class='ocrx_word' id='word_1_424' title='bbox 2851 2483 3154 2548; x_wconf 87' lang='lat' dir='ltr'><strong>abbatibus,</strong></span> <span class='ocrx_word' id='word_1_425' title='bbox 3169 2483 3484 2545; x_wconf 86' lang='lat' dir='ltr'><strong>comitibus,</strong></span> <span class='ocrx_word' id='word_1_426' title='bbox 3496 2482 3817 2552; x_wconf 84' lang='lat' dir='ltr'><strong>justiciariis,</strong></span> 
     </span>
    </p>
   </div>
   <div class='ocr_carea' id='block_1_70' title="bbox 2251 2573 3820 2641">
    <p class='ocr_par' dir='ltr' id='par_1_70' title="bbox 2251 2573 3820 2641">
     <span class='ocr_line' id='line_1_70' title="bbox 2251 2573 3820 2641; baseline -0.002 -11"><span class='ocrx_word' id='word_1_427' title='bbox 2251 2587 2304 2630; x_wconf 93' lang='lat' dir='ltr'><strong>ct</strong></span> <span class='ocrx_word' id='word_1_428' title='bbox 2353 2577 2722 2641; x_wconf 86' lang='lat' dir='ltr'><strong>vicumitibus,</strong></span> <span class='ocrx_word' id='word_1_429' title='bbox 2781 2576 3068 2640; x_wconf 90' lang='lat' dir='ltr'><strong>ministris,</strong></span> <span class='ocrx_word' id='word_1_430' title='bbox 3115 2583 3172 2629; x_wconf 89' lang='lat' dir='ltr'><strong>et</strong></span> <span class='ocrx_word' id='word_1_431' title='bbox 3227 2575 3485 2629; x_wconf 90' lang='lat' dir='ltr'><strong>omnibus</strong></span> <span class='ocrx_word' id='word_1_432' title='bbox 3518 2573 3820 2637; x_wconf 79' lang='lat' dir='ltr'><strong>ba!livis,ct</strong></span> 
     </span>
    </p>
   </div>
   <div class='ocr_carea' id='block_1_71' title="bbox 2255 2667 3819 2731">
    <p class='ocr_par' dir='ltr' id='par_1_71' title="bbox 2255 2667 3819 2731">
     <span class='ocr_line' id='line_1_71' title="bbox 2255 2667 3819 2731; baseline -0.002 -9"><span class='ocrx_word' id='word_1_433' title='bbox 2255 2668 2502 2722; x_wconf 86' lang='lat' dir='ltr'><strong>ﬁdelibus</strong></span> <span class='ocrx_word' id='word_1_434' title='bbox 2550 2668 2684 2731; x_wconf 89' lang='lat' dir='ltr'><strong>suis,</strong></span> <span class='ocrx_word' id='word_1_435' title='bbox 2741 2668 2905 2722; x_wconf 92' lang='lat' dir='ltr'><strong>totius</strong></span> <span class='ocrx_word' id='word_1_436' title='bbox 2961 2677 3119 2722; x_wconf 60' lang='lat' dir='ltr'><strong>terra:</strong></span> <span class='ocrx_word' id='word_1_437' title='bbox 3169 2683 3300 2731; x_wconf 70' lang='lat' dir='ltr'><strong>sure,</strong></span> <span class='ocrx_word' id='word_1_438' title='bbox 3346 2668 3605 2722; x_wconf 88' lang='lat' dir='ltr'><strong>salutem.</strong></span> <span class='ocrx_word' id='word_1_439' title='bbox 3638 2667 3819 2722; x_wconf 83' lang='lat' dir='ltr'><strong>Sciatis</strong></span> 
     </span>
    </p>
   </div>
   <div class='ocr_carea' id='block_1_72' title="bbox 2253 2758 3822 2829">
    <p class='ocr_par' dir='ltr' id='par_1_72' title="bbox 2253 2758 3822 2829">
     <span class='ocr_line' id='line_1_72' title="bbox 2253 2758 3822 2829; baseline 0.001 -17"><span class='ocrx_word' id='word_1_440' title='bbox 2253 2759 2398 2829; x_wconf 90' lang='lat' dir='ltr'><strong>quod</strong></span> <span class='ocrx_word' id='word_1_441' title='bbox 2457 2758 2696 2824; x_wconf 89' lang='lat' dir='ltr'><strong>abbatia,</strong></span> <span class='ocrx_word' id='word_1_442' title='bbox 2748 2758 2938 2823; x_wconf 88' lang='lat' dir='ltr'><strong>abbas,</strong></span> <span class='ocrx_word' id='word_1_443' title='bbox 2975 2767 3029 2812; x_wconf 90' lang='lat' dir='ltr'><strong>et</strong></span> <span class='ocrx_word' id='word_1_444' title='bbox 3059 2759 3312 2814; x_wconf 84' lang='lat' dir='ltr'><strong>monachi</strong></span> <span class='ocrx_word' id='word_1_445' title='bbox 3341 2760 3410 2814; x_wconf 92' lang='lat' dir='ltr'><strong>de</strong></span> <span class='ocrx_word' id='word_1_446' title='bbox 3440 2759 3645 2814; x_wconf 90' lang='lat' dir='ltr'><strong>Sancto</strong></span> <span class='ocrx_word' id='word_1_447' title='bbox 3681 2758 3822 2814; x_wconf 70' lang='lat' dir='ltr'><strong>Gcre</strong></span> 
     </span>
    </p>
   </div>
   <div class='ocr_carea' id='block_1_73' title="bbox 2255 2849 3820 2920">
    <p class='ocr_par' dir='ltr' id='par_1_73' title="bbox 2255 2849 3820 2920">
     <span class='ocr_line' id='line_1_73' title="bbox 2255 2849 3820 2920; baseline 0.002 -17"><span class='ocrx_word' id='word_1_448' title='bbox 2255 2864 2407 2904; x_wconf 85' lang='lat' dir='ltr'><strong>mare</strong></span> <span class='ocrx_word' id='word_1_449' title='bbox 2438 2851 2501 2902; x_wconf 86' lang='lat' dir='ltr'><strong>de</strong></span> <span class='ocrx_word' id='word_1_450' title='bbox 2531 2849 2683 2920; x_wconf 76' lang='lat' dir='ltr'><strong>Flay,</strong></span> <span class='ocrx_word' id='word_1_451' title='bbox 2711 2857 2768 2904; x_wconf 89' lang='lat' dir='ltr'><strong>et</strong></span> <span class='ocrx_word' id='word_1_452' title='bbox 2796 2850 3039 2904; x_wconf 85' lang='lat' dir='ltr'><strong>homines</strong></span> <span class='ocrx_word' id='word_1_453' title='bbox 3077 2851 3183 2916; x_wconf 89' lang='lat' dir='ltr'><strong>sui,</strong></span> <span class='ocrx_word' id='word_1_454' title='bbox 3210 2860 3264 2904; x_wconf 88' lang='lat' dir='ltr'><strong>et</strong></span> <span class='ocrx_word' id='word_1_455' title='bbox 3293 2865 3487 2905; x_wconf 88' lang='lat' dir='ltr'><strong>onmes</strong></span> <span class='ocrx_word' id='word_1_456' title='bbox 3517 2867 3609 2906; x_wconf 85' lang='lat' dir='ltr'><strong>res</strong></span> <span class='ocrx_word' id='word_1_457' title='bbox 3639 2861 3692 2905; x_wconf 88' lang='lat' dir='ltr'><strong>ct</strong></span> <span class='ocrx_word' id='word_1_458' title='bbox 3711 2867 3820 2920; x_wconf 87' lang='lat' dir='ltr'><strong>pos-</strong></span> 
     </span>
    </p>
   </div>
   <div class='ocr_carea' id='block_1_74' title="bbox 2255 2941 3822 3008">
    <p class='ocr_par' dir='ltr' id='par_1_74' title="bbox 2255 2941 3822 3008">
     <span class='ocr_line' id='line_1_74' title="bbox 2255 2941 3822 3008; baseline 0 -14"><span class='ocrx_word' id='word_1_459' title='bbox 2255 2941 2531 2995; x_wconf 89' lang='lat' dir='ltr'><strong>sessiones</strong></span> <span class='ocrx_word' id='word_1_460' title='bbox 2558 2955 2770 3006; x_wconf 88' lang='lat' dir='ltr'><strong>eormn,</strong></span> <span class='ocrx_word' id='word_1_461' title='bbox 2827 2949 2951 2994; x_wconf 91' lang='lat' dir='ltr'><strong>sunt</strong></span> <span class='ocrx_word' id='word_1_462' title='bbox 2982 2941 3033 2995; x_wconf 92' lang='lat' dir='ltr'><strong>in</strong></span> <span class='ocrx_word' id='word_1_463' title='bbox 3069 2956 3230 2996; x_wconf 89' lang='lat' dir='ltr'><strong>manu</strong></span> <span class='ocrx_word' id='word_1_464' title='bbox 3265 2950 3472 3008; x_wconf 89' lang='lat' dir='ltr'><strong>nostra,</strong></span> <span class='ocrx_word' id='word_1_465' title='bbox 3507 2952 3565 2997; x_wconf 91' lang='lat' dir='ltr'><strong>et</strong></span> <span class='ocrx_word' id='word_1_466' title='bbox 3601 2943 3822 2998; x_wconf 83' lang='lat' dir='ltr'><strong>custodia</strong></span> 
     </span>
    </p>
   </div>
   <div class='ocr_carea' id='block_1_75' title="bbox 2256 3031 3824 3103">
    <p class='ocr_par' dir='ltr' id='par_1_75' title="bbox 2256 3031 3824 3103">
     <span class='ocr_line' id='line_1_75' title="bbox 2256 3031 3824 3103; baseline 0 -17"><span class='ocrx_word' id='word_1_467' title='bbox 2256 3039 2314 3086; x_wconf 86' lang='lat' dir='ltr'><strong>et</strong></span> <span class='ocrx_word' id='word_1_468' title='bbox 2355 3031 2695 3100; x_wconf 87' lang='lat' dir='ltr'><strong>protectione</strong></span> <span class='ocrx_word' id='word_1_469' title='bbox 2725 3048 2738 3084; x_wconf 89' lang='lat'><strong>:</strong></span> <span class='ocrx_word' id='word_1_470' title='bbox 2768 3046 2937 3100; x_wconf 90' lang='lat' dir='ltr'><strong>quare</strong></span> <span class='ocrx_word' id='word_1_471' title='bbox 2974 3031 3242 3096; x_wconf 88' lang='lat' dir='ltr'><strong>vohnnus,</strong></span> <span class='ocrx_word' id='word_1_472' title='bbox 3281 3041 3338 3087; x_wconf 91' lang='lat' dir='ltr'><strong>et</strong></span> <span class='ocrx_word' id='word_1_473' title='bbox 3387 3031 3624 3088; x_wconf 86' lang='lat' dir='ltr'><strong>ﬁrmiter</strong></span> <span class='ocrx_word' id='word_1_474' title='bbox 3653 3033 3824 3103; x_wconf 56' lang='lat' dir='ltr'><strong>praci-</strong></span> 
     </span>
    </p>
   </div>
   <div class='ocr_carea' id='block_1_76' title="bbox 2259 3123 3826 3193">
    <p class='ocr_par' dir='ltr' id='par_1_76' title="bbox 2259 3123 3826 3193">
     <span class='ocr_line' id='line_1_76' title="bbox 2259 3123 3826 3193; baseline 0.002 -17"><span class='ocrx_word' id='word_1_475' title='bbox 2259 3124 2436 3193; x_wconf 90' lang='lat' dir='ltr'><strong>pimus</strong></span> <span class='ocrx_word' id='word_1_476' title='bbox 2483 3123 2627 3191; x_wconf 93' lang='lat' dir='ltr'><strong>quod</strong></span> <span class='ocrx_word' id='word_1_477' title='bbox 2669 3123 2866 3191; x_wconf 87' lang='lat' dir='ltr'><strong>ipsam,</strong></span> <span class='ocrx_word' id='word_1_478' title='bbox 2927 3132 2985 3178; x_wconf 90' lang='lat' dir='ltr'><strong>et</strong></span> <span class='ocrx_word' id='word_1_479' title='bbox 3037 3125 3356 3188; x_wconf 87' lang='lat' dir='ltr'><strong>monachos,</strong></span> <span class='ocrx_word' id='word_1_480' title='bbox 3403 3133 3461 3179; x_wconf 91' lang='lat' dir='ltr'><strong>et</strong></span> <span class='ocrx_word' id='word_1_481' title='bbox 3485 3125 3753 3189; x_wconf 88' lang='lat' dir='ltr'><strong>homines,</strong></span> <span class='ocrx_word' id='word_1_482' title='bbox 3780 3133 3826 3180; x_wconf 84' lang='lat' dir='ltr'><strong>et</strong></span> 
     </span>
    </p>
   </div>
   <div class='ocr_carea' id='block_1_77' title="bbox 2260 3215 3828 3286">
    <p class='ocr_par' dir='ltr' id='par_1_77' title="bbox 2260 3215 3828 3286">
     <span class='ocr_line' id='line_1_77' title="bbox 2260 3215 3828 3286; baseline 0.001 -18"><span class='ocrx_word' id='word_1_483' title='bbox 2260 3229 2368 3282; x_wconf 89' lang='lat' dir='ltr'><strong>res,</strong></span> <span class='ocrx_word' id='word_1_484' title='bbox 2397 3224 2452 3269; x_wconf 88' lang='lat' dir='ltr'><strong>et</strong></span> <span class='ocrx_word' id='word_1_485' title='bbox 2473 3215 2843 3284; x_wconf 86' lang='lat' dir='ltr'><strong>possessiones</strong></span> <span class='ocrx_word' id='word_1_486' title='bbox 2890 3229 3076 3269; x_wconf 84' lang='lat' dir='ltr'><strong>eorum</strong></span> <span class='ocrx_word' id='word_1_487' title='bbox 3115 3225 3224 3269; x_wconf 92' lang='lat' dir='ltr'><strong>tam</strong></span> <span class='ocrx_word' id='word_1_488' title='bbox 3253 3215 3660 3270; x_wconf 85' lang='lat' dir='ltr'><strong>ecclesiasticas</strong></span> <span class='ocrx_word' id='word_1_489' title='bbox 3685 3231 3828 3286; x_wconf 84' lang='lat' dir='ltr'><strong>quam</strong></span> 
     </span>
    </p>
   </div>
   <div class='ocr_carea' id='block_1_78' title="bbox 2263 3303 3830 3375">
    <p class='ocr_par' dir='ltr' id='par_1_78' title="bbox 2263 3303 3830 3375">
     <span class='ocr_line' id='line_1_78' title="bbox 2263 3303 3830 3375; baseline 0.001 -19"><span class='ocrx_word' id='word_1_490' title='bbox 2263 3305 2427 3359; x_wconf 89' lang='lat' dir='ltr'><strong>laicas</strong></span> <span class='ocrx_word' id='word_1_491' title='bbox 2468 3319 2565 3374; x_wconf 87' lang='lat' dir='ltr'><strong>per</strong></span> <span class='ocrx_word' id='word_1_492' title='bbox 2613 3312 2811 3359; x_wconf 90' lang='lat' dir='ltr'><strong>terram</strong></span> <span class='ocrx_word' id='word_1_493' title='bbox 2855 3314 3130 3369; x_wconf 86' lang='lat' dir='ltr'><strong>nostram,</strong></span> <span class='ocrx_word' id='word_1_494' title='bbox 3180 3306 3294 3360; x_wconf 84' lang='lat' dir='ltr'><strong>sive</strong></span> <span class='ocrx_word' id='word_1_495' title='bbox 3335 3321 3442 3375; x_wconf 76' lang='lat' dir='ltr'><strong>pax</strong></span> <span class='ocrx_word' id='word_1_496' title='bbox 3485 3303 3683 3370; x_wconf 75' lang='lat' dir='ltr'><strong>fuerit,</strong></span> <span class='ocrx_word' id='word_1_497' title='bbox 3731 3307 3830 3360; x_wconf 82' lang='lat' dir='ltr'><strong>sive</strong></span> 
     </span>
    </p>
   </div>
   <div class='ocr_carea' id='block_1_79' title="bbox 2262 3397 3826 3466">
    <p class='ocr_par' dir='ltr' id='par_1_79' title="bbox 2262 3397 3826 3466">
     <span class='ocr_line' id='line_1_79' title="bbox 2262 3397 3826 3466; baseline 0.001 -17"><span class='ocrx_word' id='word_1_498' title='bbox 2262 3411 2473 3466; x_wconf 85' lang='lat' dir='ltr'><strong>guerra,</strong></span> <span class='ocrx_word' id='word_1_499' title='bbox 2501 3397 2837 3461; x_wconf 89' lang='lat' dir='ltr'><strong>custodiatis,</strong></span> <span class='ocrx_word' id='word_1_500' title='bbox 2882 3398 3184 3466; x_wconf 81' lang='lat' dir='ltr'><strong>protegatis</strong></span> <span class='ocrx_word' id='word_1_501' title='bbox 3206 3407 3253 3450; x_wconf 79' lang='lat' dir='ltr'><strong>et</strong></span> <span class='ocrx_word' id='word_1_502' title='bbox 3291 3415 3454 3451; x_wconf 75' lang='lat' dir='ltr'><strong>manu</strong></span> <span class='ocrx_word' id='word_1_503' title='bbox 3481 3400 3738 3464; x_wconf 85' lang='lat' dir='ltr'><strong>teneatis;</strong></span> <span class='ocrx_word' id='word_1_504' title='bbox 3767 3399 3826 3451; x_wconf 85' lang='lat' dir='ltr'><strong>ita</strong></span> 
     </span>
    </p>
   </div>
   <div class='ocr_carea' id='block_1_80' title="bbox 2262 3485 3824 3558">
    <p class='ocr_par' dir='ltr' id='par_1_80' title="bbox 2262 3485 3824 3558">
     <span class='ocr_line' id='line_1_80' title="bbox 2262 3485 3824 3558; baseline 0.004 -21"><span class='ocrx_word' id='word_1_505' title='bbox 2262 3485 2404 3556; x_wconf 87' lang='lat' dir='ltr'><strong>quod</strong></span> <span class='ocrx_word' id='word_1_506' title='bbox 2450 3486 2529 3540; x_wconf 88' lang='lat' dir='ltr'><strong>eis</strong></span> <span class='ocrx_word' id='word_1_507' title='bbox 2587 3485 2786 3539; x_wconf 88' lang='lat' dir='ltr'><strong>nullam</strong></span> <span class='ocrx_word' id='word_1_508' title='bbox 2831 3487 3102 3558; x_wconf 88' lang='lat' dir='ltr'><strong>injuriam,</strong></span> <span class='ocrx_word' id='word_1_509' title='bbox 3149 3488 3233 3543; x_wconf 86' lang='lat' dir='ltr'><strong>vel</strong></span> <span class='ocrx_word' id='word_1_510' title='bbox 3280 3489 3696 3550; x_wconf 87' lang='lat' dir='ltr'><strong>contumeliam,</strong></span> <span class='ocrx_word' id='word_1_511' title='bbox 3746 3500 3824 3544; x_wconf 83' lang='lat' dir='ltr'><strong>aut</strong></span> 
     </span>
    </p>
   </div>
   <div class='ocr_carea' id='block_1_81' title="bbox 2261 3575 3824 3650">
    <p class='ocr_par' dir='ltr' id='par_1_81' title="bbox 2261 3575 3824 3650">
     <span class='ocr_line' id='line_1_81' title="bbox 2261 3575 3824 3650; baseline 0.003 -20"><span class='ocrx_word' id='word_1_512' title='bbox 2261 3592 2552 3646; x_wconf 80' lang='lat' dir='ltr'><strong>gravamcn</strong></span> <span class='ocrx_word' id='word_1_513' title='bbox 2594 3575 2830 3644; x_wconf 87' lang='lat' dir='ltr'><strong>faciatis,</strong></span> <span class='ocrx_word' id='word_1_514' title='bbox 2875 3595 2974 3633; x_wconf 88' lang='lat' dir='ltr'><strong>nec</strong></span> <span class='ocrx_word' id='word_1_515' title='bbox 3020 3580 3088 3633; x_wconf 87' lang='lat' dir='ltr'><strong>ab</strong></span> <span class='ocrx_word' id='word_1_516' title='bbox 3111 3580 3292 3649; x_wconf 90' lang='lat' dir='ltr'><strong>aliquo</strong></span> <span class='ocrx_word' id='word_1_517' title='bbox 3343 3580 3461 3634; x_wconf 82' lang='lat' dir='ltr'><strong>fieri</strong></span> <span class='ocrx_word' id='word_1_518' title='bbox 3495 3582 3824 3650; x_wconf 85' lang='lat' dir='ltr'><strong>permittatis.</strong></span> 
     </span>
    </p>
   </div>
   <div class='ocr_carea' id='block_1_82' title="bbox 2264 3667 3830 3743">
    <p class='ocr_par' dir='ltr' id='par_1_82' title="bbox 2264 3667 3830 3743">
     <span class='ocr_line' id='line_1_82' title="bbox 2264 3667 3830 3743; baseline 0.002 -22"><span class='ocrx_word' id='word_1_519' title='bbox 2264 3668 2328 3722; x_wconf 84' lang='lat' dir='ltr'><strong>Et</strong></span> <span class='ocrx_word' id='word_1_520' title='bbox 2379 3668 2421 3726; x_wconf 90' lang='lat' dir='ltr'><strong>si</strong></span> <span class='ocrx_word' id='word_1_521' title='bbox 2476 3667 2706 3722; x_wconf 57' lang='lat' dir='ltr'><strong>fortedn</strong></span> <span class='ocrx_word' id='word_1_522' title='bbox 2745 3668 2924 3738; x_wconf 90' lang='lat' dir='ltr'><strong>aliquo</strong></span> <span class='ocrx_word' id='word_1_523' title='bbox 2952 3670 3030 3723; x_wconf 85' lang='lat' dir='ltr'><strong>eis</strong></span> <span class='ocrx_word' id='word_1_524' title='bbox 3081 3669 3244 3725; x_wconf 85' lang='lat' dir='ltr'><strong>fuerit</strong></span> <span class='ocrx_word' id='word_1_525' title='bbox 3273 3671 3640 3737; x_wconf 61' lang='lat' dir='ltr'><strong>forisfadum,</strong></span> <span class='ocrx_word' id='word_1_526' title='bbox 3665 3672 3830 3743; x_wconf 57' lang='lat' dir='ltr'><strong>plenae</strong></span> 
     </span>
    </p>
   </div>
   <div class='ocr_carea' id='block_1_83' title="bbox 2264 3757 3830 3833">
    <p class='ocr_par' dir='ltr' id='par_1_83' title="bbox 2264 3757 3830 3833">
     <span class='ocr_line' id='line_1_83' title="bbox 2264 3757 3830 3833; baseline 0.004 -23"><span class='ocrx_word' id='word_1_527' title='bbox 2264 3759 2401 3810; x_wconf 89' lang='lat' dir='ltr'><strong>riam</strong></span> <span class='ocrx_word' id='word_1_528' title='bbox 2426 3757 2506 3812; x_wconf 89' lang='lat' dir='ltr'><strong>eis</strong></span> <span class='ocrx_word' id='word_1_529' title='bbox 2537 3773 2700 3828; x_wconf 86' lang='lat' dir='ltr'><strong>super</strong></span> <span class='ocrx_word' id='word_1_530' title='bbox 2723 3758 3112 3826; x_wconf 86' lang='lat' dir='ltr'><strong>hocjustitiam</strong></span> <span class='ocrx_word' id='word_1_531' title='bbox 3162 3759 3391 3826; x_wconf 83' lang='lat' dir='ltr'><strong>faciatis,</strong></span> <span class='ocrx_word' id='word_1_532' title='bbox 3432 3773 3690 3833; x_wconf 85' lang='lat' dir='ltr'><strong>tanquam</strong></span> <span class='ocrx_word' id='word_1_533' title='bbox 3717 3763 3830 3816; x_wconf 89' lang='lat' dir='ltr'><strong>mihi</strong></span> 
     </span>
    </p>
   </div>
   <div class='ocr_carea' id='block_1_84' title="bbox 2267 3849 3398 3920">
    <p class='ocr_par' dir='ltr' id='par_1_84' title="bbox 2267 3849 3398 3920">
     <span class='ocr_line' id='line_1_84' title="bbox 2267 3849 3398 3920; baseline 0.004 -18"><span class='ocrx_word' id='word_1_534' title='bbox 2267 3849 2388 3919; x_wconf 88' lang='lat' dir='ltr'><strong>ipsi.</strong></span> <span class='ocrx_word' id='word_1_535' title='bbox 2415 3852 2568 3920; x_wconf 79' lang='lat' dir='ltr'><strong>Apud</strong></span> <span class='ocrx_word' id='word_1_536' title='bbox 2593 3851 2810 3905; x_wconf 81' lang='lat' dir='ltr'><strong>Vallena</strong></span> <span class='ocrx_word' id='word_1_537' title='bbox 2834 3852 3047 3907; x_wconf 78' lang='lat' dir='ltr'><strong>Rudolii</strong></span> <span class='ocrx_word' id='word_1_538' title='bbox 3077 3869 3142 3906; x_wconf 78' lang='lat' dir='ltr'><strong>xv</strong></span> <span class='ocrx_word' id='word_1_539' title='bbox 3172 3853 3342 3908; x_wconf 84' lang='lat' dir='ltr'><strong>Junii.</strong></span> <span class='ocrx_word' id='word_1_540' title='bbox 3379 3874 3398 3906; x_wconf 77' lang='grc' dir='ltr'><strong><em>ι</em></strong></span> 
     </span>
    </p>
   </div>
   <div class='ocr_carea' id='block_1_85' title="bbox 2339 3942 3832 4020">
    <p class='ocr_par' dir='ltr' id='par_1_85' title="bbox 2339 3942 3832 4020">
     <span class='ocr_line' id='line_1_85' title="bbox 2339 3942 3832 4020; baseline 0.007 -25"><span class='ocrx_word' id='word_1_541' title='bbox 2339 3942 2638 3996; x_wconf 82' lang='lat' dir='ltr'><strong>Prioratum</strong></span> <span class='ocrx_word' id='word_1_542' title='bbox 2673 3945 2855 3998; x_wconf 87' lang='lat' dir='ltr'><strong>Sancti</strong></span> <span class='ocrx_word' id='word_1_543' title='bbox 2883 3945 3142 4016; x_wconf 82' lang='lat' dir='ltr'><strong>Arnulphi</strong></span> <span class='ocrx_word' id='word_1_544' title='bbox 3176 3949 3454 4018; x_wconf 82' lang='lat' dir='ltr'><strong>martyris,</strong></span> <span class='ocrx_word' id='word_1_545' title='bbox 3475 3965 3646 4020; x_wconf 81' lang='lat' dir='ltr'><strong>prOpe</strong></span> <span class='ocrx_word' id='word_1_546' title='bbox 3671 3950 3832 4006; x_wconf 86' lang='lat' dir='ltr'><strong>Claro-</strong></span> 
     </span>
    </p>
   </div>
   <div class='ocr_carea' id='block_1_86' title="bbox 2268 4036 3833 4112">
    <p class='ocr_par' dir='ltr' id='par_1_86' title="bbox 2268 4036 3833 4112">
     <span class='ocr_line' id='line_1_86' title="bbox 2268 4036 3833 4112; baseline 0.006 -24"><span class='ocrx_word' id='word_1_547' title='bbox 2268 4044 2524 4099; x_wconf 78' lang='lat' dir='ltr'><strong>montcm,</strong></span> <span class='ocrx_word' id='word_1_548' title='bbox 2571 4054 2599 4090; x_wconf 91' lang='lat' dir='ltr'><strong>a</strong></span> <span class='ocrx_word' id='word_1_549' title='bbox 2652 4036 2896 4106; x_wconf 85' lang='lat' dir='ltr'><strong>Philippo</strong></span> <span class='ocrx_word' id='word_1_550' title='bbox 2942 4037 3534 4112; x_wconf 84' lang='lat' dir='ltr'><strong>Belvaccnsiepiscopo</strong></span> <span class='ocrx_word' id='word_1_551' title='bbox 3556 4044 3833 4098; x_wconf 76' lang='lat' dir='ltr'><strong>sanctiGe-</strong></span> 
     </span>
    </p>
   </div>
   <div class='ocr_carea' id='block_1_87' title="bbox 2245 4127 3830 4204">
    <p class='ocr_par' dir='ltr' id='par_1_87' title="bbox 2245 4127 3830 4204">
     <span class='ocr_line' id='line_1_87' title="bbox 2245 4127 3830 4204; baseline 0.006 -26"><span class='ocrx_word' id='word_1_552' title='bbox 2245 4127 2470 4180; x_wconf 79' lang='lat' dir='ltr'><strong>’remari</strong></span> <span class='ocrx_word' id='word_1_553' title='bbox 2534 4127 2780 4182; x_wconf 67' lang='lat' dir='ltr'><strong>ecclesia:</strong></span> <span class='ocrx_word' id='word_1_554' title='bbox 2841 4128 3149 4199; x_wconf 78' lang='lat' dir='ltr'><strong>dilargitum</strong></span> <span class='ocrx_word' id='word_1_555' title='bbox 3206 4142 3421 4186; x_wconf 78' lang='lat' dir='ltr'><strong>constat</strong></span> <span class='ocrx_word' id='word_1_556' title='bbox 3480 4149 3547 4188; x_wconf 72' lang='lat' dir='ltr'><strong>ex</strong></span> <span class='ocrx_word' id='word_1_557' title='bbox 3609 4138 3830 4204; x_wconf 59' lang='lat' dir='ltr'><strong>scqueati</strong></span> 
     </span>
    </p>
   </div>
   <div class='ocr_carea' id='block_1_88' title="bbox 2269 4217 2486 4270">
    <p class='ocr_par' dir='ltr' id='par_1_88' title="bbox 2269 4217 2486 4270">
     <span class='ocr_line' id='line_1_88' title="bbox 2269 4217 2486 4270; baseline -0.009 0"><span class='ocrx_word' id='word_1_558' title='bbox 2269 4217 2486 4270; x_wconf 82' lang='lat' dir='ltr'><strong>schcda.</strong></span> 
     </span>
    </p>
   </div>
   <div class='ocr_carea' id='block_1_89' title="bbox 2347 4307 3832 4388">
    <p class='ocr_par' dir='ltr' id='par_1_89' title="bbox 2347 4307 3832 4388">
     <span class='ocr_line' id='line_1_89' title="bbox 2347 4307 3832 4388; baseline 0.007 -29"><span class='ocrx_word' id='word_1_559' title='bbox 2347 4328 2365 4359; x_wconf 84' lang='grc'>‹</span> <span class='ocrx_word' id='word_1_560' title='bbox 2413 4307 2606 4362; x_wconf 88' lang='lat' dir='ltr'><strong>Notum</strong></span> <span class='ocrx_word' id='word_1_561' title='bbox 2639 4311 2710 4364; x_wconf 91' lang='lat' dir='ltr'><strong>sit</strong></span> <span class='ocrx_word' id='word_1_562' title='bbox 2737 4321 2844 4364; x_wconf 90' lang='lat' dir='ltr'><strong>tam</strong></span> <span class='ocrx_word' id='word_1_563' title='bbox 2874 4314 3252 4382; x_wconf 74' lang='lat' dir='ltr'><strong>przesentibus,</strong></span> <span class='ocrx_word' id='word_1_564' title='bbox 3276 4331 3440 4385; x_wconf 88' lang='lat' dir='ltr'><strong>quam</strong></span> <span class='ocrx_word' id='word_1_565' title='bbox 3474 4316 3692 4383; x_wconf 87' lang='lat' dir='ltr'><strong>futuris,</strong></span> <span class='ocrx_word' id='word_1_566' title='bbox 3713 4319 3832 4388; x_wconf 83' lang='lat' dir='ltr'><strong>quod</strong></span> 
     </span>
    </p>
   </div>
   <div class='ocr_carea' id='block_1_90' title="bbox 658 4393 3830 4484">
    <p class='ocr_par' dir='ltr' id='par_1_90' title="bbox 658 4393 3830 4484">
     <span class='ocr_line' id='line_1_90' title="bbox 658 4393 3830 4484; baseline 0.003 -35"><span class='ocrx_word' id='word_1_567' title='bbox 658 4395 817 4451; x_wconf 79' lang='lat' dir='ltr'><strong>XVII.</strong></span> <span class='ocrx_word' id='word_1_568' title='bbox 859 4395 1464 4454; x_wconf 88' lang='lat' dir='ltr'><strong>Gerardus.LitteruIas</strong></span> <span class='ocrx_word' id='word_1_569' title='bbox 1499 4395 1704 4448; x_wconf 87' lang='lat' dir='ltr'><strong>obtinet</strong></span> <span class='ocrx_word' id='word_1_570' title='bbox 1730 4393 1797 4447; x_wconf 91' lang='lat' dir='ltr'><strong>ab</strong></span> <span class='ocrx_word' id='word_1_571' title='bbox 1833 4393 2064 4449; x_wconf 75' lang='lat' dir='ltr'><strong>Henrico</strong></span> <span class='ocrx_word' id='word_1_572' title='bbox 2096 4393 2162 4458; x_wconf 68' lang='lat' dir='ltr'><strong>II,</strong></span> <span class='ocrx_word' id='word_1_573' title='bbox 2202 4431 2242 4484; x_wconf 70' lang='grc' dir='ltr'>υ</span> <span class='ocrx_word' id='word_1_574' title='bbox 2270 4413 2369 4467; x_wconf 83' lang='lat' dir='ltr'><strong>ego</strong></span> <span class='ocrx_word' id='word_1_575' title='bbox 2420 4397 2699 4468; x_wconf 87' lang='lat' dir='ltr'><strong>Philippus</strong></span> <span class='ocrx_word' id='word_1_576' title='bbox 2744 4402 2836 4455; x_wconf 88' lang='lat' dir='ltr'><strong>Dei</strong></span> <span class='ocrx_word' id='word_1_577' title='bbox 2892 4405 3062 4472; x_wconf 78' lang='lat' dir='ltr'><strong>gratia</strong></span> <span class='ocrx_word' id='word_1_578' title='bbox 3129 4405 3482 4461; x_wconf 84' lang='lat' dir='ltr'><strong>Bclvacensis</strong></span> <span class='ocrx_word' id='word_1_579' title='bbox 3545 4410 3830 4478; x_wconf 77' lang='lat' dir='ltr'><strong>episeopus,</strong></span> 
     </span>
    </p>
   </div>
   <div class='ocr_carea' id='block_1_91' title="bbox 585 4485 2167 4560">
    <p class='ocr_par' dir='ltr' id='par_1_91' title="bbox 585 4485 2167 4560">
     <span class='ocr_line' id='line_1_91' title="bbox 585 4485 2167 4560; baseline -0.001 -21"><span class='ocrx_word' id='word_1_580' title='bbox 585 4487 880 4557; x_wconf 79' lang='lat' dir='ltr'><strong>Anglorum</strong></span> <span class='ocrx_word' id='word_1_581' title='bbox 946 4505 1092 4560; x_wconf 81' lang='lat' dir='ltr'><strong>rege,</strong></span> <span class='ocrx_word' id='word_1_582' title='bbox 1141 4489 1339 4558; x_wconf 90' lang='lat' dir='ltr'><strong>quibus</strong></span> <span class='ocrx_word' id='word_1_583' title='bbox 1386 4485 1624 4542; x_wconf 89' lang='lat' dir='ltr'><strong>stabilita</strong></span> <span class='ocrx_word' id='word_1_584' title='bbox 1674 4496 1993 4554; x_wconf 88' lang='lat' dir='ltr'><strong>permanent</strong></span> <span class='ocrx_word' id='word_1_585' title='bbox 2048 4502 2167 4554; x_wconf 66' lang='lat' dir='ltr'><strong>quae</strong></span> 
     </span>
    </p>
   </div>
   <div class='ocr_carea' id='block_1_92' title="bbox 586 4573 2163 4643">
    <p class='ocr_par' dir='ltr' id='par_1_92' title="bbox 586 4573 2163 4643">
     <span class='ocr_line' id='line_1_92' title="bbox 586 4573 2163 4643; baseline -0.001 -17"><span class='ocrx_word' id='word_1_586' title='bbox 586 4575 1250 4631; x_wconf 60' lang='lat' dir='ltr'><strong>concesserat&quot;Henricus</strong></span> <span class='ocrx_word' id='word_1_587' title='bbox 1299 4575 1351 4638; x_wconf 95' lang='lat' dir='ltr'><strong>I,</strong></span> <span class='ocrx_word' id='word_1_588' title='bbox 1400 4575 1482 4628; x_wconf 90' lang='lat' dir='ltr'><strong>his</strong></span> <span class='ocrx_word' id='word_1_589' title='bbox 1539 4573 1750 4643; x_wconf 79' lang='lat' dir='ltr'><strong>signum</strong></span> <span class='ocrx_word' id='word_1_590' title='bbox 1809 4574 2058 4643; x_wconf 87' lang='lat' dir='ltr'><strong>apposuit</strong></span> <span class='ocrx_word' id='word_1_591' title='bbox 2107 4573 2163 4626; x_wconf 90' lang='lat' dir='ltr'><strong>S.</strong></span> 
     </span>
    </p>
   </div>
   <div class='ocr_carea' id='block_1_93' title="bbox 590 4663 1634 4739">
    <p class='ocr_par' dir='ltr' id='par_1_93' title="bbox 590 4663 1634 4739">
     <span class='ocr_line' id='line_1_93' title="bbox 590 4663 1634 4739; baseline 0 -21"><span class='ocrx_word' id='word_1_592' title='bbox 590 4663 848 4732; x_wconf 81' lang='lat' dir='ltr'><strong>Thomas,</strong></span> <span class='ocrx_word' id='word_1_593' title='bbox 883 4678 1008 4723; x_wconf 92' lang='lat' dir='ltr'><strong>tunc</strong></span> <span class='ocrx_word' id='word_1_594' title='bbox 1034 4669 1239 4739; x_wconf 73' lang='lat' dir='ltr'><strong>Anglia:</strong></span> <span class='ocrx_word' id='word_1_595' title='bbox 1264 4666 1634 4721; x_wconf 89' lang='lat' dir='ltr'><strong>cancellarins.</strong></span> 
     </span>
    </p>
   </div>
   <div class='ocr_carea' id='block_1_94' title="bbox 661 4756 2170 4826">
    <p class='ocr_par' dir='ltr' id='par_1_94' title="bbox 661 4756 2170 4826">
     <span class='ocr_line' id='line_1_94' title="bbox 661 4756 2170 4826; baseline 0.001 -16"><span class='ocrx_word' id='word_1_596' title='bbox 661 4756 860 4814; x_wconf 79' lang='lat' dir='ltr'><strong>Tribus</strong></span> <span class='ocrx_word' id='word_1_597' title='bbox 893 4761 1156 4815; x_wconf 80' lang='lat' dir='ltr'><strong>duntaxat</strong></span> <span class='ocrx_word' id='word_1_598' title='bbox 1180 4761 1337 4812; x_wconf 87' lang='lat' dir='ltr'><strong>annis</strong></span> <span class='ocrx_word' id='word_1_599' title='bbox 1368 4757 1580 4826; x_wconf 59' lang='lat' dir='ltr'><strong>praefuit</strong></span> <span class='ocrx_word' id='word_1_600' title='bbox 1601 4758 1908 4824; x_wconf 85' lang='lat' dir='ltr'><strong>Gcrardus,</strong></span> <span class='ocrx_word' id='word_1_601' title='bbox 1940 4775 2000 4814; x_wconf 88' lang='lat' dir='ltr'><strong>ac</strong></span> <span class='ocrx_word' id='word_1_602' title='bbox 2027 4775 2170 4812; x_wconf 80' lang='lat' dir='ltr'><strong>mor-</strong></span> 
     </span>
    </p>
   </div>
   <div class='ocr_carea' id='block_1_95' title="bbox 591 4851 1807 4922">
    <p class='ocr_par' dir='ltr' id='par_1_95' title="bbox 591 4851 1807 4922">
     <span class='ocr_line' id='line_1_95' title="bbox 591 4851 1807 4922; baseline 0 -20"><span class='ocrx_word' id='word_1_603' title='bbox 591 4851 684 4903; x_wconf 87' lang='lat' dir='ltr'><strong>tali</strong></span> <span class='ocrx_word' id='word_1_604' title='bbox 713 4852 818 4904; x_wconf 82' lang='lat' dir='ltr'><strong>\ila</strong></span> <span class='ocrx_word' id='word_1_605' title='bbox 850 4852 1094 4922; x_wconf 79' lang='lat' dir='ltr'><strong>fungitur</strong></span> <span class='ocrx_word' id='word_1_606' title='bbox 1123 4869 1172 4905; x_wconf 76' lang='lat' dir='ltr'><strong>xl</strong></span> <span class='ocrx_word' id='word_1_607' title='bbox 1206 4851 1476 4904; x_wconf 70' lang='lat' dir='ltr'><strong>Italetulas</strong></span> <span class='ocrx_word' id='word_1_608' title='bbox 1505 4851 1625 4904; x_wconf 78' lang='lat' dir='ltr'><strong>Maii</strong></span> <span class='ocrx_word' id='word_1_609' title='bbox 1659 4851 1807 4904; x_wconf 79' lang='grc'><strong>1167.</strong></span> 
     </span>
    </p>
   </div>
   <div class='ocr_carea' id='block_1_96' title="bbox 665 4941 2169 5013">
    <p class='ocr_par' dir='ltr' id='par_1_96' title="bbox 665 4941 2169 5013">
     <span class='ocr_line' id='line_1_96' title="bbox 665 4941 2169 5013; baseline 0.001 -18"><span class='ocrx_word' id='word_1_610' title='bbox 665 4943 845 4997; x_wconf 79' lang='lat' dir='ltr'><strong>XVIII.</strong></span> <span class='ocrx_word' id='word_1_611' title='bbox 875 4943 1210 5013; x_wconf 81' lang='lat' dir='ltr'><strong>IIildegarius</strong></span> <span class='ocrx_word' id='word_1_612' title='bbox 1234 4942 1293 4995; x_wconf 95' lang='lat' dir='ltr'><strong>lI.</strong></span> <span class='ocrx_word' id='word_1_613' title='bbox 1328 4961 1344 4990; x_wconf 76' lang='grc' dir='ltr'>ι</span> <span class='ocrx_word' id='word_1_614' title='bbox 1377 4941 1778 5010; x_wconf 76' lang='lat' dir='ltr'><strong>I’arvipcndens</strong></span> <span class='ocrx_word' id='word_1_615' title='bbox 1801 4942 2026 4995; x_wconf 78' lang='lat' dir='ltr'><strong>Salutem</strong></span> <span class='ocrx_word' id='word_1_616' title='bbox 2052 4945 2169 4996; x_wconf 88' lang='lat' dir='ltr'><strong>ani-</strong></span> 
     </span>
    </p>
   </div>
   <div class='ocr_carea' id='block_1_97' title="bbox 593 5033 2173 5103">
    <p class='ocr_par' dir='ltr' id='par_1_97' title="bbox 593 5033 2173 5103">
     <span class='ocr_line' id='line_1_97' title="bbox 593 5033 2173 5103; baseline 0 -17"><span class='ocrx_word' id='word_1_617' title='bbox 593 5049 800 5087; x_wconf 84' lang='lat' dir='ltr'><strong>marum</strong></span> <span class='ocrx_word' id='word_1_618' title='bbox 850 5036 952 5089; x_wconf 89' lang='lat' dir='ltr'><strong>sibi</strong></span> <span class='ocrx_word' id='word_1_619' title='bbox 986 5036 1423 5098; x_wconf 84' lang='lat' dir='ltr'><strong>commissarum,</strong></span> <span class='ocrx_word' id='word_1_620' title='bbox 1476 5035 1596 5102; x_wconf 87' lang='lat' dir='ltr'><strong>plus</strong></span> <span class='ocrx_word' id='word_1_621' title='bbox 1622 5050 1816 5103; x_wconf 79' lang='lat' dir='ltr'><strong>gerens</strong></span> <span class='ocrx_word' id='word_1_622' title='bbox 1855 5033 2173 5086; x_wconf 73' lang='lat' dir='ltr'><strong>sollicitudi-</strong></span> 
     </span>
    </p>
   </div>
   <div class='ocr_carea' id='block_1_98' title="bbox 591 5125 2171 5194">
    <p class='ocr_par' dir='ltr' id='par_1_98' title="bbox 591 5125 2171 5194">
     <span class='ocr_line' id='line_1_98' title="bbox 591 5125 2171 5194; baseline -0.002 -14"><span class='ocrx_word' id='word_1_623' title='bbox 591 5143 714 5180; x_wconf 89' lang='lat' dir='ltr'><strong>nem</strong></span> <span class='ocrx_word' id='word_1_624' title='bbox 747 5127 812 5180; x_wconf 90' lang='lat' dir='ltr'><strong>de</strong></span> <span class='ocrx_word' id='word_1_625' title='bbox 850 5127 1013 5181; x_wconf 89' lang='lat' dir='ltr'><strong>rebus</strong></span> <span class='ocrx_word' id='word_1_626' title='bbox 1066 5125 1394 5180; x_wconf 87' lang='lat' dir='ltr'><strong>transitoriis</strong></span> <span class='ocrx_word' id='word_1_627' title='bbox 1446 5135 1609 5194; x_wconf 91' lang='lat' dir='ltr'><strong>atque</strong></span> <span class='ocrx_word' id='word_1_628' title='bbox 1653 5126 1873 5180; x_wconf 89' lang='lat' dir='ltr'><strong>caducis</strong></span> <span class='ocrx_word' id='word_1_629' title='bbox 1910 5144 1923 5174; x_wconf 81' lang='grc' dir='ltr'>ι</span> <span class='ocrx_word' id='word_1_630' title='bbox 1961 5126 2171 5193; x_wconf 84' lang='lat' dir='ltr'><strong>(contra</strong></span> 
     </span>
    </p>
   </div>
   <div class='ocr_carea' id='block_1_99' title="bbox 594 5217 2174 5288">
    <p class='ocr_par' dir='ltr' id='par_1_99' title="bbox 594 5217 2174 5288">
     <span class='ocr_line' id='line_1_99' title="bbox 594 5217 2174 5288; baseline 0 -17"><span class='ocrx_word' id='word_1_631' title='bbox 594 5218 790 5288; x_wconf 64' lang='lat' dir='ltr'><strong>regulae</strong></span> <span class='ocrx_word' id='word_1_632' title='bbox 830 5219 1194 5273; x_wconf 69' lang='lat' dir='ltr'><strong>Bet&#39;tedictinre</strong></span> <span class='ocrx_word' id='word_1_633' title='bbox 1241 5218 1615 5287; x_wconf 71' lang='lat' dir='ltr'><strong>prmscriptum</strong></span> <span class='ocrx_word' id='word_1_634' title='bbox 1646 5233 1766 5286; x_wconf 89' lang='lat' dir='ltr'><strong>cap.</strong></span> <span class='ocrx_word' id='word_1_635' title='bbox 1815 5217 1892 5284; x_wconf 72' lang='lat'><strong>2),</strong></span> <span class='ocrx_word' id='word_1_636' title='bbox 1938 5217 2174 5271; x_wconf 88' lang='lat' dir='ltr'><strong>habenas</strong></span> 
     </span>
    </p>
   </div>
   <div class='ocr_carea' id='block_1_100' title="bbox 597 5307 2176 5382">
    <p class='ocr_par' dir='ltr' id='par_1_100' title="bbox 597 5307 2176 5382">
     <span class='ocr_line' id='line_1_100' title="bbox 597 5307 2176 5382; baseline 0.001 -20"><span class='ocrx_word' id='word_1_637' title='bbox 597 5309 798 5366; x_wconf 78' lang='lat' dir='ltr'><strong>laxavit</strong></span> <span class='ocrx_word' id='word_1_638' title='bbox 821 5312 1088 5382; x_wconf 66' lang='lat' dir='ltr'><strong>religiosae</strong></span> <span class='ocrx_word' id='word_1_639' title='bbox 1114 5312 1412 5381; x_wconf 79' lang='lat' dir='ltr'><strong>disciplinae</strong></span> <span class='ocrx_word' id='word_1_640' title='bbox 1437 5328 1450 5376; x_wconf 91' lang='lat'><strong>;</strong></span> <span class='ocrx_word' id='word_1_641' title='bbox 1503 5324 1697 5380; x_wconf 89' lang='lat' dir='ltr'><strong>nempe</strong></span> <span class='ocrx_word' id='word_1_642' title='bbox 1723 5307 2040 5364; x_wconf 82' lang='lat' dir='ltr'><strong>oﬂicialibus</strong></span> <span class='ocrx_word' id='word_1_643' title='bbox 2065 5327 2176 5364; x_wconf 79' lang='lat' dir='ltr'><strong>n;o-</strong></span> 
     </span>
    </p>
   </div>
   <div class='ocr_carea' id='block_1_101' title="bbox 595 5402 2176 5474">
    <p class='ocr_par' dir='ltr' id='par_1_101' title="bbox 595 5402 2176 5474">
     <span class='ocr_line' id='line_1_101' title="bbox 595 5402 2176 5474; baseline 0.001 -20"><span class='ocrx_word' id='word_1_644' title='bbox 595 5403 814 5455; x_wconf 88' lang='lat' dir='ltr'><strong>nastcrii</strong></span> <span class='ocrx_word' id='word_1_645' title='bbox 872 5403 1032 5474; x_wconf 90' lang='lat' dir='ltr'><strong>(quos</strong></span> <span class='ocrx_word' id='word_1_646' title='bbox 1089 5402 1408 5456; x_wconf 79' lang='lat' dir='ltr'><strong>claustrales</strong></span> <span class='ocrx_word' id='word_1_647' title='bbox 1459 5403 1678 5461; x_wconf 87' lang='lat' dir='ltr'><strong>vocant)</strong></span> <span class='ocrx_word' id='word_1_648' title='bbox 1730 5409 1910 5456; x_wconf 83' lang='lat' dir='ltr'><strong>certos</strong></span> <span class='ocrx_word' id='word_1_649' title='bbox 1935 5402 2176 5456; x_wconf 71' lang='lat' dir='ltr'><strong>redditus</strong></span> 
     </span>
    </p>
   </div>
   <div class='ocr_carea' id='block_1_102' title="bbox 596 5495 1168 5565">
    <p class='ocr_par' dir='ltr' id='par_1_102' title="bbox 596 5495 1168 5565">
     <span class='ocr_line' id='line_1_102' title="bbox 596 5495 1168 5565; baseline 0 -18"><span class='ocrx_word' id='word_1_650' title='bbox 596 5495 871 5548; x_wconf 73' lang='lat' dir='ltr'><strong>simuatim</strong></span> <span class='ocrx_word' id='word_1_651' title='bbox 897 5495 1168 5565; x_wconf 87' lang='lat' dir='ltr'><strong>ascripsit.</strong></span> 
     </span>
    </p>
   </div>
   <div class='ocr_carea' id='block_1_103' title="bbox 668 5582 1743 5651">
    <p class='ocr_par' dir='ltr' id='par_1_103' title="bbox 668 5582 1743 5651">
     <span class='ocr_line' id='line_1_103' title="bbox 668 5582 1743 5651; baseline 0.003 -16"><span class='ocrx_word' id='word_1_652' title='bbox 668 5582 895 5636; x_wconf 77' lang='lat' dir='ltr'><strong>Moritur</strong></span> <span class='ocrx_word' id='word_1_653' title='bbox 922 5601 1061 5639; x_wconf 87' lang='lat' dir='ltr'><strong>anno</strong></span> <span class='ocrx_word' id='word_1_654' title='bbox 1092 5587 1249 5651; x_wconf 74' lang='lat' dir='ltr'><strong>H72,</strong></span> <span class='ocrx_word' id='word_1_655' title='bbox 1283 5601 1356 5638; x_wconf 86' lang='lat' dir='ltr'><strong>vlt</strong></span> <span class='ocrx_word' id='word_1_656' title='bbox 1393 5584 1510 5637; x_wconf 79' lang='lat' dir='ltr'><strong>Kal.</strong></span> <span class='ocrx_word' id='word_1_657' title='bbox 1545 5585 1743 5638; x_wconf 82' lang='lat' dir='ltr'><strong>Martii.</strong></span> 
     </span>
    </p>
   </div>
   <div class='ocr_carea' id='block_1_104' title="bbox 669 5671 2174 5746">
    <p class='ocr_par' dir='ltr' id='par_1_104' title="bbox 669 5671 2174 5746">
     <span class='ocr_line' id='line_1_104' title="bbox 669 5671 2174 5746; baseline 0.002 -21"><span class='ocrx_word' id='word_1_658' title='bbox 669 5671 808 5725; x_wconf 71' lang='lat' dir='ltr'><strong>XIX.</strong></span> <span class='ocrx_word' id='word_1_659' title='bbox 837 5673 986 5746; x_wconf 81' lang='lat' dir='ltr'><strong>Ilugo</strong></span> <span class='ocrx_word' id='word_1_660' title='bbox 1012 5676 1052 5730; x_wconf 91' lang='lat' dir='ltr'><strong>II</strong></span> <span class='ocrx_word' id='word_1_661' title='bbox 1090 5676 1272 5742; x_wconf 88' lang='lat' dir='ltr'><strong>(quem</strong></span> <span class='ocrx_word' id='word_1_662' title='bbox 1312 5675 1715 5731; x_wconf 67' lang='lat' dir='ltr'><strong>(ant&#39;omoatani</strong></span> <span class='ocrx_word' id='word_1_663' title='bbox 1761 5674 1976 5730; x_wconf 86' lang='lat' dir='ltr'><strong>comitis</strong></span> <span class='ocrx_word' id='word_1_664' title='bbox 2008 5675 2174 5730; x_wconf 83' lang='lat' dir='ltr'><strong>filium</strong></span> 
     </span>
    </p>
   </div>
   <div class='ocr_carea' id='block_1_105' title="bbox 2269 4489 3831 4567">
    <p class='ocr_par' dir='ltr' id='par_1_105' title="bbox 2269 4489 3831 4567">
     <span class='ocr_line' id='line_1_105' title="bbox 2269 4489 3831 4567; baseline 0.004 -24"><span class='ocrx_word' id='word_1_665' title='bbox 2269 4489 2552 4559; x_wconf 87' lang='lat' dir='ltr'><strong>capellam,</strong></span> <span class='ocrx_word' id='word_1_666' title='bbox 2585 4507 2704 4560; x_wconf 74' lang='lat' dir='ltr'><strong>qua:</strong></span> <span class='ocrx_word' id='word_1_667' title='bbox 2743 4490 2794 4544; x_wconf 91' lang='lat' dir='ltr'><strong>in</strong></span> <span class='ocrx_word' id='word_1_668' title='bbox 2821 4491 3025 4546; x_wconf 91' lang='lat' dir='ltr'><strong>honore</strong></span> <span class='ocrx_word' id='word_1_669' title='bbox 3050 4494 3353 4549; x_wconf 86' lang='lat' dir='ltr'><strong>beatissimi</strong></span> <span class='ocrx_word' id='word_1_670' title='bbox 3379 4501 3642 4567; x_wconf 77' lang='lat' dir='ltr'><strong>martyris</strong></span> <span class='ocrx_word' id='word_1_671' title='bbox 3660 4495 3831 4551; x_wconf 78' lang='lat' dir='ltr'><strong>Arual-</strong></span> 
     </span>
    </p>
   </div>
   <div class='ocr_carea' id='block_1_106' title="bbox 2271 4579 3835 4658">
    <p class='ocr_par' dir='ltr' id='par_1_106' title="bbox 2271 4579 3835 4658">
     <span class='ocr_line' id='line_1_106' title="bbox 2271 4579 3835 4658; baseline 0.006 -27"><span class='ocrx_word' id='word_1_672' title='bbox 2271 4581 2362 4649; x_wconf 91' lang='lat' dir='ltr'><strong>phi</strong></span> <span class='ocrx_word' id='word_1_673' title='bbox 2398 4579 2620 4634; x_wconf 87' lang='lat' dir='ltr'><strong>fundata</strong></span> <span class='ocrx_word' id='word_1_674' title='bbox 2660 4589 2763 4644; x_wconf 89' lang='lat' dir='ltr'><strong>cst,</strong></span> <span class='ocrx_word' id='word_1_675' title='bbox 2820 4581 3065 4638; x_wconf 75' lang='lat' dir='ltr'><strong>ecclesia:</strong></span> <span class='ocrx_word' id='word_1_676' title='bbox 3097 4586 3160 4638; x_wconf 89' lang='lat' dir='ltr'><strong>de</strong></span> <span class='ocrx_word' id='word_1_677' title='bbox 3192 4584 3448 4641; x_wconf 84' lang='lat' dir='ltr'><strong>Flaviaco</strong></span> <span class='ocrx_word' id='word_1_678' title='bbox 3470 4593 3709 4643; x_wconf 88' lang='lat' dir='ltr'><strong>concedo</strong></span> <span class='ocrx_word' id='word_1_679' title='bbox 3732 4606 3835 4658; x_wconf 83' lang='lat' dir='ltr'><strong>per-</strong></span> 
     </span>
    </p>
   </div>
   <div class='ocr_carea' id='block_1_107' title="bbox 2271 4674 3831 4750">
    <p class='ocr_par' dir='ltr' id='par_1_107' title="bbox 2271 4674 3831 4750">
     <span class='ocr_line' id='line_1_107' title="bbox 2271 4674 3831 4750; baseline 0.006 -25"><span class='ocrx_word' id='word_1_680' title='bbox 2271 4683 2434 4740; x_wconf 91' lang='lat' dir='ltr'><strong>petuo</strong></span> <span class='ocrx_word' id='word_1_681' title='bbox 2461 4674 2862 4739; x_wconf 85' lang='lat' dir='ltr'><strong>possidendam,</strong></span> <span class='ocrx_word' id='word_1_682' title='bbox 2889 4675 3036 4729; x_wconf 84' lang='lat' dir='ltr'><strong>salvo</strong></span> <span class='ocrx_word' id='word_1_683' title='bbox 3066 4676 3189 4746; x_wconf 85' lang='lat' dir='ltr'><strong>jure</strong></span> <span class='ocrx_word' id='word_1_684' title='bbox 3227 4680 3728 4750; x_wconf 83' lang='lat' dir='ltr'><strong>circnmjaeentium</strong></span> <span class='ocrx_word' id='word_1_685' title='bbox 3758 4699 3831 4750; x_wconf 84' lang='lat' dir='ltr'><strong>pa-</strong></span> 
     </span>
    </p>
   </div>
   <div class='ocr_carea' id='block_1_108' title="bbox 2273 4765 3831 4835">
    <p class='ocr_par' dir='ltr' id='par_1_108' title="bbox 2273 4765 3831 4835">
     <span class='ocr_line' id='line_1_108' title="bbox 2273 4765 3831 4835; baseline 0.005 -17"><span class='ocrx_word' id='word_1_686' title='bbox 2273 4765 2579 4818; x_wconf 87' lang='lat' dir='ltr'><strong>rochiarum</strong></span> <span class='ocrx_word' id='word_1_687' title='bbox 2612 4782 2624 4817; x_wconf 89' lang='lat'><strong>:</strong></span> <span class='ocrx_word' id='word_1_688' title='bbox 2653 4765 2730 4819; x_wconf 91' lang='lat' dir='ltr'><strong>sic</strong></span> <span class='ocrx_word' id='word_1_689' title='bbox 2759 4765 2900 4819; x_wconf 90' lang='lat' dir='ltr'><strong>enim</strong></span> <span class='ocrx_word' id='word_1_690' title='bbox 2925 4768 3151 4835; x_wconf 80' lang='lat' dir='ltr'><strong>singulis</strong></span> <span class='ocrx_word' id='word_1_691' title='bbox 3173 4785 3266 4822; x_wconf 88' lang='lat' dir='ltr'><strong>sua</strong></span> <span class='ocrx_word' id='word_1_692' title='bbox 3293 4777 3482 4824; x_wconf 91' lang='lat' dir='ltr'><strong>teneor</strong></span> <span class='ocrx_word' id='word_1_693' title='bbox 3510 4788 3831 4826; x_wconf 80' lang='lat' dir='ltr'><strong>coaservare.</strong></span> 
     </span>
    </p>
   </div>
   <div class='ocr_carea' id='block_1_109' title="bbox 2275 4855 3834 4932">
    <p class='ocr_par' dir='ltr' id='par_1_109' title="bbox 2275 4855 3834 4932">
     <span class='ocr_line' id='line_1_109' title="bbox 2275 4855 3834 4932; baseline 0.004 -24"><span class='ocrx_word' id='word_1_694' title='bbox 2275 4862 2333 4908; x_wconf 91' lang='lat' dir='ltr'><strong>ut</strong></span> <span class='ocrx_word' id='word_1_695' title='bbox 2387 4855 2510 4909; x_wconf 89' lang='lat' dir='ltr'><strong>aliis</strong></span> <span class='ocrx_word' id='word_1_696' title='bbox 2563 4871 2665 4908; x_wconf 84' lang='lat' dir='ltr'><strong>non</strong></span> <span class='ocrx_word' id='word_1_697' title='bbox 2719 4856 3013 4924; x_wconf 84' lang='lat' dir='ltr'><strong>depereant</strong></span> <span class='ocrx_word' id='word_1_698' title='bbox 3058 4858 3252 4928; x_wconf 78' lang='lat' dir='ltr'><strong>legata,</strong></span> <span class='ocrx_word' id='word_1_699' title='bbox 3278 4860 3444 4914; x_wconf 88' lang='lat' dir='ltr'><strong>etiam</strong></span> <span class='ocrx_word' id='word_1_700' title='bbox 3475 4864 3599 4930; x_wconf 64' lang='lat' dir='ltr'><strong>quas</strong></span> <span class='ocrx_word' id='word_1_701' title='bbox 3628 4864 3834 4932; x_wconf 65' lang='lat' dir='ltr'><strong>prtel&#39;ataa</strong></span> 
     </span>
    </p>
   </div>
   <div class='ocr_carea' id='block_1_110' title="bbox 2269 4943 3834 5021">
    <p class='ocr_par' dir='ltr' id='par_1_110' title="bbox 2269 4943 3834 5021">
     <span class='ocr_line' id='line_1_110' title="bbox 2269 4943 3834 5021; baseline 0.003 -22"><span class='ocrx_word' id='word_1_702' title='bbox 2269 4943 2516 5000; x_wconf 75' lang='lat' dir='ltr'><strong>ecclesia:</strong></span> <span class='ocrx_word' id='word_1_703' title='bbox 2569 4945 2711 5008; x_wconf 88' lang='lat' dir='ltr'><strong>facta</strong></span> <span class='ocrx_word' id='word_1_704' title='bbox 2767 4947 3007 5011; x_wconf 88' lang='lat' dir='ltr'><strong>fuerunt,</strong></span> <span class='ocrx_word' id='word_1_705' title='bbox 3050 4949 3164 5002; x_wconf 88' lang='lat' dir='ltr'><strong>sive</strong></span> <span class='ocrx_word' id='word_1_706' title='bbox 3215 4950 3466 5006; x_wconf 85' lang='lat' dir='ltr'><strong>ministro</strong></span> <span class='ocrx_word' id='word_1_707' title='bbox 3516 4953 3768 5021; x_wconf 85' lang='lat' dir='ltr'><strong>ejusdem,</strong></span> <span class='ocrx_word' id='word_1_708' title='bbox 3793 4954 3834 5006; x_wconf 83' lang='lat' dir='ltr'><strong>ei</strong></span> 
     </span>
    </p>
   </div>
   <div class='ocr_carea' id='block_1_111' title="bbox 2273 5039 3833 5107">
    <p class='ocr_par' dir='ltr' id='par_1_111' title="bbox 2273 5039 3833 5107">
     <span class='ocr_line' id='line_1_111' title="bbox 2273 5039 3833 5107; baseline 0.003 -16"><span class='ocrx_word' id='word_1_709' title='bbox 2273 5047 2539 5106; x_wconf 80' lang='lat' dir='ltr'><strong>praesente</strong></span> <span class='ocrx_word' id='word_1_710' title='bbox 2572 5039 2794 5106; x_wconf 88' lang='lat' dir='ltr'><strong>scripto,</strong></span> <span class='ocrx_word' id='word_1_711' title='bbox 2851 5050 2903 5090; x_wconf 89' lang='lat' dir='ltr'><strong>ct</strong></span> <span class='ocrx_word' id='word_1_712' title='bbox 2943 5039 3098 5106; x_wconf 73' lang='lat' dir='ltr'><strong>sigilli</strong></span> <span class='ocrx_word' id='word_1_713' title='bbox 3133 5042 3302 5095; x_wconf 88' lang='lat' dir='ltr'><strong>nostri</strong></span> <span class='ocrx_word' id='word_1_714' title='bbox 3339 5046 3689 5107; x_wconf 84' lang='lat' dir='ltr'><strong>auctoritate,</strong></span> <span class='ocrx_word' id='word_1_715' title='bbox 3719 5061 3833 5098; x_wconf 85' lang='lat' dir='ltr'><strong>con-</strong></span> 
     </span>
    </p>
   </div>
   <div class='ocr_carea' id='block_1_112' title="bbox 2276 5128 2502 5180">
    <p class='ocr_par' dir='ltr' id='par_1_112' title="bbox 2276 5128 2502 5180">
     <span class='ocr_line' id='line_1_112' title="bbox 2276 5128 2502 5180; baseline -0.004 -1"><span class='ocrx_word' id='word_1_716' title='bbox 2276 5128 2450 5180; x_wconf 85' lang='lat' dir='ltr'><strong>lirnto.</strong></span> <span class='ocrx_word' id='word_1_717' title='bbox 2485 5145 2502 5178; x_wconf 76' lang='grc' dir='ltr'><strong><em>ι</em></strong></span> 
     </span>
    </p>
   </div>
   <div class='ocr_carea' id='block_1_113' title="bbox 2346 5216 3834 5278">
    <p class='ocr_par' dir='ltr' id='par_1_113' title="bbox 2346 5216 3834 5278">
     <span class='ocr_line' id='line_1_113' title="bbox 2346 5216 3834 5278; baseline 0.003 -7"><span class='ocrx_word' id='word_1_718' title='bbox 2346 5217 2451 5271; x_wconf 89' lang='lat' dir='ltr'><strong>Sua</strong></span> <span class='ocrx_word' id='word_1_719' title='bbox 2505 5216 2606 5272; x_wconf 92' lang='lat' dir='ltr'><strong>sub</strong></span> <span class='ocrx_word' id='word_1_720' title='bbox 2667 5217 2828 5270; x_wconf 85' lang='lat' dir='ltr'><strong>tutela</strong></span> <span class='ocrx_word' id='word_1_721' title='bbox 2880 5217 3232 5275; x_wconf 83' lang='lat' dir='ltr'><strong>Flaviacense</strong></span> <span class='ocrx_word' id='word_1_722' title='bbox 3277 5224 3591 5277; x_wconf 73' lang='lat' dir='ltr'><strong>cwnobium</strong></span> <span class='ocrx_word' id='word_1_723' title='bbox 3622 5225 3834 5278; x_wconf 73' lang='lat' dir='ltr'><strong>declarat</strong></span> 
     </span>
    </p>
   </div>
   <div class='ocr_carea' id='block_1_114' title="bbox 2274 5309 3832 5385">
    <p class='ocr_par' dir='ltr' id='par_1_114' title="bbox 2274 5309 3832 5385">
     <span class='ocr_line' id='line_1_114' title="bbox 2274 5309 3832 5385; baseline 0.001 -21"><span class='ocrx_word' id='word_1_724' title='bbox 2274 5309 2550 5380; x_wconf 81' lang='lat' dir='ltr'><strong>Philippus</strong></span> <span class='ocrx_word' id='word_1_725' title='bbox 2569 5310 2901 5364; x_wconf 86' lang='lat' dir='ltr'><strong>Francorum</strong></span> <span class='ocrx_word' id='word_1_726' title='bbox 2930 5311 2969 5364; x_wconf 94' lang='lat' dir='ltr'><strong>II</strong></span> <span class='ocrx_word' id='word_1_727' title='bbox 3000 5326 3115 5372; x_wconf 85' lang='lat' dir='ltr'><strong>rex,</strong></span> <span class='ocrx_word' id='word_1_728' title='bbox 3145 5327 3240 5366; x_wconf 88' lang='lat' dir='ltr'><strong>seu</strong></span> <span class='ocrx_word' id='word_1_729' title='bbox 3278 5315 3458 5382; x_wconf 88' lang='lat' dir='ltr'><strong>potius</strong></span> <span class='ocrx_word' id='word_1_730' title='bbox 3498 5316 3724 5385; x_wconf 86' lang='lat' dir='ltr'><strong>diploma</strong></span> <span class='ocrx_word' id='word_1_731' title='bbox 3745 5315 3832 5368; x_wconf 92' lang='lat' dir='ltr'><strong>Lu-</strong></span> 
     </span>
    </p>
   </div>
   <div class='ocr_carea' id='block_1_115' title="bbox 2277 5391 3640 5470">
    <p class='ocr_par' dir='ltr' id='par_1_115' title="bbox 2277 5391 3640 5470">
     <span class='ocr_line' id='line_1_115' title="bbox 2277 5391 3640 5470; baseline 0.002 -15"><span class='ocrx_word' id='word_1_732' title='bbox 2277 5402 2450 5455; x_wconf 86' lang='lat' dir='ltr'><strong>dovici</strong></span> <span class='ocrx_word' id='word_1_733' title='bbox 2488 5401 2571 5454; x_wconf 76' lang='lat' dir='ltr'><strong>VII</strong></span> <span class='ocrx_word' id='word_1_734' title='bbox 2598 5401 2993 5470; x_wconf 83' lang='lat' dir='ltr'><strong>approbatsuis</strong></span> <span class='ocrx_word' id='word_1_735' title='bbox 3032 5402 3250 5457; x_wconf 84' lang='lat' dir='ltr'><strong>litteris.</strong></span> <span class='ocrx_word' id='word_1_736' title='bbox 3637 5391 3640 5396; x_wconf 59' lang='grc'><em>’</em></span> 
     </span>
    </p>
   </div>
   <div class='ocr_carea' id='block_1_116' title="bbox 2348 5492 3829 5566">
    <p class='ocr_par' dir='ltr' id='par_1_116' title="bbox 2348 5492 3829 5566">
     <span class='ocr_line' id='line_1_116' title="bbox 2348 5492 3829 5566; baseline 0 -20"><span class='ocrx_word' id='word_1_737' title='bbox 2348 5492 2594 5561; x_wconf 88' lang='lat' dir='ltr'><strong>Deposita</strong></span> <span class='ocrx_word' id='word_1_738' title='bbox 2613 5493 2790 5546; x_wconf 88' lang='lat' dir='ltr'><strong>carnis</strong></span> <span class='ocrx_word' id='word_1_739' title='bbox 2806 5493 3016 5546; x_wconf 89' lang='lat' dir='ltr'><strong>sarcina</strong></span> <span class='ocrx_word' id='word_1_740' title='bbox 3051 5493 3204 5564; x_wconf 81' lang='lat' dir='ltr'><strong>IIugo</strong></span> <span class='ocrx_word' id='word_1_741' title='bbox 3225 5495 3288 5548; x_wconf 87' lang='lat' dir='ltr'><strong>ad</strong></span> <span class='ocrx_word' id='word_1_742' title='bbox 3325 5506 3588 5552; x_wconf 75' lang='lat' dir='ltr'><strong>aeternam</strong></span> <span class='ocrx_word' id='word_1_743' title='bbox 3622 5498 3829 5566; x_wconf 82' lang='lat' dir='ltr'><strong>requiem</strong></span> 
     </span>
    </p>
   </div>
   <div class='ocr_carea' id='block_1_117' title="bbox 2280 5583 3533 5644">
    <p class='ocr_par' dir='ltr' id='par_1_117' title="bbox 2280 5583 3533 5644">
     <span class='ocr_line' id='line_1_117' title="bbox 2280 5583 3533 5644; baseline 0.003 -6"><span class='ocrx_word' id='word_1_744' title='bbox 2280 5602 2326 5638; x_wconf 84' lang='lat' dir='ltr'><strong>vt</strong></span> <span class='ocrx_word' id='word_1_745' title='bbox 2357 5585 2626 5640; x_wconf 66' lang='lat' dir='ltr'><strong>Kalendas</strong></span> <span class='ocrx_word' id='word_1_746' title='bbox 2659 5583 2909 5640; x_wconf 84' lang='lat' dir='ltr'><strong>Octobris</strong></span> <span class='ocrx_word' id='word_1_747' title='bbox 2941 5584 3076 5639; x_wconf 74' lang='grc'><strong>1200</strong></span> <span class='ocrx_word' id='word_1_748' title='bbox 3105 5589 3399 5642; x_wconf 79' lang='lat' dir='ltr'><strong>translatus</strong></span> <span class='ocrx_word' id='word_1_749' title='bbox 3431 5601 3533 5644; x_wconf 89' lang='lat' dir='ltr'><strong>est.</strong></span> 
     </span>
    </p>
   </div>
   <div class='ocr_carea' id='block_1_118' title="bbox 2353 5675 3811 5744">
    <p class='ocr_par' dir='ltr' id='par_1_118' title="bbox 2353 5675 3811 5744">
     <span class='ocr_line' id='line_1_118' title="bbox 2353 5675 3811 5744; baseline 0 -17"><span class='ocrx_word' id='word_1_750' title='bbox 2353 5675 2512 5729; x_wconf 73' lang='lat' dir='ltr'><strong>XXII.</strong></span> <span class='ocrx_word' id='word_1_751' title='bbox 2562 5675 2888 5730; x_wconf 82' lang='lat' dir='ltr'><strong>Eustachius</strong></span> <span class='ocrx_word' id='word_1_752' title='bbox 2916 5675 3173 5744; x_wconf 79' lang='lat' dir='ltr'><strong>singulari</strong></span> <span class='ocrx_word' id='word_1_753' title='bbox 3220 5678 3492 5744; x_wconf 85' lang='lat' dir='ltr'><strong>doctrina,</strong></span> <span class='ocrx_word' id='word_1_754' title='bbox 3547 5678 3811 5734; x_wconf 81' lang='lat' dir='ltr'><strong>sanctitate</strong></span> 
     </span>
    </p>
   </div>
  </div>
