4032 6336
152 332 179 358 ε
236 310 376 370 1097

1452 308 1671 373 DOMNI
1704 309 1770 373 L.
1809 304 2159 373 D‘ACHERY
2183 309 2413 374 NOTAE.

3384 315 3528 382 1098

231 428 509 498 rebusque
541 420 804 498 praeclare
826 411 1041 501 gestis,~
1077 411 1224 486 inter
1251 434 1477 486 caeteros
1506 428 1828 486 Flaviacen-
1853 432 1902 494 Α
2001 430 2163 499 Area,
2208 430 2346 486 lator
2377 427 2542 501 legt's;
2571 428 2803 501 formula
2829 429 2974 504 facta
3008 428 3197 506 gregis.

233 522 310 577 sis
324 520 574 578 asceterii
600 521 1061 580 archimandritas
1076 524 1424 596 conspicuus.
1448 525 1828 582 communibus

230 612 462 668 fratrum
509 614 673 678 votis,
708 624 766 670 et
801 631 1026 672 assensu
1071 617 1309 689 episcopi
1346 617 1711 685 Belvar-ensis,
1739 614 1825 674 cui

230 722 258 758 a
286 706 520 762 secretis
549 717 670 762 erat
695 707 1062 775 Euchachius,
1091 708 1411 780 praeﬁcitur,
1446 710 1523 765 uti
1552 726 1618 766 ex
1649 708 1830 780 subje-

228 807 315 857 cta
356 798 667 868 postulandi
721 816 1024 859 consensus
1059 802 1298 875 episcopi
1350 802 1585 859 formula
1610 802 1827 875 perapi-

227 901 390 939 cuum
417 885 650 943 habetur
680 905 693 941 :

297 978 463 1051 607
481 997 499 1030 ι
520 979 735 1035 Gratius
763 980 1262 1051 agimusimmensze
1275 982 1594 1055 benignitati
1612 989 1829 1048 vestrm,

227 1088 349 1144 qua:
365 1091 469 1129 non
486 1074 658 1130 solum
688 1077 941 1141 assentit,
973 1078 1066 1133 sed
1088 1078 1254 1133 etiam
1278 1077 1581 1149 congaudet
1602 1076 1828 1133 electio-

228 1166 283 1221 ni
313 1174 538 1221 nostrte:
564 1183 629 1222 eo
649 1170 792 1238 quod
820 1171 1161 1226 concorditer
1190 1171 1332 1226 facta
1354 1170 1443 1235 sit,
1458 1180 1512 1224 et
1532 1169 1828 1226 secundum

230 1266 481 1314 tenorem
501 1256 749 1329 justitiie.
787 1260 1038 1318 lnvocata
1072 1278 1307 1334 namque
1338 1262 1623 1318 clementia
1644 1260 1830 1317 Sancti

228 1349 488 1423 Spiritus,
515 1352 633 1408 sine
663 1369 772 1425 quo
804 1370 993 1425 preces
1037 1371 1227 1410 omnes
1274 1370 1447 1411 cassa:
1489 1363 1635 1419 sunt,
1665 1353 1830 1424 elegi-

226 1458 351 1497 mus
403 1443 778 1513 Eustachium,
828 1446 1186 1502 secretarium
1225 1446 1434 1502 scilicet
1461 1454 1724 1510 vestrum,
1752 1443 1833 1499 vi-

227 1552 348 1592 rum
388 1537 701 1604 honestum,
749 1541 1131 1610 approbatum,
1178 1538 1481 1611 simplicem
1511 1547 1566 1593 el.
1599 1546 1828 1601 rectum,

226 1626 373 1684 intus
407 1636 462 1682 et
496 1628 628 1684 foris
667 1629 866 1685 bonum
904 1631 1193 1687 habentem
1226 1631 1619 1686 testimonium.
1675 1628 1832 1685 Hunc

229 1720 414 1785 talem,
450 1718 615 1776 Pater
642 1722 1108 1787 revereudissime,
1157 1723 1313 1778 vobis
1336 1730 1753 1793 prazseutamus,
1780 1726 1837 1776 et

227 1823 287 1869 ut
318 1825 644 1886 pl‘aeseutato
674 1831 894 1872 manum
936 1817 1333 1873 benei‘lictionis
1359 1815 1668 1888 apponatis,
1697 1829 1830 1884 sup-
1861 1794 1907 1856 Β

226 1903 441 1976 pliciter
464 1906 822 1976 postulamus.
853 1927 872 1960 ι

303 1995 711 2054 Northmaunire
739 2000 969 2056 ducatus
996 2000 1085 2056 ubi
1114 2000 1167 2056 in
1187 2000 1278 2070 jus
1301 2000 1558 2057 cessisset
1584 1999 1829 2057 Franco-

229 2104 375 2153 rum,
412 2088 693 2160 Philippus
722 2091 763 2146 lI
792 2108 886 2147 rex
936 2092 1318 2151 Flaviacenses
1346 2094 1547 2150 litteris
1585 2093 1834 2149 tutelarl-

224 2179 331 2237 bus
358 2183 536 2238 munit
563 2199 748 2240 mense
776 2183 921 2241 Julio
953 2185 1111 2240 1202.

298 2272 434 2330 Cum
475 2275 529 2329 in
559 2275 750 2346 Anglia
791 2288 845 2332 et
886 2275 1091 2343 Scotia,
1141 2276 1298 2351 legati
1343 2284 1612 2350 potestate
1648 2277 1717 2333 ab
1745 2275 1836 2332 ln-

226 2367 487 2424 nocentio
522 2366 588 2423 III
643 2378 890 2441 accepta,
939 2370 1110 2426 semel
1158 2387 1221 2427 ac
1272 2371 1471 2426 iterum
1510 2371 1833 2441 fungeretur

227 2456 556 2515 Eustachius
610 2459 798 2524 abbas,
839 2480 858 2513 ι
890 2460 1212 2519 Praedicavit
1236 2462 1319 2535 (ut
1370 2463 1535 2519 habet
1584 2462 1834 2532 Rogerus

228 2548 573 2619 Ilovedenus)
608 2555 832 2610 verbum
887 2555 1122 2623 Domini,
1169 2566 1225 2613 et
1277 2557 1346 2615 de
1392 2557 1833 2630 transgressione

227 2643 524 2703 Dominicae
550 2647 655 2704 diei
685 2658 738 2704 et
782 2648 1013 2705 aliarum
1044 2650 1420 2718 festivitatum,
1455 2650 1605 2707 dedit
1631 2649 1834 2721 populo

226 2740 608 2809 paenitentiam
644 2750 702 2800 et
733 2743 1156 2811 absolutionem,
1177 2804 1186 2821 ,
1209 2745 1312 2798 sub
1344 2744 1438 2798 tali
1492 2744 1830 2811 conditione,

228 2834 371 2901 quod
402 2832 476 2887 illi
506 2834 573 2890 de
603 2844 801 2891 extero
831 2836 1069 2890 debitam
1128 2834 1504 2905 impenderent
1533 2833 1833 2891 Dominica:

228 2921 336 2979 dici
366 2934 420 2979 et
457 2925 579 2983 aliis
627 2939 939 2983 sanctorum
996 2928 1384 2983 festivitatibus
1438 2928 1830 2997 reverentiam,

234 3032 343 3074 nou
376 3019 628 3075 faciendo
657 3021 709 3075 in
737 3022 816 3076 eis
844 3022 1139 3092 quidquam
1170 3021 1384 3077 scrvilis
1409 3022 1611 3091 operis,
1644 3035 1744 3076 nec
1772 3019 1834 3074 in

227 3105 526 3165 Dominicis
558 3121 887 3166 exercerent
935 3111 1108 3166 forum
1166 3126 1349 3165 rerum
1390 3109 1685 3176 venalium,
1730 3108 1832 3166 sed

225 3203 386 3260 bonis
406 3204 679 3276 operibus,
707 3204 939 3259 orationi
970 3205 1161 3261 devote
1185 3204 1522 3259 insisterent.
1567 3202 1693 3257 Hzee
1714 3216 1828 3257 ser-
1860 3176 1905 3234 (ἶ

227 3296 406 3351 venda
460 3296 743 3351 constituit
808 3295 878 3351 ab
910 3297 1041 3351 hora
1092 3311 1234 3351 nona
1283 3294 1492 3351 sabbati
1558 3309 1729 3365 usque
1761 3293 1836 3348 ad

226 3394 409 3441 ortum
454 3386 585 3443 solis
619 3387 671 3442 in
705 3388 791 3443 die
822 3388 1006 3443 Lunae.
1041 3386 1279 3460 Pupulus
1309 3397 1489 3442 autem
1522 3387 1631 3442 Deo
1668 3386 1837 3441 devo—

230 3487 321 3534 tus
355 3482 420 3535 ad
453 3480 596 3537 illius
622 3483 1089 3553 praedicationem,
1132 3492 1399 3538 voverunt
1441 3480 1551 3539 Deo
1575 3482 1721 3553 quod
1764 3480 1836 3535 de

227 3581 429 3629 caetero
458 3573 509 3628 in
543 3573 735 3629 diebus
761 3573 1077 3637 Dominicis,
1118 3588 1221 3629 nec
1240 3573 1533 3643 quidquam
1560 3578 1830 3635 emerent,

229 3680 331 3722 nec
359 3667 675 3730 venderent,
711 3667 814 3723 nisi
866 3666 1005 3721 forte
1045 3666 1227 3722 cibum
1254 3674 1312 3720 et
1357 3675 1543 3738 potum
1598 3673 1829 3736 praeter-

233 3758 510 3815 euntibus.
540 3758 813 3816 Voverunt
849 3760 1014 3815 etiam
1059 3760 1201 3831 quod
1236 3760 1302 3815 de
1332 3743 1561 3829 singulis
1590 3756 1833 3828 quinque

229 3850 419 3909 solidis
439 3849 681 3906 omnium
712 3865 891 3907 rermn
913 3865 1268 3923 quascunque
1289 3849 1607 3913 venderent,
1634 3847 1835 3903 darent

230 3958 403 3999 unum
444 3942 807 4011 quadrantem
846 3942 913 3998 ad
943 3942 1121 3998 lumen
1162 3941 1408 3997 ecclesiae
1444 3939 1750 4004 emendum,
1779 3944 1836 3994 et

230 4036 299 4092 ad
324 4035 661 4107 sepulturam
693 4035 1071 4109 indigentium.
1116 4034 1180 4090 Et
1212 4035 1277 4089 ad
1310 4033 1418 4089 hoc
1446 4032 1832 4105 colligendum,

244 4129 438 4185 statuit
479 4129 768 4198 praedictus
804 4128 974 4183 abbas
1009 4128 1062 4182 in
1093 4124 1319 4198 singulis
1379 4125 1625 4182 ecclesiis
1673 4138 1836 4195 paro-

230 4219 496 4278 chialibus
524 4218 641 4275 fieri
678 4227 929 4273 truncum
954 4232 1277 4282 concavum,
1301 4216 1402 4273 sub
1428 4214 1674 4272 custodia
1695 4214 1835 4269 duo-

230 4327 353 4369 rum
384 4322 479 4369 aut
509 4312 673 4367 trimn
729 4310 967 4365 fidelium
1025 4308 1325 4374 hominum,
1371 4306 1462 4361 ubi
1495 4305 1726 4378 populus
1748 4305 1836 4376 ja-

231 4417 411 4467 Ctaret
447 4405 900 4479 praenominatnm
941 4418 1036 4458 tes.
1108 4401 1313 4457 Statuit
1360 4402 1526 4457 etiam
1577 4398 1835 4472 praefatus

232 4500 425 4564 abbas,
464 4498 606 4569 quod
652 4496 835 4552 discus
869 4494 1332 4566 eleemosynarius
1363 4493 1663 4549 haberetur
1698 4508 1833 4563 quo-
1864 4530 1919 4595 υ

236 4592 364 4649 tidie
405 4591 457 4647 in
481 4604 669 4646 mensa
700 4588 953 4653 divitum,
982 4587 1034 4642 in
1068 4603 1175 4657 quo
1201 4594 1411 4656 partem
1437 4586 1682 4641 ciborum
1709 4600 1836 4641 suo-

235 4699 360 4741 rum
409 4682 690 4739 mitterent
722 4682 787 4735 ad
815 4695 947 4751 Opus
978 4678 1357 4751 indigentium,
1408 4678 1499 4748 qui
1535 4692 1642 4732 non
1689 4692 1828 4747 prae-

230 4778 553 4849 paraverint
579 4774 704 4831 sibi.
733 4772 1021 4830 Prohibuit
1044 4783 1226 4830 autem
1254 4772 1396 4826 idem
1428 4772 1598 4827 abbas
1625 4787 1691 4826 ne
1714 4770 1838 4840 quis

235 4873 290 4927 in
314 4871 580 4935 ecclesiis,
604 4868 688 4924 vel
715 4868 871 4924 atriis
893 4882 1081 4924 earum
1107 4868 1387 4931 venderet,
1426 4873 1635 4922 emeret
1680 4864 1837 4937 quid-

234 4983 424 5037 quam,
462 4965 541 5020 vel
576 4962 881 5036 placitaret.
917 4982 935 5017 ι

309 5058 550 5115 Tandem
581 5064 774 5127 postea
810 5070 972 5127 quam
1020 5054 1266 5126 probatis
1318 5052 1692 5125 religiosisque
1722 5066 1838 5107 mo-

234 5152 387 5209 ribus
417 5149 742 5206 instituisset
786 5146 985 5202 fratres
1014 5161 1162 5211 suos,
1206 5146 1447 5200 auxisset
1477 5145 1616 5199 bona
1647 5158 1839 5199 mona-

238 5242 421 5308 sterii,
460 5251 515 5297 et
552 5240 712 5311 longe
753 5237 969 5308 lateque
999 5237 1144 5292 fama
1195 5252 1420 5291 summre
1465 5236 1685 5306 pietatis
1715 5247 1839 5304 per-

236 5337 497 5401 volasset,
528 5342 655 5390 nota
700 5331 1027 5398 sanctitatis,
1056 5344 1175 5400 quae
1212 5330 1511 5383 etiamnum
1547 5326 1837 5397 pervulga-

235 5444 328 5487 tur
369 5428 681 5501 insignitus,
742 5426 809 5480 ad
863 5423 1143 5480 caelestem
1184 5422 1416 5493 patriam
1479 5419 1840 5489 transmigra-

235 5525 316 5579 vit
350 5539 401 5576 vi
452 5521 527 5576 Id.
565 5516 906 5591 Septembris
938 5514 1096 5570 1211.
1155 5513 1419 5569 Conditus
1452 5511 1599 5582 jacet
1628 5510 1683 5564 in
1718 5525 1838 5564 me-

237 5612 451 5670 ditullio
479 5611 726 5668 ecclesia:
764 5624 889 5666 cum
930 5608 1034 5666 hac
1071 5605 1363 5679 epigraphe
1392 5618 1523 5660 saxo
1553 5599 1839 5673 sepulcrali

235 5709 432 5765 incisa.

241 5798 429 5858 Cultor
457 5793 748 5853 Itonestatis
776 5807 925 5849 verus
947 5791 1093 5863 jacet
1122 5790 1227 5857 hic,
1251 5799 1299 5845 et
1340 5788 1550 5860 pietatis

538 5932 814 5995 ΡΑτιιοι.
861 5926 1046 5989 CLVI
1055 5967 1068 5991 δ

1940 520 2216 583 Vermibus
2243 542 2359 581 esca
2386 526 2569 594 datus,
2599 528 2773 583 cuncti
2807 544 2907 600 quo
2931 531 3215 600 tendimus,
3244 529 3335 590 ivit
3375 548 3379 554 '

2002 620 2177 676 Abbas
2214 619 2552 699 Eustochiae,
2597 623 2703 688 cui,
2733 622 2892 690 Deus,
2921 636 3029 681 esto
3056 625 3190 696 pius.

2004 712 2195 769 XXIII.
2226 712 2485 771 Girardus
2518 713 2560 771 ll
2597 714 2894 790 d’Eraigny
2918 719 3117 786 dictus,
3145 718 3277 776 vela
3301 718 3524 792 familia,

1932 805 2020 863 vel
2053 824 2085 863 a
2125 806 2243 862 loco
2273 805 2457 871 natali,
2479 807 2569 877 qui
2601 807 2845 865 Gizortio
2878 810 3086 866 vicinus
3101 819 3200 867 est.
3232 810 3417 868 Primo
3443 826 3529 867 re-

1935 900 2152 973 giminis
2194 916 2338 957 anno
2371 900 2548 971 potius
2581 901 2801 971 invitus,
2831 920 2991 975 quam
3017 921 3113 961 sua
3149 916 3363 974 sponte,
3399 920 3525 964 ces-

1934 996 2001 1051 sit
2030 994 2371 1066 praefectura.
2415 1010 2420 1016 '

2007 1085 2197 1142 XXIV.
2244 1084 2599 1143 Girardnslll
2631 1102 2661 1142 a
2692 1084 2952 1145 Fraxino.
3002 1088 3106 1146 lnit
3155 1104 3278 1147 cum
3331 1088 3530 1147 Fossao

1936 1180 2182 1237 teusibus
2240 1181 2521 1237 monachis
2570 1181 2889 1239 societatem
2944 1198 3085 1239 anno
3144 1183 3303 1240 1214.
3360 1181 3530 1253 Cujus

1935 1275 2145 1331 litteras
2169 1276 2314 1331 haud
2342 1277 2439 1331 abs
2472 1292 2529 1331 re
2559 1276 2722 1332 fuerit
2747 1278 3051 1348 exprimere
3075 1295 3089 1333 :

2012 1387 2031 1420 ‹
2061 1368 2118 1422 In
2152 1368 2369 1424 nomine
2403 1379 2604 1423 sanetae
2634 1377 2689 1425 et
2741 1369 3029 1425 individua;
3077 1367 3379 1440 Trinitatis,
3428 1389 3531 1444 ego

1935 1460 2253 1532 Radulphus
2285 1459 2379 1515 Dei
2406 1461 2578 1530 gratia
2609 1460 2853 1517 ecclesiae
2896 1460 3237 1518 Fossatensis
3262 1462 3449 1528 abbas,
3475 1472 3534 1519 et

1938 1554 2103 1610 totius
2124 1552 2365 1624 ejusdem
2396 1550 2498 1608 loci
2546 1561 2867 1619 eunvenlus,
2904 1552 3169 1608 universis
3208 1562 3531 1623 praesentem

1937 1647 2185 1719 paginam
2224 1645 2550 1717 inspecturis
2582 1654 2769 1701 notum
2794 1644 3041 1714 facimus,
3074 1646 3213 1715 quod
3246 1648 3388 1702 inter
3409 1661 3528 1714 nos,

1936 1746 1992 1793 et
2014 1736 2377 1793 venerabilem
2400 1735 2689 1792 Girardum
2729 1737 2978 1793 abbatem
3010 1736 3267 1800 Flaviaci,
3302 1746 3357 1792 et
3384 1737 3532 1806 ejus-

1936 1831 2057 1887 dem
2089 1829 2333 1887 ecclesia:
2382 1829 2597 1897 fratres,
2633 1830 2755 1886 talis
2797 1831 3009 1887 firmata
3056 1839 3112 1887 et
3152 1846 3410 1887 concessa
3449 1837 3533 1887 est

1936 1925 2170 1982 societas
2208 1940 2225 1979 :
2257 1923 2315 1980 Si
2342 1925 2511 1981 abbas
2542 1924 2767 1980 alterius
2807 1923 3051 1979 ecclesiae
3078 1925 3144 1979 ad
3173 1923 3331 1978 aliam
3360 1937 3530 1979 vene-

1936 2019 2009 2074 rit
2042 2016 2348 2080 ecclesiam,
2385 2017 2453 2073 ab
2503 2017 2699 2073 abbate
2727 2025 2783 2072 et
2833 2015 3117 2071 monachis
3166 2014 3405 2084 ejusdem
3434 2028 3530 2070 ec-

1936 2112 2138 2180 clesiae,
2161 2122 2218 2168 ut
2244 2111 2504 2173 decuerit,
2547 2110 2845 2165 honorifice
2874 2118 3144 2180 receptus,
3173 2108 3228 2164 in
3254 2110 3421 2165 choro
3452 2108 3533 2167 Io-

1938 2222 2061 2263 cum
2113 2206 2324 2262 abbatis
2374 2204 2639 2261 obtinebit
2680 2221 2694 2258 :
2741 2212 2796 2258 et
2856 2201 3150 2274 capitulum
3206 2218 3303 2259 ceu
3365 2202 3533 2259 abbas

1937 2297 2178 2368 ejusdem
2211 2298 2312 2354 loci
2342 2297 2570 2363 tenebit,
2600 2305 2655 2351 et
2694 2296 2891 2351 fratres
2920 2296 2973 2350 in
3004 2298 3273 2351 sententia
3304 2296 3531 2367 positos,

1936 2409 2037 2466 pro
2061 2392 2336 2448 voluntate
2372 2407 2467 2447 sua
2500 2390 2767 2458 absolvet,
2812 2398 2868 2445 et
2912 2389 3235 2460 puniendos,
3268 2389 3408 2445 sicut
3437 2404 3535 2445 ex-

1938 2486 2126 2558 pedire
2158 2483 2491 2555 cognoverit,
2526 2482 2745 2555 atlliget.
2788 2480 3031 2538 Alterius
3069 2480 3282 2538 abbatis
3329 2478 3535 2537 dormi«

1940 2578 2102 2634 tionis
2132 2577 2217 2633 die
2242 2577 2478 2650 cognito,
2503 2574 2764 2646 quidquid
2792 2572 3076 2645 praefatum
3106 2573 3536 2643 unumquodque

1938 2672 2331 2728 monasterium
2385 2669 2568 2724 abbati
2611 2682 2710 2723 suo
2750 2666 3033 2723 decedenti
3083 2674 3297 2722 tenetur
3354 2664 3537 2722 exsol-

1936 2780 2085 2833 vere,
2111 2764 2343 2835 idipsum
2365 2762 2519 2817 alteri
2543 2759 2916 2832 persolvetur;
2942 2768 2994 2815 et
3018 2758 3201 2814 audito
3223 2756 3340 2829 ejus
3359 2756 3537 2825 obitu,

1935 2857 2165 2931 pulsatis
2191 2855 2487 2927 campanis,
2541 2852 2855 2909 solemniter
2912 2852 3079 2922 ipsius
3131 2848 3363 2905 ofﬁcium
3393 2848 3540 2905 cele-

1935 2951 2209 3018 brabitur,
2246 2958 2303 3007 et
2339 2949 2388 3005 ei
2417 2964 2485 3004 ex
2516 2947 2730 3018 integro
2762 2947 3127 3017 tricenarium
3176 2959 3300 2999 cum
3353 2942 3537 3000 debita

1936 3045 2227 3117 praebenda
2266 3040 2623 3114 persolvetur.

2016 3181 2037 3214 ι
2071 3160 2184 3218 Sed
2219 3157 2477 3231 quoniam
2519 3154 2898 3212 defunctorum
2946 3155 3178 3211 fratrum
3229 3152 3412 3209 obitus
3465 3149 3539 3209 ad

1941 3257 2191 3313 notitiam
2241 3252 2465 3308 alterius
2510 3249 2945 3323 congregationis
2977 3264 3074 3317 per
3128 3246 3539 3317 negligentiam,

1939 3348 2385 3406 vel'oblivionem
2415 3360 2558 3415 saepe
2596 3359 2702 3399 non
2743 3341 3030 3414 pervenire
3084 3340 3331 3410 contigit,
3361 3347 3540 3394 statu-

1944 3452 2056 3497 tum
2091 3450 2175 3496 est
2214 3449 2273 3494 ut
2301 3438 2527 3509 singulis
2553 3437 2711 3491 annis
2741 3436 2793 3491 in
2818 3436 3115 3491 crastinum
3152 3432 3325 3488 sancti
3362 3432 3535 3500 Pauli,

1940 3535 2047 3589 hoc
2072 3541 2157 3588 est
2187 3531 2446 3587 Kalendis
2478 3528 2627 3594 Julii,
2660 3543 2759 3599 pro
2786 3526 3048 3583 fratribus
3078 3525 3348 3581 defunctis
3375 3525 3538 3581 trice-

1939 3626 2155 3682 narium
2204 3624 2467 3680 faciemus
2498 3641 2511 3677 :
2543 3630 2599 3678 et
2632 3621 2753 3677 istis
2799 3621 3020 3693 triginta
3058 3619 3248 3675 diebus
3288 3616 3536 3690 singulis,

1940 3728 2053 3775 tam
2097 3718 2238 3790 apud
2267 3731 2389 3783 nos,
2425 3730 2590 3786 quam
2618 3713 2761 3784 apud
2806 3713 2946 3779 illos,
2986 3712 3197 3783 integra
3241 3710 3538 3781 praebenda.

1940 3810 2253 3884 erogabitur
2291 3807 2640 3880 pauperibus.
2673 3802 2875 3859 Audito
2900 3803 3067 3859 etiam
3111 3800 3540 3873 uniuscujusque

1941 3902 2183 3962 ecclesiae
2216 3900 2440 3956 fratrum
2474 3896 2643 3961 obitu,
2670 3895 2927 3959 oﬂicium,
2956 3903 3014 3950 et
3052 3894 3272 3949 missam
3313 3892 3369 3947 in
3406 3906 3541 3946 con-

1941 4006 2104 4054 ventu
2151 3992 2463 4051 solemniter
2499 3988 2923 4056 celebrabimus;
2953 3998 3008 4042 et
3037 3984 3232 4057 singuli
3286 3984 3540 4040 sacerdo-

1941 4099 2027 4145 tes
2061 4086 2302 4159 singulas
2332 4086 2526 4165 missas
2560 4097 2659 4153 pro
2702 4081 2932 4153 singulis
2962 4078 3250 4153 defunctis
3295 4076 3540 4132 celebra-

1940 4184 2095 4240 bunt.
2128 4181 2323 4237 Caeteri
2364 4193 2492 4233 vero
2519 4177 2612 4249 qui
2645 4192 2749 4232 non
2780 4184 2907 4231 sunt
2950 4174 3285 4238 sacerdotes,
3324 4169 3535 4243 singula

1941 4273 2216 4345 psalteria,
2242 4281 2298 4326 et
2332 4267 2579 4325 conversi
2617 4266 2865 4337 trigesies
2890 4263 3054 4319 Pater
3086 4272 3307 4319 noster:
3338 4270 3394 4318 et
3414 4261 3533 4332 ipso

1942 4366 2031 4421 die
2054 4363 2137 4419 sui
2167 4361 2328 4419 ofﬁcii
2362 4362 2627 4432 integram
2664 4356 3011 4430 praebendam
3037 4357 3092 4414 in
3118 4352 3408 4412 refectorio
3439 4353 3537 4409 ba-

1941 4454 2119 4512 bebuu
2128 4463 2166 4509 ι.

2017 4584 2038 4619 α
2071 4566 2340 4622 Caeterum
2385 4562 2429 4618 si
2471 4561 2780 4633 quempiam
2820 4558 3211 4616 monachorum
3254 4557 3538 4630 utriusque

1943 4656 2378 4728 congregationis
2418 4654 2631 4711 abbatis
2667 4653 2748 4709 sui
2792 4652 2926 4707 iram
2978 4667 3072 4708 seu
3108 4651 3539 4723 indignationem

1943 4749 2109 4821 (quod
2151 4748 2292 4803 Deus
2319 4747 2583 4816 avertat)!
2614 4743 2914 4817 incurrisse
2966 4743 3277 4815 contigerit,
3314 4753 3371 4800 et
3391 4757 3450 4800 se
3479 4742 3537 4799 in

1943 4842 2169 4899 alterius
2196 4839 2585 4897 monasterium
2608 4838 2917 4899 contulerit.
2953 4847 3208 4910 tanquam
3232 4853 3369 4894 unus
3393 4834 3538 4907 eius.

1942 4938 2066 4991 dem
2096 4934 2197 4990 loci
2230 4934 2282 4987 iu
2314 4930 2697 4988 communione
2724 4930 2934 4987 scilicet
2956 4940 3069 4986 tam
3095 4928 3339 4999 capituli,
3367 4944 3535 5000 quam

1940 5028 2118 5084 victus
2144 5035 2200 5083 et
2227 5026 2454 5081 vestitus
2484 5024 2610 5092 erit,
2661 5024 2834 5081 donec
2864 5038 2971 5095 pax
3008 5024 3150 5079 inter
3188 5036 3312 5078 eum
3338 5030 3395 5077 et
3433 5021 3538 5077 ah-

1942 5121 2122 5179 batem
2170 5118 2525 5185 reformetur;
2570 5118 2673 5175 nisi
2696 5118 2867 5190 (quod
2917 5115 3116 5187 absit!)
3145 5114 3273 5171 talis
3311 5114 3400 5178 sit,
3441 5115 3537 5186 qui

1943 5213 2240 5269 secundum
2273 5212 2540 5285 regulam,
2564 5227 2673 5270 non
2704 5211 2918 5268 valente
2948 5208 3341 5278 satisfactione,
3390 5207 3540 5267 haud

1943 5305 2140 5385 debeat
2172 5305 2474 5362 conciliari.

2021 5440 2040 5473 ι
2077 5419 2302 5476 Nomina
2341 5429 2523 5475 autem
2552 5427 2663 5475 tam
2694 5417 2929 5485 abbatis,
2958 5433 3119 5489 quam
3144 5415 3313 5489 608
3343 5412 3540 5473 defun-

1943 5517 2157 5569 ctorum
2189 5508 2438 5577 fratrum,
2483 5510 2536 5565 in
2576 5507 2962 5581 martyrologio
2988 5508 3316 5565 scribentur.

2022 5621 2042 5657 ι
2077 5602 2149 5661 Ut
2182 5618 2308 5659 vero
2354 5603 2470 5659 haec
2501 5603 2730 5659 societas
2775 5602 2916 5658 inter
2961 5615 3060 5658 nos
3081 5609 3136 5657 et
3182 5600 3330 5672 ipsos
3374 5598 3535 5657 firma

1944 5695 2017 5752 sit
2041 5704 2095 5752 et
2119 5695 2325 5753 stabilis
2347 5696 2400 5753 in
2427 5706 2771 5768 perpetuum,
2802 5696 2941 5753 hanc
2966 5694 3212 5753 chartam
3235 5692 3533 5767 sigillorum

1946 5799 2260 5847 nostrorum
2325 5789 2629 5847 munimine
2683 5790 2997 5847 roboratam
3053 5791 3131 5845 cis
3188 5788 3515 5848 indulsimus

3084 5926 3159 5988 35
