  <div class='ocr_page' id='page_1' title='image "/cluster/home/n/w/nwhite01/storage/ocr_20150623/156/hvd.32044010683712/555.png"; bbox 0 0 4032 6326; ppageno 0'>
   <div class='ocr_carea' id='block_1_1' title="bbox 562 301 696 400">
    <p class='ocr_par' dir='ltr' id='par_1_1' title="bbox 562 301 696 400">
     <span class='ocr_line' id='line_1_1' title="bbox 562 301 696 400; baseline -0.007 0"><span class='ocrx_word' id='word_1_1' title='bbox 562 301 696 400; x_wconf 66' lang='lat' dir='ltr'><strong>I099</strong></span> 
     </span>
    </p>
   </div>
   <div class='ocr_carea' id='block_1_2' title="bbox 1520 289 2916 388">
    <p class='ocr_par' dir='ltr' id='par_1_2' title="bbox 1520 289 2916 388">
     <span class='ocr_line' id='line_1_2' title="bbox 1520 289 2916 388; baseline -0.002 -1"><span class='ocrx_word' id='word_1_2' title='bbox 1520 325 1612 387; x_wconf 81' lang='lat' dir='ltr'><strong>AD</strong></span> <span class='ocrx_word' id='word_1_3' title='bbox 1639 289 1792 388; x_wconf 67' lang='lat' dir='ltr'><strong>ore.</strong></span> <span class='ocrx_word' id='word_1_4' title='bbox 1833 289 1996 387; x_wconf 68' lang='lat' dir='ltr'><strong>van.</strong></span> <span class='ocrx_word' id='word_1_5' title='bbox 2035 323 2364 386; x_wconf 78' lang='lat' dir='ltr'><strong>GUIBERTl</strong></span> <span class='ocrx_word' id='word_1_6' title='bbox 2401 323 2491 383; x_wconf 78' lang='lat' dir='ltr'><strong>nu</strong></span> <span class='ocrx_word' id='word_1_7' title='bbox 2522 319 2916 384; x_wconf 70' lang='lat' dir='ltr'><strong>novmsnro</strong></span> 
     </span>
    </p>
   </div>
   <div class='ocr_carea' id='block_1_3' title="bbox 3708 321 3818 385">
    <p class='ocr_par' dir='ltr' id='par_1_3' title="bbox 3708 321 3818 385">
     <span class='ocr_line' id='line_1_3' title="bbox 3708 321 3818 385; baseline 0 0"><span class='ocrx_word' id='word_1_8' title='bbox 3708 321 3818 385; x_wconf 78' lang='grc'><strong>1100</strong></span> 
     </span>
    </p>
   </div>
   <div class='ocr_carea' id='block_1_4' title="bbox 555 425 3818 522">
    <p class='ocr_par' dir='ltr' id='par_1_4' title="bbox 555 425 3818 522">
     <span class='ocr_line' id='line_1_4' title="bbox 555 425 3818 522; baseline -0.004 -9"><span class='ocrx_word' id='word_1_9' title='bbox 555 475 699 513; x_wconf 86' lang='lat' dir='ltr'><strong>anno</strong></span> <span class='ocrx_word' id='word_1_10' title='bbox 724 425 1115 522; x_wconf 81' lang='lat' dir='ltr'><strong>Incarnationls</strong></span> <span class='ocrx_word' id='word_1_11' title='bbox 1136 429 1431 506; x_wconf 83' lang='lat' dir='ltr'><strong>Dominica:</strong></span> <span class='ocrx_word' id='word_1_12' title='bbox 1461 445 1751 522; x_wconf 83' lang='lat' dir='ltr'><strong>millesimo</strong></span> <span class='ocrx_word' id='word_1_13' title='bbox 1776 445 2150 522; x_wconf 72' lang='lat' dir='ltr'><strong>ducentesimo</strong></span> <span class='ocrx_word' id='word_1_14' title='bbox 2175 447 2227 512; x_wconf 74' lang='grc' dir='ltr'><strong>Α</strong></span> <span class='ocrx_word' id='word_1_15' title='bbox 2255 445 2576 502; x_wconf 85' lang='lat' dir='ltr'><strong>auctoritate</strong></span> <span class='ocrx_word' id='word_1_16' title='bbox 2624 441 2939 515; x_wconf 84' lang='lat' dir='ltr'><strong>episcopali,</strong></span> <span class='ocrx_word' id='word_1_17' title='bbox 2990 439 3096 499; x_wconf 81' lang='lat' dir='ltr'><strong>ﬁde</strong></span> <span class='ocrx_word' id='word_1_18' title='bbox 3125 438 3289 511; x_wconf 85' lang='lat' dir='ltr'><strong>bona,</strong></span> <span class='ocrx_word' id='word_1_19' title='bbox 3321 449 3576 508; x_wconf 75' lang='lat' dir='ltr'><strong>tenemur</strong></span> <span class='ocrx_word' id='word_1_20' title='bbox 3609 459 3818 517; x_wconf 75' lang='lat' dir='ltr'><strong>guaran-</strong></span> 
     </span>
    </p>
   </div>
   <div class='ocr_carea' id='block_1_5' title="bbox 555 550 1051 617">
    <p class='ocr_par' dir='ltr' id='par_1_5' title="bbox 555 550 1051 617">
     <span class='ocr_line' id='line_1_5' title="bbox 555 550 1051 617; baseline -0.002 -19"><span class='ocrx_word' id='word_1_21' title='bbox 555 550 770 604; x_wconf 77' lang='lat' dir='ltr'><strong>deeimo</strong></span> <span class='ocrx_word' id='word_1_22' title='bbox 793 556 1004 617; x_wconf 89' lang='lat' dir='ltr'><strong>quarto.</strong></span> <span class='ocrx_word' id='word_1_23' title='bbox 1033 563 1051 597; x_wconf 68' lang='grc' dir='ltr'>ι</span> 
     </span>
    </p>
   </div>
   <div class='ocr_carea' id='block_1_6' title="bbox 629 631 2145 708">
    <p class='ocr_par' dir='ltr' id='par_1_6' title="bbox 629 631 2145 708">
     <span class='ocr_line' id='line_1_6' title="bbox 629 631 2145 708; baseline -0.003 -14"><span class='ocrx_word' id='word_1_24' title='bbox 629 637 880 694; x_wconf 69' lang='lat' dir='ltr'><strong>Ecclesia:</strong></span> <span class='ocrx_word' id='word_1_25' title='bbox 937 632 1288 708; x_wconf 80' lang='lat' dir='ltr'><strong>parocltialis,</strong></span> <span class='ocrx_word' id='word_1_26' title='bbox 1342 647 1504 706; x_wconf 84' lang='lat' dir='ltr'><strong>quam</strong></span> <span class='ocrx_word' id='word_1_27' title='bbox 1553 631 1608 690; x_wconf 79' lang='lat' dir='ltr'><strong>in</strong></span> <span class='ocrx_word' id='word_1_28' title='bbox 1665 631 1901 694; x_wconf 88' lang='lat' dir='ltr'><strong>Corileto</strong></span> <span class='ocrx_word' id='word_1_29' title='bbox 1955 647 2145 700; x_wconf 80' lang='lat' dir='ltr'><strong>recens</strong></span> 
     </span>
    </p>
   </div>
   <div class='ocr_carea' id='block_1_7' title="bbox 559 725 2148 796">
    <p class='ocr_par' dir='ltr' id='par_1_7' title="bbox 559 725 2148 796">
     <span class='ocr_line' id='line_1_7' title="bbox 559 725 2148 796; baseline -0.001 -12"><span class='ocrx_word' id='word_1_30' title='bbox 559 729 937 784; x_wconf 45' lang='lat' dir='ltr'><strong>exstruxerant</strong></span> <span class='ocrx_word' id='word_1_31' title='bbox 973 726 1373 792; x_wconf 81' lang='lat' dir='ltr'><strong>Flaviaeenses,</strong></span> <span class='ocrx_word' id='word_1_32' title='bbox 1415 725 1915 796; x_wconf 70' lang='lat' dir='ltr'><strong>prazscntationem,</strong></span> <span class='ocrx_word' id='word_1_33' title='bbox 1958 737 2017 784; x_wconf 92' lang='lat' dir='ltr'><strong>ut</strong></span> <span class='ocrx_word' id='word_1_34' title='bbox 2053 743 2148 783; x_wconf 82' lang='lat' dir='ltr'><strong>vo-</strong></span> 
     </span>
    </p>
   </div>
   <div class='ocr_carea' id='block_1_8' title="bbox 555 807 2142 892">
    <p class='ocr_par' dir='ltr' id='par_1_8' title="bbox 555 807 2142 892">
     <span class='ocr_line' id='line_1_8' title="bbox 555 807 2142 892; baseline 0.004 -18"><span class='ocrx_word' id='word_1_35' title='bbox 555 810 695 883; x_wconf 82' lang='lat' dir='ltr'><strong>cant,</strong></span> <span class='ocrx_word' id='word_1_36' title='bbox 732 819 1040 892; x_wconf 88' lang='lat' dir='ltr'><strong>impertitur</strong></span> <span class='ocrx_word' id='word_1_37' title='bbox 1074 817 1356 888; x_wconf 86' lang='lat' dir='ltr'><strong>Philippus</strong></span> <span class='ocrx_word' id='word_1_38' title='bbox 1404 817 1866 878; x_wconf 83' lang='lat' dir='ltr'><strong>Bellovacensium</strong></span> <span class='ocrx_word' id='word_1_39' title='bbox 1893 807 2142 887; x_wconf 82' lang='lat' dir='ltr'><strong>antistes,</strong></span> 
     </span>
    </p>
   </div>
   <div class='ocr_carea' id='block_1_9' title="bbox 551 895 2136 969">
    <p class='ocr_par' dir='ltr' id='par_1_9' title="bbox 551 895 2136 969">
     <span class='ocr_line' id='line_1_9' title="bbox 551 895 2136 969; baseline -0.001 -1"><span class='ocrx_word' id='word_1_40' title='bbox 551 903 618 969; x_wconf 89' lang='lat' dir='ltr'><strong>ad</strong></span> <span class='ocrx_word' id='word_1_41' title='bbox 644 915 788 969; x_wconf 90' lang='lat' dir='ltr'><strong>hunc</strong></span> <span class='ocrx_word' id='word_1_42' title='bbox 819 913 1034 969; x_wconf 89' lang='lat' dir='ltr'><strong>modum</strong></span> <span class='ocrx_word' id='word_1_43' title='bbox 1068 929 1083 968; x_wconf 91' lang='lat'><strong>:</strong></span> <span class='ocrx_word' id='word_1_44' title='bbox 2129 895 2136 906; x_wconf 45' lang='grc'><strong>“</strong></span> 
     </span>
    </p>
   </div>
   <div class='ocr_carea' id='block_1_10' title="bbox 628 1005 2141 1080">
    <p class='ocr_par' dir='ltr' id='par_1_10' title="bbox 628 1005 2141 1080">
     <span class='ocr_line' id='line_1_10' title="bbox 628 1005 2141 1080; baseline 0.003 -22"><span class='ocrx_word' id='word_1_45' title='bbox 628 1026 647 1058; x_wconf 73' lang='grc' dir='ltr'>ι</span> <span class='ocrx_word' id='word_1_46' title='bbox 686 1005 973 1062; x_wconf 81' lang='lat' dir='ltr'><strong>Puturrus</strong></span> <span class='ocrx_word' id='word_1_47' title='bbox 1044 1007 1138 1066; x_wconf 85' lang='lat' dir='ltr'><strong>Dei</strong></span> <span class='ocrx_word' id='word_1_48' title='bbox 1197 1008 1372 1080; x_wconf 83' lang='lat' dir='ltr'><strong>gratia</strong></span> <span class='ocrx_word' id='word_1_49' title='bbox 1430 1008 1778 1066; x_wconf 87' lang='lat' dir='ltr'><strong>Belvacensis</strong></span> <span class='ocrx_word' id='word_1_50' title='bbox 1830 1007 2141 1080; x_wconf 75' lang='lat' dir='ltr'><strong>episcopus,</strong></span> 
     </span>
    </p>
   </div>
   <div class='ocr_carea' id='block_1_11' title="bbox 547 1097 2140 1176">
    <p class='ocr_par' dir='ltr' id='par_1_11' title="bbox 547 1097 2140 1176">
     <span class='ocr_line' id='line_1_11' title="bbox 547 1097 2140 1176; baseline 0 -22"><span class='ocrx_word' id='word_1_51' title='bbox 547 1099 875 1169; x_wconf 83' lang='lat' dir='ltr'><strong>omnibusin</strong></span> <span class='ocrx_word' id='word_1_52' title='bbox 909 1097 1125 1156; x_wconf 86' lang='lat' dir='ltr'><strong>Christo</strong></span> <span class='ocrx_word' id='word_1_53' title='bbox 1153 1101 1417 1166; x_wconf 90' lang='lat' dir='ltr'><strong>Iidelibus,</strong></span> <span class='ocrx_word' id='word_1_54' title='bbox 1447 1103 1676 1158; x_wconf 82' lang='lat' dir='ltr'><strong>salutem</strong></span> <span class='ocrx_word' id='word_1_55' title='bbox 1706 1103 1758 1157; x_wconf 92' lang='lat' dir='ltr'><strong>in</strong></span> <span class='ocrx_word' id='word_1_56' title='bbox 1801 1112 2140 1176; x_wconf 89' lang='lat' dir='ltr'><strong>perpetuum.</strong></span> 
     </span>
    </p>
   </div>
   <div class='ocr_carea' id='block_1_12' title="bbox 545 1179 2143 1268">
    <p class='ocr_par' dir='ltr' id='par_1_12' title="bbox 545 1179 2143 1268">
     <span class='ocr_line' id='line_1_12' title="bbox 545 1179 2143 1268; baseline 0.001 -21"><span class='ocrx_word' id='word_1_57' title='bbox 545 1179 774 1249; x_wconf 79' lang='lat' dir='ltr'><strong>Noverit</strong></span> <span class='ocrx_word' id='word_1_58' title='bbox 799 1194 1126 1251; x_wconf 89' lang='lat' dir='ltr'><strong>universitas</strong></span> <span class='ocrx_word' id='word_1_59' title='bbox 1149 1206 1325 1254; x_wconf 87' lang='lat' dir='ltr'><strong>vestra</strong></span> <span class='ocrx_word' id='word_1_60' title='bbox 1351 1198 1492 1268; x_wconf 90' lang='lat' dir='ltr'><strong>quod</strong></span> <span class='ocrx_word' id='word_1_61' title='bbox 1520 1214 1640 1253; x_wconf 90' lang='lat' dir='ltr'><strong>cum</strong></span> <span class='ocrx_word' id='word_1_62' title='bbox 1665 1197 1927 1254; x_wconf 88' lang='lat' dir='ltr'><strong>Girardus</strong></span> <span class='ocrx_word' id='word_1_63' title='bbox 1951 1195 2143 1262; x_wconf 83' lang='lat' dir='ltr'><strong>abbas,</strong></span> 
     </span>
    </p>
   </div>
   <div class='ocr_carea' id='block_1_13' title="bbox 547 1287 2144 1356">
    <p class='ocr_par' dir='ltr' id='par_1_13' title="bbox 547 1287 2144 1356">
     <span class='ocr_line' id='line_1_13' title="bbox 547 1287 2144 1356; baseline 0.001 -14"><span class='ocrx_word' id='word_1_64' title='bbox 547 1294 604 1342; x_wconf 85' lang='lat' dir='ltr'><strong>et</strong></span> <span class='ocrx_word' id='word_1_65' title='bbox 631 1295 936 1343; x_wconf 83' lang='lat' dir='ltr'><strong>conventus</strong></span> <span class='ocrx_word' id='word_1_66' title='bbox 975 1287 1165 1344; x_wconf 80' lang='lat' dir='ltr'><strong>Sancti</strong></span> <span class='ocrx_word' id='word_1_67' title='bbox 1193 1289 1473 1344; x_wconf 86' lang='lat' dir='ltr'><strong>Geremari</strong></span> <span class='ocrx_word' id='word_1_68' title='bbox 1530 1289 1920 1356; x_wconf 86' lang='lat' dir='ltr'><strong>Flaviaeensis,</strong></span> <span class='ocrx_word' id='word_1_69' title='bbox 1970 1299 2144 1344; x_wconf 90' lang='lat' dir='ltr'><strong>terras</strong></span> 
     </span>
    </p>
   </div>
   <div class='ocr_carea' id='block_1_14' title="bbox 547 1379 2144 1454">
    <p class='ocr_par' dir='ltr' id='par_1_14' title="bbox 547 1379 2144 1454">
     <span class='ocr_line' id='line_1_14' title="bbox 547 1379 2144 1454; baseline 0.001 -20"><span class='ocrx_word' id='word_1_70' title='bbox 547 1379 802 1454; x_wconf 76' lang='lat' dir='ltr'><strong>arabiles.</strong></span> <span class='ocrx_word' id='word_1_71' title='bbox 845 1396 981 1452; x_wconf 86' lang='lat' dir='ltr'><strong>quas</strong></span> <span class='ocrx_word' id='word_1_72' title='bbox 1013 1382 1063 1435; x_wconf 93' lang='lat' dir='ltr'><strong>in</strong></span> <span class='ocrx_word' id='word_1_73' title='bbox 1092 1392 1275 1436; x_wconf 89' lang='lat' dir='ltr'><strong>nostra</strong></span> <span class='ocrx_word' id='word_1_74' title='bbox 1306 1381 1526 1438; x_wconf 71' lang='lat' dir='ltr'><strong>dimcesi</strong></span> <span class='ocrx_word' id='word_1_75' title='bbox 1557 1383 1932 1452; x_wconf 72' lang='lat' dir='ltr'><strong>possidebant,</strong></span> <span class='ocrx_word' id='word_1_76' title='bbox 1970 1379 2144 1437; x_wconf 82' lang='lat' dir='ltr'><strong>loeas-</strong></span> 
     </span>
    </p>
   </div>
   <div class='ocr_carea' id='block_1_15' title="bbox 546 1474 2141 1556">
    <p class='ocr_par' dir='ltr' id='par_1_15' title="bbox 546 1474 2141 1556">
     <span class='ocr_line' id='line_1_15' title="bbox 546 1474 2141 1556; baseline -0.002 -24"><span class='ocrx_word' id='word_1_77' title='bbox 546 1482 669 1532; x_wconf 83' lang='lat' dir='ltr'><strong>sent</strong></span> <span class='ocrx_word' id='word_1_78' title='bbox 694 1474 1009 1541; x_wconf 80' lang='lat' dir='ltr'><strong>cultoribus,</strong></span> <span class='ocrx_word' id='word_1_79' title='bbox 1038 1474 1341 1546; x_wconf 64' lang='lat' dir='ltr'><strong>ibidemque</strong></span> <span class='ocrx_word' id='word_1_80' title='bbox 1361 1475 1562 1542; x_wconf 72' lang='lat' dir='ltr'><strong>villam,</strong></span> <span class='ocrx_word' id='word_1_81' title='bbox 1591 1475 1885 1532; x_wconf 88' lang='lat' dir='ltr'><strong>Coriletum</strong></span> <span class='ocrx_word' id='word_1_82' title='bbox 1904 1475 2141 1556; x_wconf 77' lang='lat' dir='ltr'><strong>nomine,</strong></span> 
     </span>
    </p>
   </div>
   <div class='ocr_carea' id='block_1_16' title="bbox 545 1561 2140 1636">
    <p class='ocr_par' dir='ltr' id='par_1_16' title="bbox 545 1561 2140 1636">
     <span class='ocr_line' id='line_1_16' title="bbox 545 1561 2140 1636; baseline 0.001 -12"><span class='ocrx_word' id='word_1_83' title='bbox 545 1561 614 1628; x_wconf 83' lang='lat' dir='ltr'><strong>de</strong></span> <span class='ocrx_word' id='word_1_84' title='bbox 660 1587 798 1626; x_wconf 87' lang='lat' dir='ltr'><strong>novo</strong></span> <span class='ocrx_word' id='word_1_85' title='bbox 835 1569 1286 1636; x_wconf 78' lang='lat' dir='ltr'><strong>eonstruxissent,</strong></span> <span class='ocrx_word' id='word_1_86' title='bbox 1346 1572 1618 1628; x_wconf 88' lang='lat' dir='ltr'><strong>communi</strong></span> <span class='ocrx_word' id='word_1_87' title='bbox 1677 1588 1902 1628; x_wconf 80' lang='lat' dir='ltr'><strong>assensu</strong></span> <span class='ocrx_word' id='word_1_88' title='bbox 1944 1572 2140 1627; x_wconf 82' lang='lat' dir='ltr'><strong>ibidem</strong></span> 
     </span>
    </p>
   </div>
   <div class='ocr_carea' id='block_1_17' title="bbox 544 1657 2141 1746">
    <p class='ocr_par' dir='ltr' id='par_1_17' title="bbox 544 1657 2141 1746">
     <span class='ocr_line' id='line_1_17' title="bbox 544 1657 2141 1746; baseline -0.002 -28"><span class='ocrx_word' id='word_1_89' title='bbox 544 1657 828 1738; x_wconf 74' lang='lat' dir='ltr'><strong>ecclesiam</strong></span> <span class='ocrx_word' id='word_1_90' title='bbox 872 1660 1239 1717; x_wconf 82' lang='lat' dir='ltr'><strong>fumlaverunt</strong></span> <span class='ocrx_word' id='word_1_91' title='bbox 1287 1663 1519 1746; x_wconf 77' lang='lat' dir='ltr'><strong>propriis</strong></span> <span class='ocrx_word' id='word_1_92' title='bbox 1567 1664 1896 1733; x_wconf 88' lang='lat' dir='ltr'><strong>sumptibus,</strong></span> <span class='ocrx_word' id='word_1_93' title='bbox 1932 1672 1985 1716; x_wconf 90' lang='lat' dir='ltr'><strong>et</strong></span> <span class='ocrx_word' id='word_1_94' title='bbox 2017 1661 2141 1716; x_wconf 82' lang='lat' dir='ltr'><strong>red-</strong></span> 
     </span>
    </p>
   </div>
   <div class='ocr_carea' id='block_1_18' title="bbox 542 1752 2139 1826">
    <p class='ocr_par' dir='ltr' id='par_1_18' title="bbox 542 1752 2139 1826">
     <span class='ocr_line' id='line_1_18' title="bbox 542 1752 2139 1826; baseline -0.003 -14"><span class='ocrx_word' id='word_1_95' title='bbox 542 1756 743 1812; x_wconf 90' lang='lat' dir='ltr'><strong>ditibns</strong></span> <span class='ocrx_word' id='word_1_96' title='bbox 769 1752 1015 1808; x_wconf 85' lang='lat' dir='ltr'><strong>eannlem</strong></span> <span class='ocrx_word' id='word_1_97' title='bbox 1047 1753 1300 1808; x_wconf 80' lang='lat' dir='ltr'><strong>ditantes.</strong></span> <span class='ocrx_word' id='word_1_98' title='bbox 1334 1753 1440 1809; x_wconf 79' lang='lat' dir='ltr'><strong>Nos</strong></span> <span class='ocrx_word' id='word_1_99' title='bbox 1470 1770 1688 1826; x_wconf 72' lang='lat' dir='ltr'><strong>qumque</strong></span> <span class='ocrx_word' id='word_1_100' title='bbox 1728 1753 1792 1808; x_wconf 89' lang='lat' dir='ltr'><strong>ad</strong></span> <span class='ocrx_word' id='word_1_101' title='bbox 1823 1753 2139 1826; x_wconf 88' lang='lat' dir='ltr'><strong>petitionem</strong></span> 
     </span>
    </p>
   </div>
   <div class='ocr_carea' id='block_1_19' title="bbox 2248 534 3466 608">
    <p class='ocr_par' dir='ltr' id='par_1_19' title="bbox 2248 534 3466 608">
     <span class='ocr_line' id='line_1_19' title="bbox 2248 534 3466 608; baseline 0 -15"><span class='ocrx_word' id='word_1_102' title='bbox 2248 535 2365 598; x_wconf 87' lang='lat' dir='ltr'><strong>dire</strong></span> <span class='ocrx_word' id='word_1_103' title='bbox 2395 536 2698 608; x_wconf 67' lang='lat' dir='ltr'><strong>praelibata,</strong></span> <span class='ocrx_word' id='word_1_104' title='bbox 2737 536 2790 592; x_wconf 92' lang='lat' dir='ltr'><strong>in</strong></span> <span class='ocrx_word' id='word_1_105' title='bbox 2835 534 2989 606; x_wconf 82' lang='lat' dir='ltr'><strong>cujus</strong></span> <span class='ocrx_word' id='word_1_106' title='bbox 3026 536 3105 593; x_wconf 85' lang='lat' dir='ltr'><strong>rei</strong></span> <span class='ocrx_word' id='word_1_107' title='bbox 3150 534 3333 603; x_wconf 83' lang='lat' dir='ltr'><strong>ﬁdem,</strong></span> <span class='ocrx_word' id='word_1_108' title='bbox 3358 545 3466 593; x_wconf 90' lang='lat' dir='ltr'><strong>etc.</strong></span> 
     </span>
    </p>
   </div>
   <div class='ocr_carea' id='block_1_20' title="bbox 2322 630 2927 704">
    <p class='ocr_par' dir='ltr' id='par_1_20' title="bbox 2322 630 2927 704">
     <span class='ocr_line' id='line_1_20' title="bbox 2322 630 2927 704; baseline 0 -18"><span class='ocrx_word' id='word_1_109' title='bbox 2322 649 2340 692; x_wconf 73' lang='grc' dir='ltr'><strong>ς</strong></span> <span class='ocrx_word' id='word_1_110' title='bbox 2381 630 2523 687; x_wconf 84' lang='lat' dir='ltr'><strong>MILO</strong></span> <span class='ocrx_word' id='word_1_111' title='bbox 2557 630 2863 704; x_wconf 86' lang='lat' dir='ltr'><strong>episcopus.</strong></span> <span class='ocrx_word' id='word_1_112' title='bbox 2909 652 2927 686; x_wconf 75' lang='grc' dir='ltr'><strong><em>ι</em></strong></span> 
     </span>
    </p>
   </div>
   <div class='ocr_carea' id='block_1_21' title="bbox 2317 722 3818 806">
    <p class='ocr_par' dir='ltr' id='par_1_21' title="bbox 2317 722 3818 806">
     <span class='ocr_line' id='line_1_21' title="bbox 2317 722 3818 806; baseline -0.001 -27"><span class='ocrx_word' id='word_1_113' title='bbox 2317 723 2528 806; x_wconf 73' lang='lat' dir='ltr'><strong>Statnta</strong></span> <span class='ocrx_word' id='word_1_114' title='bbox 2554 723 2883 806; x_wconf 66' lang='lat' dir='ltr'><strong>przcscripsit</strong></span> <span class='ocrx_word' id='word_1_115' title='bbox 2908 722 3170 782; x_wconf 87' lang='lat' dir='ltr'><strong>Girardus</strong></span> <span class='ocrx_word' id='word_1_116' title='bbox 3199 722 3368 781; x_wconf 84' lang='lat' dir='ltr'><strong>abbas</strong></span> <span class='ocrx_word' id='word_1_117' title='bbox 3396 737 3519 796; x_wconf 71' lang='lat' dir='ltr'><strong>quae</strong></span> <span class='ocrx_word' id='word_1_118' title='bbox 3557 722 3623 778; x_wconf 88' lang='lat' dir='ltr'><strong>ad</strong></span> <span class='ocrx_word' id='word_1_119' title='bbox 3654 723 3818 795; x_wconf 64' lang='lat' dir='ltr'><strong>prisci-</strong></span> 
     </span>
    </p>
   </div>
   <div class='ocr_carea' id='block_1_22' title="bbox 2245 819 3818 894">
    <p class='ocr_par' dir='ltr' id='par_1_22' title="bbox 2245 819 3818 894">
     <span class='ocr_line' id='line_1_22' title="bbox 2245 819 3818 894; baseline -0.001 -19"><span class='ocrx_word' id='word_1_120' title='bbox 2245 836 2383 892; x_wconf 84' lang='lat' dir='ltr'><strong>puas</strong></span> <span class='ocrx_word' id='word_1_121' title='bbox 2429 820 2690 876; x_wconf 79' lang='lat' dir='ltr'><strong>festorum</strong></span> <span class='ocrx_word' id='word_1_122' title='bbox 2747 832 2995 894; x_wconf 89' lang='lat' dir='ltr'><strong>spectant</strong></span> <span class='ocrx_word' id='word_1_123' title='bbox 3051 819 3472 876; x_wconf 90' lang='lat' dir='ltr'><strong>solemnitates:</strong></span> <span class='ocrx_word' id='word_1_124' title='bbox 3523 819 3602 874; x_wconf 85' lang='lat' dir='ltr'><strong>ita</strong></span> <span class='ocrx_word' id='word_1_125' title='bbox 3636 827 3818 874; x_wconf 87' lang='lat' dir='ltr'><strong>veteres</strong></span> 
     </span>
    </p>
   </div>
   <div class='ocr_carea' id='block_1_23' title="bbox 2247 914 3238 988">
    <p class='ocr_par' dir='ltr' id='par_1_23' title="bbox 2247 914 3238 988">
     <span class='ocr_line' id='line_1_23' title="bbox 2247 914 3238 988; baseline 0 -20"><span class='ocrx_word' id='word_1_126' title='bbox 2247 916 2666 980; x_wconf 88' lang='lat' dir='ltr'><strong>consuetudines</strong></span> <span class='ocrx_word' id='word_1_127' title='bbox 2706 915 2946 988; x_wconf 88' lang='lat' dir='ltr'><strong>ejusdem</strong></span> <span class='ocrx_word' id='word_1_128' title='bbox 2976 914 3238 972; x_wconf 73' lang='lat' dir='ltr'><strong>ctenobii.</strong></span> 
     </span>
    </p>
   </div>
   <div class='ocr_carea' id='block_1_24' title="bbox 2317 1004 3816 1080">
    <p class='ocr_par' dir='ltr' id='par_1_24' title="bbox 2317 1004 3816 1080">
     <span class='ocr_line' id='line_1_24' title="bbox 2317 1004 3816 1080; baseline 0.002 -20"><span class='ocrx_word' id='word_1_129' title='bbox 2317 1004 2532 1078; x_wconf 85' lang='lat' dir='ltr'><strong>Fundat</strong></span> <span class='ocrx_word' id='word_1_130' title='bbox 2564 1023 2629 1066; x_wconf 78' lang='lat' dir='ltr'><strong>ex</strong></span> <span class='ocrx_word' id='word_1_131' title='bbox 2678 1024 2944 1078; x_wconf 84' lang='lat' dir='ltr'><strong>consensu</strong></span> <span class='ocrx_word' id='word_1_132' title='bbox 2999 1006 3220 1080; x_wconf 87' lang='lat' dir='ltr'><strong>capituli</strong></span> <span class='ocrx_word' id='word_1_133' title='bbox 3279 1005 3704 1080; x_wconf 75' lang='lat' dir='ltr'><strong>anniversariam</strong></span> <span class='ocrx_word' id='word_1_134' title='bbox 3752 1007 3816 1063; x_wconf 86' lang='lat' dir='ltr'><strong>sui</strong></span> 
     </span>
    </p>
   </div>
   <div class='ocr_carea' id='block_1_25' title="bbox 2249 1100 2990 1174">
    <p class='ocr_par' dir='ltr' id='par_1_25' title="bbox 2249 1100 2990 1174">
     <span class='ocr_line' id='line_1_25' title="bbox 2249 1100 2990 1174; baseline 0 -18"><span class='ocrx_word' id='word_1_135' title='bbox 2249 1100 2433 1174; x_wconf 73' lang='lat' dir='ltr'><strong>obitus</strong></span> <span class='ocrx_word' id='word_1_136' title='bbox 2464 1100 2629 1169; x_wconf 89' lang='lat' dir='ltr'><strong>diem,</strong></span> <span class='ocrx_word' id='word_1_137' title='bbox 2661 1117 2804 1156; x_wconf 89' lang='lat' dir='ltr'><strong>anno</strong></span> <span class='ocrx_word' id='word_1_138' title='bbox 2834 1100 2990 1156; x_wconf 70' lang='grc'><strong>1255.</strong></span> 
     </span>
    </p>
   </div>
   <div class='ocr_carea' id='block_1_26' title="bbox 2325 1186 3819 1266">
    <p class='ocr_par' dir='ltr' id='par_1_26' title="bbox 2325 1186 3819 1266">
     <span class='ocr_line' id='line_1_26' title="bbox 2325 1186 3819 1266; baseline 0.001 -22"><span class='ocrx_word' id='word_1_139' title='bbox 2325 1189 2551 1248; x_wconf 80' lang='lat' dir='ltr'><strong>Mortem</strong></span> <span class='ocrx_word' id='word_1_140' title='bbox 2579 1192 2804 1266; x_wconf 88' lang='lat' dir='ltr'><strong>oppetiit</strong></span> <span class='ocrx_word' id='word_1_141' title='bbox 2845 1191 2962 1246; x_wconf 82' lang='lat' dir='ltr'><strong>Kal.</strong></span> <span class='ocrx_word' id='word_1_142' title='bbox 3021 1189 3170 1264; x_wconf 87' lang='lat' dir='ltr'><strong>Sept.</strong></span> <span class='ocrx_word' id='word_1_143' title='bbox 3203 1190 3366 1247; x_wconf 71' lang='grc'><strong>1256.</strong></span> <span class='ocrx_word' id='word_1_144' title='bbox 3403 1186 3561 1262; x_wconf 76' lang='lat' dir='ltr'><strong>Jacet</strong></span> <span class='ocrx_word' id='word_1_145' title='bbox 3604 1189 3656 1244; x_wconf 90' lang='lat' dir='ltr'><strong>in</strong></span> <span class='ocrx_word' id='word_1_146' title='bbox 3705 1190 3819 1260; x_wconf 81' lang='lat' dir='ltr'><strong>capi-</strong></span> 
     </span>
    </p>
   </div>
   <div class='ocr_carea' id='block_1_27' title="bbox 2249 1279 3818 1356">
    <p class='ocr_par' dir='ltr' id='par_1_27' title="bbox 2249 1279 3818 1356">
     <span class='ocr_line' id='line_1_27' title="bbox 2249 1279 3818 1356; baseline 0.001 -22"><span class='ocrx_word' id='word_1_147' title='bbox 2249 1279 2393 1348; x_wconf 86' lang='lat' dir='ltr'><strong>tulo;</strong></span> <span class='ocrx_word' id='word_1_148' title='bbox 2445 1281 2535 1338; x_wconf 80' lang='lat' dir='ltr'><strong>ubi</strong></span> <span class='ocrx_word' id='word_1_149' title='bbox 2595 1282 2696 1338; x_wconf 92' lang='lat' dir='ltr'><strong>hoc</strong></span> <span class='ocrx_word' id='word_1_150' title='bbox 2745 1283 2922 1338; x_wconf 90' lang='lat' dir='ltr'><strong>visere</strong></span> <span class='ocrx_word' id='word_1_151' title='bbox 2961 1293 3044 1338; x_wconf 88' lang='lat' dir='ltr'><strong>est</strong></span> <span class='ocrx_word' id='word_1_152' title='bbox 3092 1283 3428 1356; x_wconf 87' lang='lat' dir='ltr'><strong>epitaphium</strong></span> <span class='ocrx_word' id='word_1_153' title='bbox 3474 1282 3718 1356; x_wconf 88' lang='lat' dir='ltr'><strong>sepulcro</strong></span> <span class='ocrx_word' id='word_1_154' title='bbox 3751 1281 3818 1336; x_wconf 91' lang='lat' dir='ltr'><strong>in-</strong></span> 
     </span>
    </p>
   </div>
   <div class='ocr_carea' id='block_1_28' title="bbox 2246 1373 2461 1429">
    <p class='ocr_par' dir='ltr' id='par_1_28' title="bbox 2246 1373 2461 1429">
     <span class='ocr_line' id='line_1_28' title="bbox 2246 1373 2461 1429; baseline 0 0"><span class='ocrx_word' id='word_1_155' title='bbox 2246 1373 2418 1429; x_wconf 91' lang='lat' dir='ltr'><strong>cisum</strong></span> <span class='ocrx_word' id='word_1_156' title='bbox 2449 1392 2461 1429; x_wconf 91' lang='lat'><strong>:</strong></span> 
     </span>
    </p>
   </div>
   <div class='ocr_carea' id='block_1_29' title="bbox 2320 1469 3664 1548">
    <p class='ocr_par' dir='ltr' id='par_1_29' title="bbox 2320 1469 3664 1548">
     <span class='ocr_line' id='line_1_29' title="bbox 2320 1469 3664 1548; baseline 0.004 -27"><span class='ocrx_word' id='word_1_157' title='bbox 2320 1469 2460 1535; x_wconf 82' lang='lat' dir='ltr'><strong>Quid</strong></span> <span class='ocrx_word' id='word_1_158' title='bbox 2486 1470 2708 1548; x_wconf 75' lang='lat' dir='ltr'><strong>facimus</strong></span> <span class='ocrx_word' id='word_1_159' title='bbox 2735 1488 2848 1525; x_wconf 83' lang='lat' dir='ltr'><strong>cum</strong></span> <span class='ocrx_word' id='word_1_160' title='bbox 2883 1470 3190 1543; x_wconf 75' lang='lat' dir='ltr'><strong>negligimus</strong></span> <span class='ocrx_word' id='word_1_161' title='bbox 3213 1482 3428 1544; x_wconf 81' lang='lat' dir='ltr'><strong>peccata</strong></span> <span class='ocrx_word' id='word_1_162' title='bbox 3466 1489 3664 1526; x_wconf 79' lang='lat' dir='ltr'><strong>cavere.</strong></span> 
     </span>
    </p>
   </div>
   <div class='ocr_carea' id='block_1_30' title="bbox 2263 1563 3753 1636">
    <p class='ocr_par' dir='ltr' id='par_1_30' title="bbox 2263 1563 3753 1636">
     <span class='ocr_line' id='line_1_30' title="bbox 2263 1563 3753 1636; baseline 0.001 -16"><span class='ocrx_word' id='word_1_163' title='bbox 2263 1621 2266 1628; x_wconf 74' lang='grc'>,</span> <span class='ocrx_word' id='word_1_164' title='bbox 2321 1563 2426 1630; x_wconf 85' lang='lat' dir='ltr'><strong>Qui</strong></span> <span class='ocrx_word' id='word_1_165' title='bbox 2445 1566 2586 1634; x_wconf 84' lang='lat' dir='ltr'><strong>jacet</strong></span> <span class='ocrx_word' id='word_1_166' title='bbox 2617 1565 2699 1618; x_wconf 83' lang='lat' dir='ltr'><strong>hic</strong></span> <span class='ocrx_word' id='word_1_167' title='bbox 2729 1582 2930 1635; x_wconf 79' lang='lat' dir='ltr'><strong>semper</strong></span> <span class='ocrx_word' id='word_1_168' title='bbox 2955 1567 3154 1620; x_wconf 73' lang='lat' dir='ltr'><strong>studuit</strong></span> <span class='ocrx_word' id='word_1_169' title='bbox 3185 1567 3318 1634; x_wconf 73' lang='lat' dir='ltr'><strong>bona</strong></span> <span class='ocrx_word' id='word_1_170' title='bbox 3353 1577 3542 1622; x_wconf 86' lang='lat' dir='ltr'><strong>cuncta</strong></span> <span class='ocrx_word' id='word_1_171' title='bbox 3573 1567 3753 1636; x_wconf 74' lang='lat' dir='ltr'><strong>fovere.</strong></span> 
     </span>
    </p>
   </div>
   <div class='ocr_carea' id='block_1_31' title="bbox 2315 1649 3682 1722">
    <p class='ocr_par' dir='ltr' id='par_1_31' title="bbox 2315 1649 3682 1722">
     <span class='ocr_line' id='line_1_31' title="bbox 2315 1649 3682 1722; baseline 0 -12"><span class='ocrx_word' id='word_1_172' title='bbox 2315 1649 2446 1710; x_wconf 85' lang='lat' dir='ltr'><strong>Cum</strong></span> <span class='ocrx_word' id='word_1_173' title='bbox 2477 1656 2716 1722; x_wconf 87' lang='lat' dir='ltr'><strong>moritur,</strong></span> <span class='ocrx_word' id='word_1_174' title='bbox 2749 1674 2852 1711; x_wconf 83' lang='lat' dir='ltr'><strong>non</strong></span> <span class='ocrx_word' id='word_1_175' title='bbox 2877 1657 3135 1720; x_wconf 78' lang='lat' dir='ltr'><strong>deseritur</strong></span> <span class='ocrx_word' id='word_1_176' title='bbox 3171 1653 3443 1713; x_wconf 79' lang='lat' dir='ltr'><strong>Gerurdus</strong></span> <span class='ocrx_word' id='word_1_177' title='bbox 3471 1658 3526 1712; x_wconf 83' lang='lat' dir='ltr'><strong>in</strong></span> <span class='ocrx_word' id='word_1_178' title='bbox 3557 1658 3682 1712; x_wconf 82' lang='lat' dir='ltr'><strong>imo.</strong></span> 
     </span>
    </p>
   </div>
   <div class='ocr_carea' id='block_1_32' title="bbox 2319 1747 3454 1824">
    <p class='ocr_par' dir='ltr' id='par_1_32' title="bbox 2319 1747 3454 1824">
     <span class='ocr_line' id='line_1_32' title="bbox 2319 1747 3454 1824; baseline 0.001 -20"><span class='ocrx_word' id='word_1_179' title='bbox 2319 1747 2424 1804; x_wconf 84' lang='lat' dir='ltr'><strong>Sed</strong></span> <span class='ocrx_word' id='word_1_180' title='bbox 2451 1750 2580 1804; x_wconf 70' lang='lat' dir='ltr'><strong>cado</strong></span> <span class='ocrx_word' id='word_1_181' title='bbox 2607 1750 2831 1820; x_wconf 78' lang='lat' dir='ltr'><strong>infertur</strong></span> <span class='ocrx_word' id='word_1_182' title='bbox 2866 1749 3002 1806; x_wconf 85' lang='lat' dir='ltr'><strong>dono</strong></span> <span class='ocrx_word' id='word_1_183' title='bbox 3031 1751 3228 1806; x_wconf 75' lang='lat' dir='ltr'><strong>ditatus</strong></span> <span class='ocrx_word' id='word_1_184' title='bbox 3259 1751 3454 1824; x_wconf 81' lang='lat' dir='ltr'><strong>Opima.</strong></span> 
     </span>
    </p>
   </div>
   <div class='ocr_carea' id='block_1_33' title="bbox 541 1819 3825 1918">
    <p class='ocr_par' dir='ltr' id='par_1_33' title="bbox 541 1819 3825 1918">
     <span class='ocr_line' id='line_1_33' title="bbox 541 1819 3825 1918; baseline -0.001 -16"><span class='ocrx_word' id='word_1_185' title='bbox 541 1863 755 1910; x_wconf 89' lang='lat' dir='ltr'><strong>eorum,</strong></span> <span class='ocrx_word' id='word_1_186' title='bbox 823 1845 1302 1918; x_wconf 64' lang='lat' dir='ltr'><strong>pra&#39;sentationem</strong></span> <span class='ocrx_word' id='word_1_187' title='bbox 1349 1848 1507 1912; x_wconf 77' lang='lat' dir='ltr'><strong>dicta:</strong></span> <span class='ocrx_word' id='word_1_188' title='bbox 1555 1847 1846 1916; x_wconf 70' lang='lat' dir='ltr'><strong>parocbim,</strong></span> <span class='ocrx_word' id='word_1_189' title='bbox 1900 1845 2144 1905; x_wconf 78' lang='lat' dir='ltr'><strong>ecclesia:</strong></span> <span class='ocrx_word' id='word_1_190' title='bbox 2178 1819 2221 1876; x_wconf 75' lang='grc' dir='ltr'><strong>Β</strong></span> <span class='ocrx_word' id='word_1_191' title='bbox 2320 1841 2510 1898; x_wconf 77' lang='lat' dir='ltr'><strong>XXVI.</strong></span> <span class='ocrx_word' id='word_1_192' title='bbox 2553 1841 2869 1898; x_wconf 78' lang='lat' dir='ltr'><strong>Guillebnns</strong></span> <span class='ocrx_word' id='word_1_193' title='bbox 2899 1844 2964 1896; x_wconf 89' lang='lat' dir='ltr'><strong>de</strong></span> <span class='ocrx_word' id='word_1_194' title='bbox 3016 1841 3270 1909; x_wconf 77' lang='lat' dir='ltr'><strong>Vilaincs,</strong></span> <span class='ocrx_word' id='word_1_195' title='bbox 3323 1860 3535 1899; x_wconf 86' lang='lat' dir='ltr'><strong>morum</strong></span> <span class='ocrx_word' id='word_1_196' title='bbox 3582 1842 3825 1916; x_wconf 83' lang='lat' dir='ltr'><strong>probitate</strong></span> 
     </span>
    </p>
   </div>
   <div class='ocr_carea' id='block_1_34' title="bbox 543 1937 2142 2016">
    <p class='ocr_par' dir='ltr' id='par_1_34' title="bbox 543 1937 2142 2016">
     <span class='ocr_line' id='line_1_34' title="bbox 543 1937 2142 2016; baseline -0.003 -21"><span class='ocrx_word' id='word_1_197' title='bbox 543 1939 729 2016; x_wconf 79' lang='lat' dir='ltr'><strong>Sancti</strong></span> <span class='ocrx_word' id='word_1_198' title='bbox 761 1939 1039 1998; x_wconf 85' lang='lat' dir='ltr'><strong>Gcremari</strong></span> <span class='ocrx_word' id='word_1_199' title='bbox 1069 1950 1327 2010; x_wconf 84' lang='lat' dir='ltr'><strong>perpetuo</strong></span> <span class='ocrx_word' id='word_1_200' title='bbox 1366 1939 1744 2008; x_wconf 76' lang='lat' dir='ltr'><strong>possidendam</strong></span> <span class='ocrx_word' id='word_1_201' title='bbox 1772 1937 2142 2016; x_wconf 77' lang='lat' dir='ltr'><strong>concedimus.</strong></span> 
     </span>
    </p>
   </div>
   <div class='ocr_carea' id='block_1_35' title="bbox 539 2031 2141 2111">
    <p class='ocr_par' dir='ltr' id='par_1_35' title="bbox 539 2031 2141 2111">
     <span class='ocr_line' id='line_1_35' title="bbox 539 2031 2141 2111; baseline -0.002 -23"><span class='ocrx_word' id='word_1_202' title='bbox 539 2034 624 2111; x_wconf 53' lang='lat' dir='ltr'><strong>Aul</strong></span> <span class='ocrx_word' id='word_1_203' title='bbox 663 2035 816 2106; x_wconf 90' lang='lat' dir='ltr'><strong>cujus</strong></span> <span class='ocrx_word' id='word_1_204' title='bbox 847 2034 924 2102; x_wconf 78' lang='lat' dir='ltr'><strong>rei</strong></span> <span class='ocrx_word' id='word_1_205' title='bbox 974 2034 1344 2088; x_wconf 88' lang='lat' dir='ltr'><strong>testimonium</strong></span> <span class='ocrx_word' id='word_1_206' title='bbox 1402 2047 1728 2106; x_wconf 73' lang='lat' dir='ltr'><strong>prmscntem</strong></span> <span class='ocrx_word' id='word_1_207' title='bbox 1772 2033 2024 2104; x_wconf 80' lang='lat' dir='ltr'><strong>paginam</strong></span> <span class='ocrx_word' id='word_1_208' title='bbox 2057 2031 2141 2085; x_wconf 85' lang='lat' dir='ltr'><strong>di—</strong></span> 
     </span>
    </p>
   </div>
   <div class='ocr_carea' id='block_1_36' title="bbox 542 2123 2143 2198">
    <p class='ocr_par' dir='ltr' id='par_1_36' title="bbox 542 2123 2143 2198">
     <span class='ocr_line' id='line_1_36' title="bbox 542 2123 2143 2198; baseline 0.001 -18"><span class='ocrx_word' id='word_1_209' title='bbox 542 2123 647 2180; x_wconf 87' lang='lat' dir='ltr'><strong>ctis</strong></span> <span class='ocrx_word' id='word_1_210' title='bbox 697 2123 977 2178; x_wconf 86' lang='lat' dir='ltr'><strong>monachis</strong></span> <span class='ocrx_word' id='word_1_211' title='bbox 1031 2123 1375 2190; x_wconf 87' lang='lat' dir='ltr'><strong>tradidimus,</strong></span> <span class='ocrx_word' id='word_1_212' title='bbox 1413 2123 1574 2198; x_wconf 77' lang='lat' dir='ltr'><strong>sigilli</strong></span> <span class='ocrx_word' id='word_1_213' title='bbox 1621 2123 1791 2192; x_wconf 85' lang='lat' dir='ltr'><strong>nostri</strong></span> <span class='ocrx_word' id='word_1_214' title='bbox 1844 2123 2143 2181; x_wconf 65' lang='lat' dir='ltr'><strong>t‘nuuiminc</strong></span> 
     </span>
    </p>
   </div>
   <div class='ocr_carea' id='block_1_37' title="bbox 540 2203 1480 2272">
    <p class='ocr_par' dir='ltr' id='par_1_37' title="bbox 540 2203 1480 2272">
     <span class='ocr_line' id='line_1_37' title="bbox 540 2203 1480 2272; baseline -0.003 0"><span class='ocrx_word' id='word_1_215' title='bbox 540 2213 876 2272; x_wconf 83' lang='lat' dir='ltr'><strong>roboratam.</strong></span> <span class='ocrx_word' id='word_1_216' title='bbox 1475 2203 1480 2208; x_wconf 63' lang='grc'><em>’</em></span> 
     </span>
    </p>
   </div>
   <div class='ocr_carea' id='block_1_38' title="bbox 617 2309 2141 2370">
    <p class='ocr_par' dir='ltr' id='par_1_38' title="bbox 617 2309 2141 2370">
     <span class='ocr_line' id='line_1_38' title="bbox 617 2309 2141 2370; baseline 0.006 -9"><span class='ocrx_word' id='word_1_217' title='bbox 617 2330 634 2361; x_wconf 73' lang='grc' dir='ltr'>ι</span> <span class='ocrx_word' id='word_1_218' title='bbox 671 2310 861 2365; x_wconf 87' lang='lat' dir='ltr'><strong>Datum</strong></span> <span class='ocrx_word' id='word_1_219' title='bbox 911 2309 1147 2366; x_wconf 81' lang='lat' dir='ltr'><strong>Flaviaci</strong></span> <span class='ocrx_word' id='word_1_220' title='bbox 1204 2327 1347 2370; x_wconf 85' lang='lat' dir='ltr'><strong>anno</strong></span> <span class='ocrx_word' id='word_1_221' title='bbox 1384 2313 1451 2369; x_wconf 91' lang='lat' dir='ltr'><strong>ab</strong></span> <span class='ocrx_word' id='word_1_222' title='bbox 1506 2311 1882 2370; x_wconf 88' lang='lat' dir='ltr'><strong>lncarnationc</strong></span> <span class='ocrx_word' id='word_1_223' title='bbox 1927 2312 2141 2370; x_wconf 88' lang='lat' dir='ltr'><strong>Domini</strong></span> 
     </span>
    </p>
   </div>
   <div class='ocr_carea' id='block_1_39' title="bbox 539 2401 1781 2476">
    <p class='ocr_par' dir='ltr' id='par_1_39' title="bbox 539 2401 1781 2476">
     <span class='ocr_line' id='line_1_39' title="bbox 539 2401 1781 2476; baseline -0.001 -19"><span class='ocrx_word' id='word_1_224' title='bbox 539 2401 828 2474; x_wconf 84' lang='lat' dir='ltr'><strong>millesimo</strong></span> <span class='ocrx_word' id='word_1_225' title='bbox 859 2403 1231 2458; x_wconf 71' lang='lat' dir='ltr'><strong>ducentesimo</strong></span> <span class='ocrx_word' id='word_1_226' title='bbox 1268 2404 1481 2464; x_wconf 85' lang='lat' dir='ltr'><strong>decimo</strong></span> <span class='ocrx_word' id='word_1_227' title='bbox 1505 2405 1716 2476; x_wconf 89' lang='lat' dir='ltr'><strong>quinto.</strong></span> <span class='ocrx_word' id='word_1_228' title='bbox 1761 2423 1781 2456; x_wconf 72' lang='grc' dir='ltr'><strong><em>ι</em></strong></span> 
     </span>
    </p>
   </div>
   <div class='ocr_carea' id='block_1_40' title="bbox 609 2491 2136 2572">
    <p class='ocr_par' dir='ltr' id='par_1_40' title="bbox 609 2491 2136 2572">
     <span class='ocr_line' id='line_1_40' title="bbox 609 2491 2136 2572; baseline 0.003 -22"><span class='ocrx_word' id='word_1_229' title='bbox 609 2491 873 2550; x_wconf 83' lang='lat' dir='ltr'><strong>Girardus</strong></span> <span class='ocrx_word' id='word_1_230' title='bbox 905 2511 934 2549; x_wconf 89' lang='lat' dir='ltr'><strong>v</strong></span> <span class='ocrx_word' id='word_1_231' title='bbox 968 2495 1088 2550; x_wconf 86' lang='lat' dir='ltr'><strong>Idus</strong></span> <span class='ocrx_word' id='word_1_232' title='bbox 1138 2496 1313 2551; x_wconf 82' lang='lat' dir='ltr'><strong>Martii</strong></span> <span class='ocrx_word' id='word_1_233' title='bbox 1346 2497 1483 2552; x_wconf 74' lang='grc' dir='ltr'><strong>12ὶῦ</strong></span> <span class='ocrx_word' id='word_1_234' title='bbox 1513 2498 1634 2552; x_wconf 72' lang='lat' dir='ltr'><strong>vilze</strong></span> <span class='ocrx_word' id='word_1_235' title='bbox 1660 2514 1877 2554; x_wconf 90' lang='lat' dir='ltr'><strong>cursum</strong></span> <span class='ocrx_word' id='word_1_236' title='bbox 1907 2499 2136 2572; x_wconf 80' lang='lat' dir='ltr'><strong>peregit.</strong></span> 
     </span>
    </p>
   </div>
   <div class='ocr_carea' id='block_1_41' title="bbox 610 2584 2142 2662">
    <p class='ocr_par' dir='ltr' id='par_1_41' title="bbox 610 2584 2142 2662">
     <span class='ocr_line' id='line_1_41' title="bbox 610 2584 2142 2662; baseline 0.003 -22"><span class='ocrx_word' id='word_1_237' title='bbox 610 2584 780 2641; x_wconf 76' lang='lat' dir='ltr'><strong>XXV.</strong></span> <span class='ocrx_word' id='word_1_238' title='bbox 811 2585 1073 2642; x_wconf 85' lang='lat' dir='ltr'><strong>Girardus</strong></span> <span class='ocrx_word' id='word_1_239' title='bbox 1114 2588 1178 2642; x_wconf 83' lang='lat' dir='ltr'><strong>de</strong></span> <span class='ocrx_word' id='word_1_240' title='bbox 1209 2586 1508 2659; x_wconf 81' lang='lat' dir='ltr'><strong>llaruigny,</strong></span> <span class='ocrx_word' id='word_1_241' title='bbox 1562 2604 1657 2644; x_wconf 88' lang='lat' dir='ltr'><strong>seu</strong></span> <span class='ocrx_word' id='word_1_242' title='bbox 1703 2588 1957 2662; x_wconf 79' lang='lat' dir='ltr'><strong>Etuiguy,</strong></span> <span class='ocrx_word' id='word_1_243' title='bbox 1989 2591 2142 2661; x_wconf 82' lang='lat' dir='ltr'><strong>cujus</strong></span> 
     </span>
    </p>
   </div>
   <div class='ocr_carea' id='block_1_42' title="bbox 541 2679 2137 2750">
    <p class='ocr_par' dir='ltr' id='par_1_42' title="bbox 541 2679 2137 2750">
     <span class='ocr_line' id='line_1_42' title="bbox 541 2679 2137 2750; baseline 0.001 -16"><span class='ocrx_word' id='word_1_244' title='bbox 541 2694 702 2750; x_wconf 81' lang='lat' dir='ltr'><strong>supra</strong></span> <span class='ocrx_word' id='word_1_245' title='bbox 750 2679 1112 2744; x_wconf 89' lang='lat' dir='ltr'><strong>meminimus,</strong></span> <span class='ocrx_word' id='word_1_246' title='bbox 1182 2679 1375 2736; x_wconf 85' lang='lat' dir='ltr'><strong>iterum</strong></span> <span class='ocrx_word' id='word_1_247' title='bbox 1421 2682 1693 2734; x_wconf 92' lang='lat' dir='ltr'><strong>communi</strong></span> <span class='ocrx_word' id='word_1_248' title='bbox 1749 2683 2137 2740; x_wconf 88' lang='lat' dir='ltr'><strong>monachorum</strong></span> 
     </span>
    </p>
   </div>
   <div class='ocr_carea' id='block_1_43' title="bbox 540 2755 2138 2841">
    <p class='ocr_par' dir='ltr' id='par_1_43' title="bbox 540 2755 2138 2841">
     <span class='ocr_line' id='line_1_43' title="bbox 540 2755 2138 2841; baseline 0.002 -17"><span class='ocrx_word' id='word_1_249' title='bbox 540 2767 747 2824; x_wconf 86' lang='lat' dir='ltr'><strong>calculo</strong></span> <span class='ocrx_word' id='word_1_250' title='bbox 772 2769 838 2824; x_wconf 90' lang='lat' dir='ltr'><strong>ad</strong></span> <span class='ocrx_word' id='word_1_251' title='bbox 869 2768 1100 2824; x_wconf 85' lang='lat' dir='ltr'><strong>abbatiae</strong></span> <span class='ocrx_word' id='word_1_252' title='bbox 1121 2769 1544 2841; x_wconf 83' lang='lat' dir='ltr'><strong>gubernaculum</strong></span> <span class='ocrx_word' id='word_1_253' title='bbox 1575 2772 1891 2826; x_wconf 88' lang='lat' dir='ltr'><strong>assumitur.</strong></span> <span class='ocrx_word' id='word_1_254' title='bbox 2115 2755 2138 2762; x_wconf 2' lang='lat' dir='ltr'><strong>id</strong></span> 
     </span>
    </p>
   </div>
   <div class='ocr_carea' id='block_1_44' title="bbox 545 2841 2141 2933">
    <p class='ocr_par' dir='ltr' id='par_1_44' title="bbox 545 2841 2141 2933">
     <span class='ocr_line' id='line_1_44' title="bbox 545 2841 2141 2933; baseline 0.006 -20"><span class='ocrx_word' id='word_1_255' title='bbox 545 2841 558 2851; x_wconf 61' lang='grc'><em>’</em></span> <span class='ocrx_word' id='word_1_256' title='bbox 613 2855 964 2918; x_wconf 89' lang='lat' dir='ltr'><strong>Testamento</strong></span> <span class='ocrx_word' id='word_1_257' title='bbox 1026 2859 1463 2916; x_wconf 85' lang='lat' dir='ltr'><strong>Flaviacensibus</strong></span> <span class='ocrx_word' id='word_1_258' title='bbox 1519 2877 1739 2916; x_wconf 87' lang='lat' dir='ltr'><strong>crucem</strong></span> <span class='ocrx_word' id='word_1_259' title='bbox 1793 2879 2036 2933; x_wconf 87' lang='lat' dir='ltr'><strong>auream,</strong></span> <span class='ocrx_word' id='word_1_260' title='bbox 2086 2872 2141 2922; x_wconf 75' lang='lat' dir='ltr'><strong>et</strong></span> 
     </span>
    </p>
   </div>
   <div class='ocr_carea' id='block_1_45' title="bbox 539 2952 2140 3027">
    <p class='ocr_par' dir='ltr' id='par_1_45' title="bbox 539 2952 2140 3027">
     <span class='ocr_line' id='line_1_45' title="bbox 539 2952 2140 3027; baseline 0.004 -20"><span class='ocrx_word' id='word_1_261' title='bbox 539 2952 905 3007; x_wconf 84' lang='lat' dir='ltr'><strong>ecclesiastica</strong></span> <span class='ocrx_word' id='word_1_262' title='bbox 931 2962 1270 3016; x_wconf 84' lang='lat' dir='ltr'><strong>ornamenta,</strong></span> <span class='ocrx_word' id='word_1_263' title='bbox 1306 2969 1409 3007; x_wconf 90' lang='lat' dir='ltr'><strong>una</strong></span> <span class='ocrx_word' id='word_1_264' title='bbox 1441 2953 1583 3008; x_wconf 80' lang='lat' dir='ltr'><strong>villa:</strong></span> <span class='ocrx_word' id='word_1_265' title='bbox 1620 2954 1906 3026; x_wconf 84' lang='lat' dir='ltr'><strong>Spalburgi</strong></span> <span class='ocrx_word' id='word_1_266' title='bbox 1956 2956 2140 3027; x_wconf 73' lang='lat' dir='ltr'><strong>(vulgo</strong></span> 
     </span>
    </p>
   </div>
   <div class='ocr_carea' id='block_1_46' title="bbox 542 3044 2138 3118">
    <p class='ocr_par' dir='ltr' id='par_1_46' title="bbox 542 3044 2138 3118">
     <span class='ocr_line' id='line_1_46' title="bbox 542 3044 2138 3118; baseline 0.003 -19"><span class='ocrx_word' id='word_1_267' title='bbox 542 3044 916 3116; x_wconf 79' lang='lat' dir='ltr'><strong>Espanbourg)</strong></span> <span class='ocrx_word' id='word_1_268' title='bbox 948 3057 1154 3115; x_wconf 88' lang='lat' dir='ltr'><strong>partem</strong></span> <span class='ocrx_word' id='word_1_269' title='bbox 1181 3053 1368 3116; x_wconf 80' lang='lat' dir='ltr'><strong>erogat</strong></span> <span class='ocrx_word' id='word_1_270' title='bbox 1395 3045 1446 3100; x_wconf 90' lang='lat' dir='ltr'><strong>in</strong></span> <span class='ocrx_word' id='word_1_271' title='bbox 1479 3047 1738 3102; x_wconf 80' lang='lat' dir='ltr'><strong>extremis</strong></span> <span class='ocrx_word' id='word_1_272' title='bbox 1761 3047 1967 3118; x_wconf 91' lang='lat' dir='ltr'><strong>positus</strong></span> <span class='ocrx_word' id='word_1_273' title='bbox 2008 3049 2138 3104; x_wconf 85' lang='lat' dir='ltr'><strong>Phi—</strong></span> 
     </span>
    </p>
   </div>
   <div class='ocr_carea' id='block_1_47' title="bbox 543 3119 2134 3208">
    <p class='ocr_par' dir='ltr' id='par_1_47' title="bbox 543 3119 2134 3208">
     <span class='ocr_line' id='line_1_47' title="bbox 543 3119 2134 3208; baseline 0.004 -17"><span class='ocrx_word' id='word_1_274' title='bbox 543 3119 728 3208; x_wconf 86' lang='lat' dir='ltr'><strong>lippus</strong></span> <span class='ocrx_word' id='word_1_275' title='bbox 767 3123 1172 3193; x_wconf 83' lang='lat' dir='ltr'><strong>Bellovaeensis</strong></span> <span class='ocrx_word' id='word_1_276' title='bbox 1227 3138 1472 3208; x_wconf 62' lang='lat' dir='ltr'><strong>prmsu-l.-</strong></span> <span class='ocrx_word' id='word_1_277' title='bbox 1505 3141 1572 3196; x_wconf 85' lang='lat' dir='ltr'><strong>Et</strong></span> <span class='ocrx_word' id='word_1_278' title='bbox 1613 3142 1756 3196; x_wconf 88' lang='lat' dir='ltr'><strong>hanc</strong></span> <span class='ocrx_word' id='word_1_279' title='bbox 1789 3143 2134 3198; x_wconf 89' lang='lat' dir='ltr'><strong>donationem</strong></span> 
     </span>
    </p>
   </div>
   <div class='ocr_carea' id='block_1_48' title="bbox 539 3231 2134 3307">
    <p class='ocr_par' dir='ltr' id='par_1_48' title="bbox 539 3231 2134 3307">
     <span class='ocr_line' id='line_1_48' title="bbox 539 3231 2134 3307; baseline 0.005 -22"><span class='ocrx_word' id='word_1_280' title='bbox 539 3245 824 3286; x_wconf 75' lang='lat' dir='ltr'><strong>successor</strong></span> <span class='ocrx_word' id='word_1_281' title='bbox 865 3231 1013 3296; x_wconf 73' lang='lat' dir='ltr'><strong>Milo,</strong></span> <span class='ocrx_word' id='word_1_282' title='bbox 1043 3234 1268 3287; x_wconf 90' lang='lat' dir='ltr'><strong>obtento</strong></span> <span class='ocrx_word' id='word_1_283' title='bbox 1307 3233 1458 3304; x_wconf 90' lang='lat' dir='ltr'><strong>prius</strong></span> <span class='ocrx_word' id='word_1_284' title='bbox 1481 3248 1510 3287; x_wconf 86' lang='lat' dir='ltr'><strong>a</strong></span> <span class='ocrx_word' id='word_1_285' title='bbox 1537 3236 1814 3290; x_wconf 85' lang='lat' dir='ltr'><strong>canonicis</strong></span> <span class='ocrx_word' id='word_1_286' title='bbox 1843 3237 1967 3307; x_wconf 87' lang='lat' dir='ltr'><strong>jure</strong></span> <span class='ocrx_word' id='word_1_287' title='bbox 1990 3239 2134 3307; x_wconf 85' lang='lat' dir='ltr'><strong>quod</strong></span> 
     </span>
    </p>
   </div>
   <div class='ocr_carea' id='block_1_49' title="bbox 538 3322 2137 3406">
    <p class='ocr_par' dir='ltr' id='par_1_49' title="bbox 538 3322 2137 3406">
     <span class='ocr_line' id='line_1_49' title="bbox 538 3322 2137 3406; baseline 0.005 -28"><span class='ocrx_word' id='word_1_288' title='bbox 538 3322 594 3406; x_wconf 75' lang='lat' dir='ltr'><strong>in</strong></span> <span class='ocrx_word' id='word_1_289' title='bbox 645 3325 893 3379; x_wconf 88' lang='lat' dir='ltr'><strong>eamdem</strong></span> <span class='ocrx_word' id='word_1_290' title='bbox 954 3325 1138 3379; x_wconf 88' lang='lat' dir='ltr'><strong>villam</strong></span> <span class='ocrx_word' id='word_1_291' title='bbox 1187 3325 1531 3394; x_wconf 86' lang='lat' dir='ltr'><strong>obtinebant,</strong></span> <span class='ocrx_word' id='word_1_292' title='bbox 1585 3329 1852 3400; x_wconf 86' lang='lat' dir='ltr'><strong>approbat</strong></span> <span class='ocrx_word' id='word_1_293' title='bbox 1907 3330 1961 3384; x_wconf 92' lang='lat' dir='ltr'><strong>iu</strong></span> <span class='ocrx_word' id='word_1_294' title='bbox 2020 3331 2137 3386; x_wconf 72' lang='lat' dir='ltr'><strong>haec</strong></span> 
     </span>
    </p>
   </div>
   <div class='ocr_carea' id='block_1_50' title="bbox 537 3421 750 3475">
    <p class='ocr_par' dir='ltr' id='par_1_50' title="bbox 537 3421 750 3475">
     <span class='ocr_line' id='line_1_50' title="bbox 537 3421 750 3475; baseline 0.005 -2"><span class='ocrx_word' id='word_1_295' title='bbox 537 3421 703 3475; x_wconf 82' lang='lat' dir='ltr'><strong>verba</strong></span> <span class='ocrx_word' id='word_1_296' title='bbox 737 3438 750 3474; x_wconf 88' lang='lat'><strong>:</strong></span> 
     </span>
    </p>
   </div>
   <div class='ocr_carea' id='block_1_51' title="bbox 615 3509 2136 3584">
    <p class='ocr_par' dir='ltr' id='par_1_51' title="bbox 615 3509 2136 3584">
     <span class='ocr_line' id='line_1_51' title="bbox 615 3509 2136 3584; baseline 0.005 -20"><span class='ocrx_word' id='word_1_297' title='bbox 615 3532 633 3564; x_wconf 83' lang='grc'><em>‹</em></span> <span class='ocrx_word' id='word_1_298' title='bbox 679 3509 820 3570; x_wconf 73' lang='lat' dir='ltr'><strong>MILO</strong></span> <span class='ocrx_word' id='word_1_299' title='bbox 866 3514 960 3569; x_wconf 87' lang='lat' dir='ltr'><strong>Dei</strong></span> <span class='ocrx_word' id='word_1_300' title='bbox 1009 3514 1182 3584; x_wconf 73' lang='lat' dir='ltr'><strong>gratia</strong></span> <span class='ocrx_word' id='word_1_301' title='bbox 1216 3512 1560 3571; x_wconf 85' lang='lat' dir='ltr'><strong>Belvacensis</strong></span> <span class='ocrx_word' id='word_1_302' title='bbox 1593 3515 1839 3572; x_wconf 71' lang='lat' dir='ltr'><strong>ecclesia:</strong></span> <span class='ocrx_word' id='word_1_303' title='bbox 1879 3515 2136 3572; x_wconf 83' lang='lat' dir='ltr'><strong>minister</strong></span> 
     </span>
    </p>
   </div>
   <div class='ocr_carea' id='block_1_52' title="bbox 539 3605 2138 3680">
    <p class='ocr_par' dir='ltr' id='par_1_52' title="bbox 539 3605 2138 3680">
     <span class='ocr_line' id='line_1_52' title="bbox 539 3605 2138 3680; baseline 0.003 -20"><span class='ocrx_word' id='word_1_304' title='bbox 539 3606 778 3672; x_wconf 86' lang='lat' dir='ltr'><strong>humilis,</strong></span> <span class='ocrx_word' id='word_1_305' title='bbox 810 3607 1061 3662; x_wconf 90' lang='lat' dir='ltr'><strong>omnibus</strong></span> <span class='ocrx_word' id='word_1_306' title='bbox 1089 3605 1288 3663; x_wconf 88' lang='lat' dir='ltr'><strong>Christi</strong></span> <span class='ocrx_word' id='word_1_307' title='bbox 1318 3609 1565 3665; x_wconf 81' lang='lat' dir='ltr'><strong>ﬁdelibus</strong></span> <span class='ocrx_word' id='word_1_308' title='bbox 1592 3609 1659 3665; x_wconf 87' lang='lat' dir='ltr'><strong>ad</strong></span> <span class='ocrx_word' id='word_1_309' title='bbox 1682 3626 1818 3680; x_wconf 84' lang='lat' dir='ltr'><strong>quos</strong></span> <span class='ocrx_word' id='word_1_310' title='bbox 1841 3621 2138 3680; x_wconf 73' lang='lat' dir='ltr'><strong>prtesentee</strong></span> 
     </span>
    </p>
   </div>
   <div class='ocr_carea' id='block_1_53' title="bbox 537 3695 2136 3764">
    <p class='ocr_par' dir='ltr' id='par_1_53' title="bbox 537 3695 2136 3764">
     <span class='ocr_line' id='line_1_53' title="bbox 537 3695 2136 3764; baseline 0.003 -11"><span class='ocrx_word' id='word_1_311' title='bbox 537 3695 735 3753; x_wconf 81' lang='lat' dir='ltr'><strong>littera:</strong></span> <span class='ocrx_word' id='word_1_312' title='bbox 759 3698 1098 3764; x_wconf 84' lang='lat' dir='ltr'><strong>devenerint,</strong></span> <span class='ocrx_word' id='word_1_313' title='bbox 1125 3709 1382 3756; x_wconf 67' lang='lat' dir='ltr'><strong>internata</strong></span> <span class='ocrx_word' id='word_1_314' title='bbox 1408 3703 1461 3757; x_wconf 87' lang='lat' dir='ltr'><strong>in</strong></span> <span class='ocrx_word' id='word_1_315' title='bbox 1491 3701 1719 3757; x_wconf 88' lang='lat' dir='ltr'><strong>Domino</strong></span> <span class='ocrx_word' id='word_1_316' title='bbox 1743 3703 1996 3760; x_wconf 80' lang='lat' dir='ltr'><strong>salutem.</strong></span> <span class='ocrx_word' id='word_1_317' title='bbox 2033 3703 2136 3758; x_wconf 78' lang='lat' dir='ltr'><strong>No-</strong></span> 
     </span>
    </p>
   </div>
   <div class='ocr_carea' id='block_1_54' title="bbox 539 3781 2137 3867">
    <p class='ocr_par' dir='ltr' id='par_1_54' title="bbox 539 3781 2137 3867">
     <span class='ocr_line' id='line_1_54' title="bbox 539 3781 2137 3867; baseline 0.006 -25"><span class='ocrx_word' id='word_1_318' title='bbox 539 3781 652 3844; x_wconf 78' lang='lat' dir='ltr'><strong>tum</strong></span> <span class='ocrx_word' id='word_1_319' title='bbox 705 3790 938 3846; x_wconf 79' lang='lat' dir='ltr'><strong>facimus</strong></span> <span class='ocrx_word' id='word_1_320' title='bbox 995 3792 1284 3860; x_wconf 74' lang='lat' dir='ltr'><strong>universis,</strong></span> <span class='ocrx_word' id='word_1_321' title='bbox 1339 3796 1481 3866; x_wconf 89' lang='lat' dir='ltr'><strong>quod</strong></span> <span class='ocrx_word' id='word_1_322' title='bbox 1531 3811 1654 3850; x_wconf 89' lang='lat' dir='ltr'><strong>cum</strong></span> <span class='ocrx_word' id='word_1_323' title='bbox 1711 3797 1957 3866; x_wconf 81' lang='lat' dir='ltr'><strong>quaedam</strong></span> <span class='ocrx_word' id='word_1_324' title='bbox 2009 3809 2137 3867; x_wconf 81' lang='lat' dir='ltr'><strong>pars</strong></span> 
     </span>
    </p>
   </div>
   <div class='ocr_carea' id='block_1_55' title="bbox 543 3880 2135 3957">
    <p class='ocr_par' dir='ltr' id='par_1_55' title="bbox 543 3880 2135 3957">
     <span class='ocr_line' id='line_1_55' title="bbox 543 3880 2135 3957; baseline 0.005 -24"><span class='ocrx_word' id='word_1_325' title='bbox 543 3880 685 3934; x_wconf 69' lang='lat' dir='ltr'><strong>villae</strong></span> <span class='ocrx_word' id='word_1_326' title='bbox 723 3883 788 3935; x_wconf 89' lang='lat' dir='ltr'><strong>de</strong></span> <span class='ocrx_word' id='word_1_327' title='bbox 813 3881 1165 3956; x_wconf 81' lang='lat' dir='ltr'><strong>Espaubourg</strong></span> <span class='ocrx_word' id='word_1_328' title='bbox 1213 3886 1265 3939; x_wconf 90' lang='lat' dir='ltr'><strong>in</strong></span> <span class='ocrx_word' id='word_1_329' title='bbox 1312 3886 1642 3954; x_wconf 84' lang='lat' dir='ltr'><strong>hominibus,</strong></span> <span class='ocrx_word' id='word_1_330' title='bbox 1685 3887 1879 3950; x_wconf 80' lang='lat' dir='ltr'><strong>leodis,</strong></span> <span class='ocrx_word' id='word_1_331' title='bbox 1926 3888 2135 3957; x_wconf 73' lang='lat' dir='ltr'><strong>campi-</strong></span> 
     </span>
    </p>
   </div>
   <div class='ocr_carea' id='block_1_56' title="bbox 537 3975 2136 4048">
    <p class='ocr_par' dir='ltr' id='par_1_56' title="bbox 537 3975 2136 4048">
     <span class='ocr_line' id='line_1_56' title="bbox 537 3975 2136 4048; baseline 0.006 -23"><span class='ocrx_word' id='word_1_332' title='bbox 537 3979 714 4043; x_wconf 75' lang='lat' dir='ltr'><strong>parte,</strong></span> <span class='ocrx_word' id='word_1_333' title='bbox 745 3975 930 4041; x_wconf 83' lang='lat' dir='ltr'><strong>terris,</strong></span> <span class='ocrx_word' id='word_1_334' title='bbox 973 3979 1164 4048; x_wconf 88' lang='lat' dir='ltr'><strong>pratis,</strong></span> <span class='ocrx_word' id='word_1_335' title='bbox 1193 3980 1506 4034; x_wconf 88' lang='lat' dir='ltr'><strong>nemoribus</strong></span> <span class='ocrx_word' id='word_1_336' title='bbox 1534 3989 1588 4035; x_wconf 88' lang='lat' dir='ltr'><strong>et</strong></span> <span class='ocrx_word' id='word_1_337' title='bbox 1619 3981 1780 4035; x_wconf 85' lang='lat' dir='ltr'><strong>rebus</strong></span> <span class='ocrx_word' id='word_1_338' title='bbox 1803 3980 1948 4044; x_wconf 89' lang='lat' dir='ltr'><strong>aliis,</strong></span> <span class='ocrx_word' id='word_1_339' title='bbox 1975 3981 2136 4034; x_wconf 81' lang='lat' dir='ltr'><strong>dicta:</strong></span> 
     </span>
    </p>
   </div>
   <div class='ocr_carea' id='block_1_57' title="bbox 537 4066 2136 4139">
    <p class='ocr_par' dir='ltr' id='par_1_57' title="bbox 537 4066 2136 4139">
     <span class='ocr_line' id='line_1_57' title="bbox 537 4066 2136 4139; baseline 0.005 -23"><span class='ocrx_word' id='word_1_340' title='bbox 537 4068 711 4134; x_wconf 83' lang='lat' dir='ltr'><strong>partis</strong></span> <span class='ocrx_word' id='word_1_341' title='bbox 743 4066 881 4120; x_wconf 74' lang='lat' dir='ltr'><strong>villa:</strong></span> <span class='ocrx_word' id='word_1_342' title='bbox 912 4069 1280 4136; x_wconf 83' lang='lat' dir='ltr'><strong>pertinentiis,</strong></span> <span class='ocrx_word' id='word_1_343' title='bbox 1323 4084 1391 4124; x_wconf 79' lang='lat' dir='ltr'><strong>ex</strong></span> <span class='ocrx_word' id='word_1_344' title='bbox 1443 4079 1599 4139; x_wconf 85' lang='lat' dir='ltr'><strong>parte</strong></span> <span class='ocrx_word' id='word_1_345' title='bbox 1647 4069 1947 4125; x_wconf 89' lang='lat' dir='ltr'><strong>llarmerici</strong></span> <span class='ocrx_word' id='word_1_346' title='bbox 1999 4068 2136 4124; x_wconf 63' lang='lat' dir='ltr'><strong>Ruﬁ</strong></span> 
     </span>
    </p>
   </div>
   <div class='ocr_carea' id='block_1_58' title="bbox 538 4157 2134 4233">
    <p class='ocr_par' dir='ltr' id='par_1_58' title="bbox 538 4157 2134 4233">
     <span class='ocr_line' id='line_1_58' title="bbox 538 4157 2134 4233; baseline 0.006 -25"><span class='ocrx_word' id='word_1_347' title='bbox 538 4157 808 4226; x_wconf 73' lang='lat' dir='ltr'><strong>quondam</strong></span> <span class='ocrx_word' id='word_1_348' title='bbox 839 4160 1024 4215; x_wconf 89' lang='lat' dir='ltr'><strong>militis</strong></span> <span class='ocrx_word' id='word_1_349' title='bbox 1049 4160 1416 4225; x_wconf 76' lang='lat' dir='ltr'><strong>Belvaeensis,</strong></span> <span class='ocrx_word' id='word_1_350' title='bbox 1455 4163 1522 4216; x_wconf 85' lang='lat' dir='ltr'><strong>ad</strong></span> <span class='ocrx_word' id='word_1_351' title='bbox 1561 4163 1660 4233; x_wconf 84' lang='lat' dir='ltr'><strong>pia:</strong></span> <span class='ocrx_word' id='word_1_352' title='bbox 1697 4165 1973 4217; x_wconf 71' lang='lat' dir='ltr'><strong>meritoria:</strong></span> <span class='ocrx_word' id='word_1_353' title='bbox 2003 4162 2134 4218; x_wconf 82' lang='lat' dir='ltr'><strong>Phi-</strong></span> 
     </span>
    </p>
   </div>
   <div class='ocr_carea' id='block_1_59' title="bbox 537 4245 2137 4326">
    <p class='ocr_par' dir='ltr' id='par_1_59' title="bbox 537 4245 2137 4326">
     <span class='ocr_line' id='line_1_59' title="bbox 537 4245 2137 4326; baseline 0.008 -27"><span class='ocrx_word' id='word_1_354' title='bbox 537 4245 739 4317; x_wconf 81' lang='lat' dir='ltr'><strong>lippum</strong></span> <span class='ocrx_word' id='word_1_355' title='bbox 792 4251 1066 4318; x_wconf 85' lang='lat' dir='ltr'><strong>quondam</strong></span> <span class='ocrx_word' id='word_1_356' title='bbox 1110 4253 1493 4308; x_wconf 80' lang='lat' dir='ltr'><strong>Belvacensem</strong></span> <span class='ocrx_word' id='word_1_357' title='bbox 1554 4256 1887 4324; x_wconf 88' lang='lat' dir='ltr'><strong>episcopum,</strong></span> <span class='ocrx_word' id='word_1_358' title='bbox 1931 4256 2137 4326; x_wconf 70' lang='lat' dir='ltr'><strong>przedeo</strong></span> 
     </span>
    </p>
   </div>
   <div class='ocr_carea' id='block_1_60' title="bbox 537 4341 2134 4417">
    <p class='ocr_par' dir='ltr' id='par_1_60' title="bbox 537 4341 2134 4417">
     <span class='ocr_line' id='line_1_60' title="bbox 537 4341 2134 4417; baseline 0.005 -26"><span class='ocrx_word' id='word_1_359' title='bbox 537 4349 806 4392; x_wconf 57' lang='lat' dir='ltr'><strong>cess-orem</strong></span> <span class='ocrx_word' id='word_1_360' title='bbox 839 4349 1102 4406; x_wconf 86' lang='lat' dir='ltr'><strong>nostrum,</strong></span> <span class='ocrx_word' id='word_1_361' title='bbox 1137 4342 1329 4398; x_wconf 84' lang='lat' dir='ltr'><strong>fuisset</strong></span> <span class='ocrx_word' id='word_1_362' title='bbox 1351 4343 1638 4409; x_wconf 80' lang='lat' dir='ltr'><strong>devoluta;</strong></span> <span class='ocrx_word' id='word_1_363' title='bbox 1674 4355 1728 4398; x_wconf 89' lang='lat' dir='ltr'><strong>et</strong></span> <span class='ocrx_word' id='word_1_364' title='bbox 1759 4346 1900 4400; x_wconf 88' lang='lat' dir='ltr'><strong>idem</strong></span> <span class='ocrx_word' id='word_1_365' title='bbox 1926 4341 2134 4417; x_wconf 59' lang='lat' dir='ltr'><strong>Philip.</strong></span> 
     </span>
    </p>
   </div>
   <div class='ocr_carea' id='block_1_61' title="bbox 537 4433 2134 4507">
    <p class='ocr_par' dir='ltr' id='par_1_61' title="bbox 537 4433 2134 4507">
     <span class='ocr_line' id='line_1_61' title="bbox 537 4433 2134 4507; baseline 0.001 -17"><span class='ocrx_word' id='word_1_366' title='bbox 537 4448 638 4504; x_wconf 90' lang='lat' dir='ltr'><strong>pus</strong></span> <span class='ocrx_word' id='word_1_367' title='bbox 652 4434 929 4489; x_wconf 85' lang='lat' dir='ltr'><strong>canonicis</strong></span> <span class='ocrx_word' id='word_1_368' title='bbox 954 4434 1125 4487; x_wconf 75' lang='lat' dir='ltr'><strong>beata:</strong></span> <span class='ocrx_word' id='word_1_369' title='bbox 1149 4433 1330 4489; x_wconf 75' lang='lat' dir='ltr'><strong>Maria:</strong></span> <span class='ocrx_word' id='word_1_370' title='bbox 1360 4433 1706 4490; x_wconf 88' lang='lat' dir='ltr'><strong>Belvacensis</strong></span> <span class='ocrx_word' id='word_1_371' title='bbox 1737 4437 1788 4489; x_wconf 91' lang='lat' dir='ltr'><strong>in</strong></span> <span class='ocrx_word' id='word_1_372' title='bbox 1814 4448 2134 4507; x_wconf 88' lang='lat' dir='ltr'><strong>perpetuum</strong></span> 
     </span>
    </p>
   </div>
   <div class='ocr_carea' id='block_1_62' title="bbox 533 4527 2132 4600">
    <p class='ocr_par' dir='ltr' id='par_1_62' title="bbox 533 4527 2132 4600">
     <span class='ocr_line' id='line_1_62' title="bbox 533 4527 2132 4600; baseline 0.003 -18"><span class='ocrx_word' id='word_1_373' title='bbox 533 4531 926 4600; x_wconf 75' lang='lat' dir='ltr'><strong>prtenominata</strong></span> <span class='ocrx_word' id='word_1_374' title='bbox 949 4527 1268 4583; x_wconf 79' lang='lat' dir='ltr'><strong>ccutulisset</strong></span> <span class='ocrx_word' id='word_1_375' title='bbox 1301 4544 1318 4582; x_wconf 87' lang='lat'><strong>:</strong></span> <span class='ocrx_word' id='word_1_376' title='bbox 1352 4528 1492 4584; x_wconf 88' lang='lat' dir='ltr'><strong>idem</strong></span> <span class='ocrx_word' id='word_1_377' title='bbox 1533 4530 1784 4585; x_wconf 90' lang='lat' dir='ltr'><strong>canonici</strong></span> <span class='ocrx_word' id='word_1_378' title='bbox 1811 4531 1878 4586; x_wconf 87' lang='lat' dir='ltr'><strong>de</strong></span> <span class='ocrx_word' id='word_1_379' title='bbox 1905 4548 2132 4590; x_wconf 81' lang='lat' dir='ltr'><strong>assensu</strong></span> 
     </span>
    </p>
   </div>
   <div class='ocr_carea' id='block_1_63' title="bbox 536 4619 2126 4694">
    <p class='ocr_par' dir='ltr' id='par_1_63' title="bbox 536 4619 2126 4694">
     <span class='ocr_line' id='line_1_63' title="bbox 536 4619 2126 4694; baseline 0.004 -18"><span class='ocrx_word' id='word_1_380' title='bbox 536 4621 755 4690; x_wconf 88' lang='lat' dir='ltr'><strong>capituli</strong></span> <span class='ocrx_word' id='word_1_381' title='bbox 781 4621 920 4676; x_wconf 83' lang='lat' dir='ltr'><strong>beati</strong></span> <span class='ocrx_word' id='word_1_382' title='bbox 949 4619 1092 4674; x_wconf 81' lang='lat' dir='ltr'><strong>Petri</strong></span> <span class='ocrx_word' id='word_1_383' title='bbox 1133 4619 1503 4683; x_wconf 80' lang='lat' dir='ltr'><strong>Belvaceusis,</strong></span> <span class='ocrx_word' id='word_1_384' title='bbox 1531 4619 1812 4678; x_wconf 74' lang='lat' dir='ltr'><strong>suﬂicieriti</strong></span> <span class='ocrx_word' id='word_1_385' title='bbox 1841 4626 2126 4694; x_wconf 77' lang='lat' dir='ltr'><strong>excambio</strong></span> 
     </span>
    </p>
   </div>
   <div class='ocr_carea' id='block_1_64' title="bbox 536 4713 2131 4788">
    <p class='ocr_par' dir='ltr' id='par_1_64' title="bbox 536 4713 2131 4788">
     <span class='ocr_line' id='line_1_64' title="bbox 536 4713 2131 4788; baseline 0.003 -20"><span class='ocrx_word' id='word_1_386' title='bbox 536 4713 664 4770; x_wconf 82' lang='lat' dir='ltr'><strong>inde</strong></span> <span class='ocrx_word' id='word_1_387' title='bbox 705 4723 944 4784; x_wconf 83' lang='lat' dir='ltr'><strong>recepto,</strong></span> <span class='ocrx_word' id='word_1_388' title='bbox 989 4714 1149 4768; x_wconf 67' lang='lat' dir='ltr'><strong>uoltis</strong></span> <span class='ocrx_word' id='word_1_389' title='bbox 1181 4714 1374 4768; x_wconf 83' lang='lat' dir='ltr'><strong>eadem</strong></span> <span class='ocrx_word' id='word_1_390' title='bbox 1420 4713 1792 4782; x_wconf 87' lang='lat' dir='ltr'><strong>quittavernnt</strong></span> <span class='ocrx_word' id='word_1_391' title='bbox 1841 4716 1896 4770; x_wconf 92' lang='lat' dir='ltr'><strong>in</strong></span> <span class='ocrx_word' id='word_1_392' title='bbox 1939 4733 2131 4788; x_wconf 71' lang='lat' dir='ltr'><strong>perpeo</strong></span> 
     </span>
    </p>
   </div>
   <div class='ocr_carea' id='block_1_65' title="bbox 535 4804 1932 4870">
    <p class='ocr_par' dir='ltr' id='par_1_65' title="bbox 535 4804 1932 4870">
     <span class='ocr_line' id='line_1_65' title="bbox 535 4804 1932 4870; baseline 0.001 -9"><span class='ocrx_word' id='word_1_393' title='bbox 535 4817 688 4866; x_wconf 83' lang='lat' dir='ltr'><strong>tuum</strong></span> <span class='ocrx_word' id='word_1_394' title='bbox 718 4805 973 4870; x_wconf 89' lang='lat' dir='ltr'><strong>tenenda,</strong></span> <span class='ocrx_word' id='word_1_395' title='bbox 1006 4805 1092 4860; x_wconf 85' lang='lat' dir='ltr'><strong>vel</strong></span> <span class='ocrx_word' id='word_1_396' title='bbox 1118 4805 1207 4860; x_wconf 92' lang='lat' dir='ltr'><strong>cui</strong></span> <span class='ocrx_word' id='word_1_397' title='bbox 1241 4804 1504 4860; x_wconf 81' lang='lat' dir='ltr'><strong>vellemus</strong></span> <span class='ocrx_word' id='word_1_398' title='bbox 1535 4806 1932 4864; x_wconf 78' lang='lat' dir='ltr'><strong>transferenda.</strong></span> 
     </span>
    </p>
   </div>
   <div class='ocr_carea' id='block_1_66' title="bbox 611 4897 2130 4970">
    <p class='ocr_par' dir='ltr' id='par_1_66' title="bbox 611 4897 2130 4970">
     <span class='ocr_line' id='line_1_66' title="bbox 611 4897 2130 4970; baseline 0.005 -19"><span class='ocrx_word' id='word_1_399' title='bbox 611 4917 633 4951; x_wconf 75' lang='grc' dir='ltr'>ι</span> <span class='ocrx_word' id='word_1_400' title='bbox 667 4899 774 4960; x_wconf 71' lang='lat' dir='ltr'><strong>Nos</strong></span> <span class='ocrx_word' id='word_1_401' title='bbox 799 4913 928 4966; x_wconf 75' lang='lat' dir='ltr'><strong>ergo</strong></span> <span class='ocrx_word' id='word_1_402' title='bbox 953 4897 1238 4952; x_wconf 86' lang='lat' dir='ltr'><strong>ecclesiam</strong></span> <span class='ocrx_word' id='word_1_403' title='bbox 1272 4897 1671 4954; x_wconf 80' lang='lat' dir='ltr'><strong>F-laviaeensem</strong></span> <span class='ocrx_word' id='word_1_404' title='bbox 1695 4908 1921 4970; x_wconf 86' lang='lat' dir='ltr'><strong>paterno</strong></span> <span class='ocrx_word' id='word_1_405' title='bbox 1943 4917 2130 4959; x_wconf 81' lang='lat' dir='ltr'><strong>amore</strong></span> 
     </span>
    </p>
   </div>
   <div class='ocr_carea' id='block_1_67' title="bbox 533 4991 2129 5063">
    <p class='ocr_par' dir='ltr' id='par_1_67' title="bbox 533 4991 2129 5063">
     <span class='ocr_line' id='line_1_67' title="bbox 533 4991 2129 5063; baseline 0.001 -13"><span class='ocrx_word' id='word_1_406' title='bbox 533 4992 973 5063; x_wconf 82' lang='lat' dir='ltr'><strong>cemplecteutcs,</strong></span> <span class='ocrx_word' id='word_1_407' title='bbox 1007 4991 1131 5060; x_wconf 89' lang='lat' dir='ltr'><strong>ipsi,</strong></span> <span class='ocrx_word' id='word_1_408' title='bbox 1158 4999 1213 5045; x_wconf 90' lang='lat' dir='ltr'><strong>et</strong></span> <span class='ocrx_word' id='word_1_409' title='bbox 1247 4992 1529 5048; x_wconf 87' lang='lat' dir='ltr'><strong>monachis</strong></span> <span class='ocrx_word' id='word_1_410' title='bbox 1556 4992 1752 5048; x_wconf 88' lang='lat' dir='ltr'><strong>ibidem</strong></span> <span class='ocrx_word' id='word_1_411' title='bbox 1783 5009 2129 5052; x_wconf 75' lang='lat' dir='ltr'><strong>commoran-</strong></span> 
     </span>
    </p>
   </div>
   <div class='ocr_carea' id='block_1_68' title="bbox 533 5085 2126 5160">
    <p class='ocr_par' dir='ltr' id='par_1_68' title="bbox 533 5085 2126 5160">
     <span class='ocr_line' id='line_1_68' title="bbox 533 5085 2126 5160; baseline 0.004 -20"><span class='ocrx_word' id='word_1_412' title='bbox 533 5086 700 5158; x_wconf 79' lang='lat' dir='ltr'><strong>tibus,</strong></span> <span class='ocrx_word' id='word_1_413' title='bbox 728 5085 1040 5140; x_wconf 76' lang='lat' dir='ltr'><strong>hzecomnia</strong></span> <span class='ocrx_word' id='word_1_414' title='bbox 1057 5085 1432 5148; x_wconf 80' lang='lat' dir='ltr'><strong>concessimus</strong></span> <span class='ocrx_word' id='word_1_415' title='bbox 1455 5089 1688 5142; x_wconf 80' lang='lat' dir='ltr'><strong>tenenda</strong></span> <span class='ocrx_word' id='word_1_416' title='bbox 1718 5088 1772 5142; x_wconf 89' lang='lat' dir='ltr'><strong>in</strong></span> <span class='ocrx_word' id='word_1_417' title='bbox 1805 5101 2126 5160; x_wconf 86' lang='lat' dir='ltr'><strong>perpetuum</strong></span> 
     </span>
    </p>
   </div>
   <div class='ocr_carea' id='block_1_69' title="bbox 530 5175 2128 5252">
    <p class='ocr_par' dir='ltr' id='par_1_69' title="bbox 530 5175 2128 5252">
     <span class='ocr_line' id='line_1_69' title="bbox 530 5175 2128 5252; baseline 0.002 -18"><span class='ocrx_word' id='word_1_418' title='bbox 530 5175 703 5234; x_wconf 75' lang='lat' dir='ltr'><strong>libene</strong></span> <span class='ocrx_word' id='word_1_419' title='bbox 727 5187 784 5234; x_wconf 88' lang='lat' dir='ltr'><strong>et</strong></span> <span class='ocrx_word' id='word_1_420' title='bbox 823 5177 1029 5248; x_wconf 86' lang='lat' dir='ltr'><strong>quiete,</strong></span> <span class='ocrx_word' id='word_1_421' title='bbox 1061 5190 1186 5230; x_wconf 88' lang='lat' dir='ltr'><strong>cum</strong></span> <span class='ocrx_word' id='word_1_422' title='bbox 1235 5184 1348 5230; x_wconf 77' lang='lat' dir='ltr'><strong>tota</strong></span> <span class='ocrx_word' id='word_1_423' title='bbox 1397 5177 1634 5248; x_wconf 79' lang='lat' dir='ltr'><strong>justitia,</strong></span> <span class='ocrx_word' id='word_1_424' title='bbox 1681 5195 1803 5234; x_wconf 79' lang='lat' dir='ltr'><strong>cum</strong></span> <span class='ocrx_word' id='word_1_425' title='bbox 1833 5180 1977 5248; x_wconf 89' lang='lat' dir='ltr'><strong>aliis,</strong></span> <span class='ocrx_word' id='word_1_426' title='bbox 2007 5196 2128 5252; x_wconf 70' lang='lat' dir='ltr'><strong>qua:</strong></span> 
     </span>
    </p>
   </div>
   <div class='ocr_carea' id='block_1_70' title="bbox 533 5267 2126 5341">
    <p class='ocr_par' dir='ltr' id='par_1_70' title="bbox 533 5267 2126 5341">
     <span class='ocr_line' id='line_1_70' title="bbox 533 5267 2126 5341; baseline 0.004 -19"><span class='ocrx_word' id='word_1_427' title='bbox 533 5268 836 5338; x_wconf 87' lang='lat' dir='ltr'><strong>antiquitus</strong></span> <span class='ocrx_word' id='word_1_428' title='bbox 900 5267 1365 5337; x_wconf 72' lang='lat' dir='ltr'><strong>pnedeeessurum</strong></span> <span class='ocrx_word' id='word_1_429' title='bbox 1425 5279 1734 5326; x_wconf 82' lang='lat' dir='ltr'><strong>nostrorum</strong></span> <span class='ocrx_word' id='word_1_430' title='bbox 1789 5273 2126 5341; x_wconf 74' lang='lat' dir='ltr'><strong>temporibus</strong></span> 
     </span>
    </p>
   </div>
   <div class='ocr_carea' id='block_1_71' title="bbox 533 5358 2126 5435">
    <p class='ocr_par' dir='ltr' id='par_1_71' title="bbox 533 5358 2126 5435">
     <span class='ocr_line' id='line_1_71' title="bbox 533 5358 2126 5435; baseline 0.004 -21"><span class='ocrx_word' id='word_1_431' title='bbox 701 5359 956 5426; x_wconf 78' lang='lat' dir='ltr'><strong>uienaebi</strong></span> <span class='ocrx_word' id='word_1_432' title='bbox 1005 5358 1203 5415; x_wconf 87' lang='lat' dir='ltr'><strong>ibidem</strong></span> <span class='ocrx_word' id='word_1_433' title='bbox 1259 5360 1430 5424; x_wconf 82' lang='lat' dir='ltr'><strong>libere</strong></span> <span class='ocrx_word' id='word_1_434' title='bbox 1483 5373 1538 5418; x_wconf 90' lang='lat' dir='ltr'><strong>et</strong></span> <span class='ocrx_word' id='word_1_435' title='bbox 1599 5364 1825 5435; x_wconf 81' lang='lat' dir='ltr'><strong>paciliee</strong></span> <span class='ocrx_word' id='word_1_436' title='bbox 1881 5367 2126 5434; x_wconf 80' lang='lat' dir='ltr'><strong>posside-</strong></span> 
     </span>
    </p>
   </div>
   <div class='ocr_carea' id='block_1_72' title="bbox 532 5451 2123 5530">
    <p class='ocr_par' dir='ltr' id='par_1_72' title="bbox 532 5451 2123 5530">
     <span class='ocr_line' id='line_1_72' title="bbox 532 5451 2123 5530; baseline 0.006 -24"><span class='ocrx_word' id='word_1_437' title='bbox 532 5452 685 5518; x_wconf 83' lang='lat' dir='ltr'><strong>bant,</strong></span> <span class='ocrx_word' id='word_1_438' title='bbox 729 5453 967 5524; x_wconf 69' lang='lat' dir='ltr'><strong>masagiu</strong></span> <span class='ocrx_word' id='word_1_439' title='bbox 994 5451 1202 5512; x_wconf 78' lang='lat' dir='ltr'><strong>scilicet</strong></span> <span class='ocrx_word' id='word_1_440' title='bbox 1221 5469 1341 5522; x_wconf 85' lang='lat' dir='ltr'><strong>suo,</strong></span> <span class='ocrx_word' id='word_1_441' title='bbox 1377 5454 1686 5510; x_wconf 84' lang='lat' dir='ltr'><strong>hominibus</strong></span> <span class='ocrx_word' id='word_1_442' title='bbox 1715 5456 1904 5521; x_wconf 85' lang='lat' dir='ltr'><strong>leodis,</strong></span> <span class='ocrx_word' id='word_1_443' title='bbox 1939 5460 2123 5530; x_wconf 78' lang='lat' dir='ltr'><strong>terris,</strong></span> 
     </span>
    </p>
   </div>
   <div class='ocr_carea' id='block_1_73' title="bbox 530 5543 2128 5615">
    <p class='ocr_par' dir='ltr' id='par_1_73' title="bbox 530 5543 2128 5615">
     <span class='ocr_line' id='line_1_73' title="bbox 530 5543 2128 5615; baseline 0.003 -17"><span class='ocrx_word' id='word_1_444' title='bbox 530 5543 722 5613; x_wconf 71' lang='lat' dir='ltr'><strong>pratis,</strong></span> <span class='ocrx_word' id='word_1_445' title='bbox 753 5545 1083 5608; x_wconf 58' lang='lat' dir='ltr'><strong>nemoribus,</strong></span> <span class='ocrx_word' id='word_1_446' title='bbox 1116 5543 1363 5610; x_wconf 84' lang='lat' dir='ltr'><strong>decimis,</strong></span> <span class='ocrx_word' id='word_1_447' title='bbox 1397 5545 1737 5612; x_wconf 80' lang='lat' dir='ltr'><strong>molendinis,</strong></span> <span class='ocrx_word' id='word_1_448' title='bbox 1781 5548 1955 5615; x_wconf 82' lang='lat' dir='ltr'><strong>aquis,</strong></span> <span class='ocrx_word' id='word_1_449' title='bbox 1988 5565 2128 5608; x_wconf 84' lang='lat' dir='ltr'><strong>cam-</strong></span> 
     </span>
    </p>
   </div>
   <div class='ocr_carea' id='block_1_74' title="bbox 530 5633 2122 5712">
    <p class='ocr_par' dir='ltr' id='par_1_74' title="bbox 530 5633 2122 5712">
     <span class='ocr_line' id='line_1_74' title="bbox 530 5633 2122 5712; baseline -0.006 -7"><span class='ocrx_word' id='word_1_450' title='bbox 530 5634 744 5704; x_wconf 60' lang='grc' dir='ltr'><strong>Ρῗβῖηιυ</strong></span> <span class='ocrx_word' id='word_1_451' title='bbox 777 5644 829 5686; x_wconf 65' lang='grc' dir='ltr'><strong>οι</strong></span> <span class='ocrx_word' id='word_1_452' title='bbox 865 5642 974 5686; x_wconf 74' lang='grc' dir='ltr'><strong>ιυω</strong></span> <span class='ocrx_word' id='word_1_453' title='bbox 1016 5633 1242 5702; x_wconf 78' lang='lat' dir='ltr'><strong>iustitia.</strong></span> <span class='ocrx_word' id='word_1_454' title='bbox 1287 5635 1470 5706; x_wconf 83' lang='lat' dir='ltr'><strong>Itaque</strong></span> <span class='ocrx_word' id='word_1_455' title='bbox 1506 5639 1560 5692; x_wconf 90' lang='lat' dir='ltr'><strong>in</strong></span> <span class='ocrx_word' id='word_1_456' title='bbox 1606 5641 1763 5696; x_wconf 82' lang='lat' dir='ltr'><strong>dicta:</strong></span> <span class='ocrx_word' id='word_1_457' title='bbox 1792 5643 1927 5698; x_wconf 71' lang='lat' dir='ltr'><strong>villm</strong></span> <span class='ocrx_word' id='word_1_458' title='bbox 1956 5641 2122 5712; x_wconf 80' lang='lat' dir='ltr'><strong>perti-</strong></span> 
     </span>
    </p>
   </div>
   <div class='ocr_carea' id='block_1_75' title="bbox 533 5723 2122 5800">
    <p class='ocr_par' dir='ltr' id='par_1_75' title="bbox 533 5723 2122 5800">
     <span class='ocr_line' id='line_1_75' title="bbox 533 5723 2122 5800; baseline 0.009 -22"><span class='ocrx_word' id='word_1_459' title='bbox 533 5727 753 5789; x_wconf 88' lang='lat' dir='ltr'><strong>nentiis,</strong></span> <span class='ocrx_word' id='word_1_460' title='bbox 783 5723 912 5778; x_wconf 85' lang='lat' dir='ltr'><strong>nihil</strong></span> <span class='ocrx_word' id='word_1_461' title='bbox 947 5725 1102 5778; x_wconf 85' lang='lat' dir='ltr'><strong>nobis</strong></span> <span class='ocrx_word' id='word_1_462' title='bbox 1137 5726 1451 5794; x_wconf 88' lang='lat' dir='ltr'><strong>retinemus,</strong></span> <span class='ocrx_word' id='word_1_463' title='bbox 1497 5732 1626 5800; x_wconf 92' lang='lat' dir='ltr'><strong>quin</strong></span> <span class='ocrx_word' id='word_1_464' title='bbox 1657 5737 1908 5790; x_wconf 87' lang='lat' dir='ltr'><strong>monachi</strong></span> <span class='ocrx_word' id='word_1_465' title='bbox 1947 5734 2122 5792; x_wconf 80' lang='lat' dir='ltr'><strong>nomi-</strong></span> 
     </span>
    </p>
   </div>
   <div class='ocr_carea' id='block_1_76' title="bbox 534 5801 2124 5897">
    <p class='ocr_par' dir='ltr' id='par_1_76' title="bbox 534 5801 2124 5897">
     <span class='ocr_line' id='line_1_76' title="bbox 534 5801 2124 5897; baseline 0.005 -25"><span class='ocrx_word' id='word_1_466' title='bbox 534 5816 647 5872; x_wconf 86' lang='lat' dir='ltr'><strong>nati</strong></span> <span class='ocrx_word' id='word_1_467' title='bbox 686 5816 740 5870; x_wconf 89' lang='lat' dir='ltr'><strong>in</strong></span> <span class='ocrx_word' id='word_1_468' title='bbox 769 5813 1061 5884; x_wconf 68' lang='lat' dir='ltr'><strong>prtelibatis</strong></span> <span class='ocrx_word' id='word_1_469' title='bbox 1093 5813 1251 5884; x_wconf 88' lang='lat' dir='ltr'><strong>plena</strong></span> <span class='ocrx_word' id='word_1_470' title='bbox 1292 5801 1566 5888; x_wconf 78' lang='lat' dir='ltr'><strong>gaudeant</strong></span> <span class='ocrx_word' id='word_1_471' title='bbox 1603 5823 1870 5881; x_wconf 84' lang='lat' dir='ltr'><strong>libertate.</strong></span> <span class='ocrx_word' id='word_1_472' title='bbox 1904 5823 2124 5897; x_wconf 83' lang='lat' dir='ltr'><strong>Nosque</strong></span> 
     </span>
    </p>
   </div>
   <div class='ocr_carea' id='block_1_77' title="bbox 2251 1934 3822 2014">
    <p class='ocr_par' dir='ltr' id='par_1_77' title="bbox 2251 1934 3822 2014">
     <span class='ocr_line' id='line_1_77' title="bbox 2251 1934 3822 2014; baseline 0.001 -23"><span class='ocrx_word' id='word_1_473' title='bbox 2251 1934 2451 2014; x_wconf 85' lang='lat' dir='ltr'><strong>clarus.</strong></span> <span class='ocrx_word' id='word_1_474' title='bbox 2507 1934 2672 1990; x_wconf 89' lang='lat' dir='ltr'><strong>Sedet</strong></span> <span class='ocrx_word' id='word_1_475' title='bbox 2722 1952 2844 1992; x_wconf 85' lang='lat' dir='ltr'><strong>cum</strong></span> <span class='ocrx_word' id='word_1_476' title='bbox 2900 1935 3020 1990; x_wconf 87' lang='lat' dir='ltr'><strong>aliis</strong></span> <span class='ocrx_word' id='word_1_477' title='bbox 3066 1936 3354 2002; x_wconf 88' lang='lat' dir='ltr'><strong>abbatibus</strong></span> <span class='ocrx_word' id='word_1_478' title='bbox 3404 1935 3691 1991; x_wconf 73' lang='lat' dir='ltr'><strong>Bernensis</strong></span> <span class='ocrx_word' id='word_1_479' title='bbox 3716 1951 3822 2006; x_wconf 83' lang='lat' dir='ltr'><strong>pro-</strong></span> 
     </span>
    </p>
   </div>
   <div class='ocr_carea' id='block_1_78' title="bbox 2248 2023 3826 2104">
    <p class='ocr_par' dir='ltr' id='par_1_78' title="bbox 2248 2023 3826 2104">
     <span class='ocr_line' id='line_1_78' title="bbox 2248 2023 3826 2104; baseline -0.001 -20"><span class='ocrx_word' id='word_1_480' title='bbox 2248 2029 2460 2104; x_wconf 72' lang='lat' dir='ltr'><strong>vinciae,</strong></span> <span class='ocrx_word' id='word_1_481' title='bbox 2507 2027 2559 2081; x_wconf 89' lang='lat' dir='ltr'><strong>in</strong></span> <span class='ocrx_word' id='word_1_482' title='bbox 2602 2026 2864 2098; x_wconf 87' lang='lat' dir='ltr'><strong>capitulo,</strong></span> <span class='ocrx_word' id='word_1_483' title='bbox 2901 2027 3014 2081; x_wconf 89' lang='lat' dir='ltr'><strong>sive</strong></span> <span class='ocrx_word' id='word_1_484' title='bbox 3069 2028 3487 2104; x_wconf 78' lang='lat' dir='ltr'><strong>congregatione</strong></span> <span class='ocrx_word' id='word_1_485' title='bbox 3521 2027 3668 2100; x_wconf 88' lang='lat' dir='ltr'><strong>apud</strong></span> <span class='ocrx_word' id='word_1_486' title='bbox 3710 2023 3826 2083; x_wconf 86' lang='lat' dir='ltr'><strong>San-</strong></span> 
     </span>
    </p>
   </div>
   <div class='ocr_carea' id='block_1_79' title="bbox 2247 2119 3595 2180">
    <p class='ocr_par' dir='ltr' id='par_1_79' title="bbox 2247 2119 3595 2180">
     <span class='ocr_line' id='line_1_79' title="bbox 2247 2119 3595 2180; baseline -0.001 -2"><span class='ocrx_word' id='word_1_487' title='bbox 2247 2131 2392 2178; x_wconf 91' lang='lat' dir='ltr'><strong>ctum</strong></span> <span class='ocrx_word' id='word_1_488' title='bbox 2429 2119 2768 2176; x_wconf 77' lang='lat' dir='ltr'><strong>Vincentium</strong></span> <span class='ocrx_word' id='word_1_489' title='bbox 2813 2123 3226 2180; x_wconf 87' lang='lat' dir='ltr'><strong>Laudunensem</strong></span> <span class='ocrx_word' id='word_1_490' title='bbox 3269 2130 3595 2179; x_wconf 88' lang='lat' dir='ltr'><strong>convocata.</strong></span> 
     </span>
    </p>
   </div>
   <div class='ocr_carea' id='block_1_80' title="bbox 2317 2211 3830 2288">
    <p class='ocr_par' dir='ltr' id='par_1_80' title="bbox 2317 2211 3830 2288">
     <span class='ocr_line' id='line_1_80' title="bbox 2317 2211 3830 2288; baseline 0 -18"><span class='ocrx_word' id='word_1_491' title='bbox 2317 2213 2512 2276; x_wconf 80' lang='lat' dir='ltr'><strong>Theca:</strong></span> <span class='ocrx_word' id='word_1_492' title='bbox 2539 2222 2806 2284; x_wconf 74' lang='lat' dir='ltr'><strong>argentea:</strong></span> <span class='ocrx_word' id='word_1_493' title='bbox 2836 2230 2969 2270; x_wconf 89' lang='lat' dir='ltr'><strong>auro</strong></span> <span class='ocrx_word' id='word_1_494' title='bbox 3021 2215 3323 2286; x_wconf 82' lang='lat' dir='ltr'><strong>lapillisque</strong></span> <span class='ocrx_word' id='word_1_495' title='bbox 3369 2215 3679 2284; x_wconf 65' lang='lat' dir='ltr'><strong>adornatae,</strong></span> <span class='ocrx_word' id='word_1_496' title='bbox 3711 2211 3830 2288; x_wconf 74' lang='lat' dir='ltr'><strong>sole-</strong></span> 
     </span>
    </p>
   </div>
   <div class='ocr_carea' id='block_1_81' title="bbox 2247 2295 3826 2378">
    <p class='ocr_par' dir='ltr' id='par_1_81' title="bbox 2247 2295 3826 2378">
     <span class='ocr_line' id='line_1_81' title="bbox 2247 2295 3826 2378; baseline -0.001 -16"><span class='ocrx_word' id='word_1_497' title='bbox 2247 2307 2358 2372; x_wconf 80' lang='lat' dir='ltr'><strong>mni</strong></span> <span class='ocrx_word' id='word_1_498' title='bbox 2387 2307 2490 2360; x_wconf 89' lang='lat' dir='ltr'><strong>ritu</strong></span> <span class='ocrx_word' id='word_1_499' title='bbox 2522 2305 2827 2368; x_wconf 85' lang='lat' dir='ltr'><strong>astantibus</strong></span> <span class='ocrx_word' id='word_1_500' title='bbox 2875 2306 3183 2372; x_wconf 88' lang='lat' dir='ltr'><strong>Gnillebno,</strong></span> <span class='ocrx_word' id='word_1_501' title='bbox 3235 2295 3302 2364; x_wconf 83' lang='lat' dir='ltr'><strong>ex</strong></span> <span class='ocrx_word' id='word_1_502' title='bbox 3357 2305 3826 2378; x_wconf 55' lang='lat' dir='ltr'><strong>Flaviacensimog</strong></span> 
     </span>
    </p>
   </div>
   <div class='ocr_carea' id='block_1_82' title="bbox 2245 2400 3830 2484">
    <p class='ocr_par' dir='ltr' id='par_1_82' title="bbox 2245 2400 3830 2484">
     <span class='ocr_line' id='line_1_82' title="bbox 2245 2400 3830 2484; baseline 0.003 -28"><span class='ocrx_word' id='word_1_503' title='bbox 2245 2401 2422 2474; x_wconf 56' lang='lat' dir='ltr'><strong>caelio</strong></span> <span class='ocrx_word' id='word_1_504' title='bbox 2453 2400 2646 2458; x_wconf 85' lang='lat' dir='ltr'><strong>abbate</strong></span> <span class='ocrx_word' id='word_1_505' title='bbox 2669 2400 3036 2470; x_wconf 80' lang='lat' dir='ltr'><strong>Cluniacensi,</strong></span> <span class='ocrx_word' id='word_1_506' title='bbox 3066 2411 3118 2458; x_wconf 90' lang='lat' dir='ltr'><strong>et</strong></span> <span class='ocrx_word' id='word_1_507' title='bbox 3146 2401 3439 2466; x_wconf 77' lang='lat' dir='ltr'><strong>Guillebno</strong></span> <span class='ocrx_word' id='word_1_508' title='bbox 3462 2404 3532 2458; x_wconf 88' lang='lat' dir='ltr'><strong>de</strong></span> <span class='ocrx_word' id='word_1_509' title='bbox 3580 2402 3830 2484; x_wconf 58' lang='grc' dir='ltr'><strong>Υἱιαίεῆ</strong></span> 
     </span>
    </p>
   </div>
   <div class='ocr_carea' id='block_1_83' title="bbox 2244 2495 3832 2570">
    <p class='ocr_par' dir='ltr' id='par_1_83' title="bbox 2244 2495 3832 2570">
     <span class='ocr_line' id='line_1_83' title="bbox 2244 2495 3832 2570; baseline 0.003 -18"><span class='ocrx_word' id='word_1_510' title='bbox 2244 2495 2458 2562; x_wconf 81' lang='lat' dir='ltr'><strong>Gnillel.</strong></span> <span class='ocrx_word' id='word_1_511' title='bbox 2515 2495 2680 2566; x_wconf 81' lang='lat' dir='ltr'><strong>epise.</strong></span> <span class='ocrx_word' id='word_1_512' title='bbox 2736 2496 3168 2558; x_wconf 86' lang='lat' dir='ltr'><strong>benedictionem</strong></span> <span class='ocrx_word' id='word_1_513' title='bbox 3216 2497 3552 2568; x_wconf 83' lang='lat' dir='ltr'><strong>impertitur,</strong></span> <span class='ocrx_word' id='word_1_514' title='bbox 3601 2507 3658 2560; x_wconf 81' lang='lat' dir='ltr'><strong>et</strong></span> <span class='ocrx_word' id='word_1_515' title='bbox 3690 2497 3832 2570; x_wconf 61' lang='lat' dir='ltr'><strong>inea</strong></span> 
     </span>
    </p>
   </div>
   <div class='ocr_carea' id='block_1_84' title="bbox 2244 2585 3712 2662">
    <p class='ocr_par' dir='ltr' id='par_1_84' title="bbox 2244 2585 3712 2662">
     <span class='ocr_line' id='line_1_84' title="bbox 2244 2585 3712 2662; baseline 0 -20"><span class='ocrx_word' id='word_1_516' title='bbox 2244 2603 2459 2662; x_wconf 77' lang='lat' dir='ltr'><strong>sacrum</strong></span> <span class='ocrx_word' id='word_1_517' title='bbox 2509 2587 2681 2643; x_wconf 85' lang='lat' dir='ltr'><strong>sancti</strong></span> <span class='ocrx_word' id='word_1_518' title='bbox 2733 2585 3010 2654; x_wconf 78' lang='lat' dir='ltr'><strong>Geremari</strong></span> <span class='ocrx_word' id='word_1_519' title='bbox 3059 2587 3336 2660; x_wconf 87' lang='lat' dir='ltr'><strong>brachium</strong></span> <span class='ocrx_word' id='word_1_520' title='bbox 3373 2588 3712 2644; x_wconf 76' lang='lat' dir='ltr'><strong>reconditur.</strong></span> 
     </span>
    </p>
   </div>
   <div class='ocr_carea' id='block_1_85' title="bbox 2314 2677 3818 2750">
    <p class='ocr_par' dir='ltr' id='par_1_85' title="bbox 2314 2677 3818 2750">
     <span class='ocr_line' id='line_1_85' title="bbox 2314 2677 3818 2750; baseline 0.003 -18"><span class='ocrx_word' id='word_1_521' title='bbox 2314 2679 2472 2748; x_wconf 83' lang='lat' dir='ltr'><strong>Anno</strong></span> <span class='ocrx_word' id='word_1_522' title='bbox 2529 2678 2688 2743; x_wconf 71' lang='grc'>1253,</span> <span class='ocrx_word' id='word_1_523' title='bbox 2743 2677 3060 2733; x_wconf 76' lang='lat' dir='ltr'><strong>Guillelinus</strong></span> <span class='ocrx_word' id='word_1_524' title='bbox 3112 2680 3258 2750; x_wconf 81' lang='lat' dir='ltr'><strong>pium</strong></span> <span class='ocrx_word' id='word_1_525' title='bbox 3324 2679 3494 2750; x_wconf 79' lang='lat' dir='ltr'><strong>patris</strong></span> <span class='ocrx_word' id='word_1_526' title='bbox 3561 2679 3818 2742; x_wconf 66' lang='lat' dir='ltr'><strong>oatendetu</strong></span> 
     </span>
    </p>
   </div>
   <div class='ocr_carea' id='block_1_86' title="bbox 2243 2751 3829 2850">
    <p class='ocr_par' dir='ltr' id='par_1_86' title="bbox 2243 2751 3829 2850">
     <span class='ocr_line' id='line_1_86' title="bbox 2243 2751 3829 2850; baseline -0.001 -26"><span class='ocrx_word' id='word_1_527' title='bbox 2243 2751 2514 2850; x_wconf 54' lang='lat' dir='ltr'><strong>(ﬂectunt,</strong></span> <span class='ocrx_word' id='word_1_528' title='bbox 2566 2769 2763 2840; x_wconf 72' lang='lat' dir='ltr'><strong>praedia</strong></span> <span class='ocrx_word' id='word_1_529' title='bbox 2797 2769 3042 2842; x_wconf 69' lang='lat' dir='ltr'><strong>quaedam</strong></span> <span class='ocrx_word' id='word_1_530' title='bbox 3094 2783 3160 2824; x_wconf 91' lang='lat' dir='ltr'><strong>ne</strong></span> <span class='ocrx_word' id='word_1_531' title='bbox 3206 2770 3320 2826; x_wconf 89' lang='lat' dir='ltr'><strong>suis</strong></span> <span class='ocrx_word' id='word_1_532' title='bbox 3367 2779 3478 2824; x_wconf 91' lang='lat' dir='ltr'><strong>tum</strong></span> <span class='ocrx_word' id='word_1_533' title='bbox 3521 2770 3695 2837; x_wconf 86' lang='lat' dir='ltr'><strong>sanis,</strong></span> <span class='ocrx_word' id='word_1_534' title='bbox 3735 2780 3829 2834; x_wconf 83' lang='lat' dir='ltr'><strong>tum</strong></span> 
     </span>
    </p>
   </div>
   <div class='ocr_carea' id='block_1_87' title="bbox 2244 2863 3828 2942">
    <p class='ocr_par' dir='ltr' id='par_1_87' title="bbox 2244 2863 3828 2942">
     <span class='ocr_line' id='line_1_87' title="bbox 2244 2863 3828 2942; baseline -0.001 -23"><span class='ocrx_word' id='word_1_535' title='bbox 2244 2865 2476 2920; x_wconf 80' lang='lat' dir='ltr'><strong>inﬁrmis</strong></span> <span class='ocrx_word' id='word_1_536' title='bbox 2508 2863 2636 2942; x_wconf 80' lang='lat' dir='ltr'><strong>quid</strong></span> <span class='ocrx_word' id='word_1_537' title='bbox 2669 2865 2898 2932; x_wconf 81' lang='lat' dir='ltr'><strong>deesset,</strong></span> <span class='ocrx_word' id='word_1_538' title='bbox 2925 2863 3116 2929; x_wconf 67' lang='lat' dir='ltr'><strong>selegit</strong></span> <span class='ocrx_word' id='word_1_539' title='bbox 3148 2879 3211 2919; x_wconf 84' lang='lat' dir='ltr'><strong>ac</strong></span> <span class='ocrx_word' id='word_1_540' title='bbox 3243 2863 3514 2918; x_wconf 88' lang='lat' dir='ltr'><strong>decernit.</strong></span> <span class='ocrx_word' id='word_1_541' title='bbox 3546 2864 3702 2932; x_wconf 85' lang='lat' dir='ltr'><strong>Quod</strong></span> <span class='ocrx_word' id='word_1_542' title='bbox 3725 2864 3828 2936; x_wconf 83' lang='lat' dir='ltr'><strong>qui-</strong></span> 
     </span>
    </p>
   </div>
   <div class='ocr_carea' id='block_1_88' title="bbox 2244 2961 3826 3038">
    <p class='ocr_par' dir='ltr' id='par_1_88' title="bbox 2244 2961 3826 3038">
     <span class='ocr_line' id='line_1_88' title="bbox 2244 2961 3826 3038; baseline 0.002 -25"><span class='ocrx_word' id='word_1_543' title='bbox 2244 2962 2365 3038; x_wconf 64' lang='lat' dir='ltr'><strong>dem</strong></span> <span class='ocrx_word' id='word_1_544' title='bbox 2420 2971 2683 3032; x_wconf 79' lang='lat' dir='ltr'><strong>statutum</strong></span> <span class='ocrx_word' id='word_1_545' title='bbox 2737 2963 2806 3020; x_wconf 88' lang='lat' dir='ltr'><strong>ab</strong></span> <span class='ocrx_word' id='word_1_546' title='bbox 2858 2963 3114 3034; x_wconf 80' lang='lat' dir='ltr'><strong>episcopo</strong></span> <span class='ocrx_word' id='word_1_547' title='bbox 3166 2961 3484 3018; x_wconf 82' lang='lat' dir='ltr'><strong>Belvaccnsi</strong></span> <span class='ocrx_word' id='word_1_548' title='bbox 3537 2961 3826 3032; x_wconf 74' lang='lat' dir='ltr'><strong>Guillelmo,</strong></span> 
     </span>
    </p>
   </div>
   <div class='ocr_carea' id='block_1_89' title="bbox 2243 3051 3824 3124">
    <p class='ocr_par' dir='ltr' id='par_1_89' title="bbox 2243 3051 3824 3124">
     <span class='ocr_line' id='line_1_89' title="bbox 2243 3051 3824 3124; baseline -0.001 -14"><span class='ocrx_word' id='word_1_549' title='bbox 2243 3067 2344 3120; x_wconf 87' lang='lat' dir='ltr'><strong>nec</strong></span> <span class='ocrx_word' id='word_1_550' title='bbox 2374 3069 2486 3112; x_wconf 89' lang='lat' dir='ltr'><strong>nou</strong></span> <span class='ocrx_word' id='word_1_551' title='bbox 2513 3053 2582 3108; x_wconf 90' lang='lat' dir='ltr'><strong>ab</strong></span> <span class='ocrx_word' id='word_1_552' title='bbox 2607 3053 2914 3108; x_wconf 76' lang='lat' dir='ltr'><strong>Alexandro</strong></span> <span class='ocrx_word' id='word_1_553' title='bbox 2951 3051 3016 3108; x_wconf 73' lang='grc' dir='ltr'><strong>ιγ</strong></span> <span class='ocrx_word' id='word_1_554' title='bbox 3056 3053 3158 3124; x_wconf 64' lang='lat' dir='ltr'><strong>piae</strong></span> <span class='ocrx_word' id='word_1_555' title='bbox 3202 3055 3483 3116; x_wconf 80' lang='lat' dir='ltr'><strong>memoria:</strong></span> <span class='ocrx_word' id='word_1_556' title='bbox 3528 3053 3698 3116; x_wconf 85' lang='lat' dir='ltr'><strong>voluit</strong></span> <span class='ocrx_word' id='word_1_557' title='bbox 3742 3069 3824 3124; x_wconf 83' lang='lat' dir='ltr'><strong>ap-</strong></span> 
     </span>
    </p>
   </div>
   <div class='ocr_carea' id='block_1_90' title="bbox 2241 3145 3828 3220">
    <p class='ocr_par' dir='ltr' id='par_1_90' title="bbox 2241 3145 3828 3220">
     <span class='ocr_line' id='line_1_90' title="bbox 2241 3145 3828 3220; baseline 0.005 -24"><span class='ocrx_word' id='word_1_558' title='bbox 2241 3146 2544 3214; x_wconf 82' lang='lat' dir='ltr'><strong>probatum.</strong></span> <span class='ocrx_word' id='word_1_559' title='bbox 2579 3145 2730 3214; x_wconf 88' lang='lat' dir='ltr'><strong>Quod</strong></span> <span class='ocrx_word' id='word_1_560' title='bbox 2760 3155 2815 3214; x_wconf 84' lang='lat' dir='ltr'><strong>et</strong></span> <span class='ocrx_word' id='word_1_561' title='bbox 2839 3154 3015 3210; x_wconf 82' lang='lat' dir='ltr'><strong>actum</strong></span> <span class='ocrx_word' id='word_1_562' title='bbox 3053 3156 3156 3204; x_wconf 87' lang='lat' dir='ltr'><strong>est.</strong></span> <span class='ocrx_word' id='word_1_563' title='bbox 3184 3145 3420 3214; x_wconf 82' lang='lat' dir='ltr'><strong>Causam</strong></span> <span class='ocrx_word' id='word_1_564' title='bbox 3450 3158 3634 3204; x_wconf 88' lang='lat' dir='ltr'><strong>autem</strong></span> <span class='ocrx_word' id='word_1_565' title='bbox 3663 3147 3828 3220; x_wconf 80' lang='lat' dir='ltr'><strong>ejusce</strong></span> 
     </span>
    </p>
   </div>
   <div class='ocr_carea' id='block_1_91' title="bbox 2241 3219 3828 3307">
    <p class='ocr_par' dir='ltr' id='par_1_91' title="bbox 2241 3219 3828 3307">
     <span class='ocr_line' id='line_1_91' title="bbox 2241 3219 3828 3307; baseline -0.001 -15"><span class='ocrx_word' id='word_1_566' title='bbox 2241 3237 2444 3298; x_wconf 78' lang='lat' dir='ltr'><strong>decreti</strong></span> <span class='ocrx_word' id='word_1_567' title='bbox 2487 3237 2628 3304; x_wconf 83' lang='lat' dir='ltr'><strong>hanc</strong></span> <span class='ocrx_word' id='word_1_568' title='bbox 2666 3236 2821 3291; x_wconf 85' lang='lat' dir='ltr'><strong>allcrt</strong></span> <span class='ocrx_word' id='word_1_569' title='bbox 2853 3253 2866 3292; x_wconf 90' lang='lat'>:</span> <span class='ocrx_word' id='word_1_570' title='bbox 2907 3255 2926 3288; x_wconf 76' lang='grc' dir='ltr'>ι</span> <span class='ocrx_word' id='word_1_571' title='bbox 2964 3235 3192 3307; x_wconf 80' lang='lat' dir='ltr'><strong>Egestas</strong></span> <span class='ocrx_word' id='word_1_572' title='bbox 3229 3219 3377 3292; x_wconf 86' lang='lat' dir='ltr'><strong>enim</strong></span> <span class='ocrx_word' id='word_1_573' title='bbox 3428 3237 3740 3302; x_wconf 86' lang='lat' dir='ltr'><strong>murmuris,</strong></span> <span class='ocrx_word' id='word_1_574' title='bbox 3782 3243 3828 3292; x_wconf 84' lang='lat' dir='ltr'><strong>et</strong></span> 
     </span>
    </p>
   </div>
   <div class='ocr_carea' id='block_1_92' title="bbox 2203 3328 3824 3404">
    <p class='ocr_par' dir='ltr' id='par_1_92' title="bbox 2203 3328 3824 3404">
     <span class='ocr_line' id='line_1_92' title="bbox 2203 3328 3824 3404; baseline 0.001 -21"><span class='ocrx_word' id='word_1_575' title='bbox 2203 3329 2618 3404; x_wconf 29' lang='lat' dir='ltr'><strong>’impatientiae,</strong></span> <span class='ocrx_word' id='word_1_576' title='bbox 2672 3339 2836 3400; x_wconf 88' lang='lat' dir='ltr'><strong>atque</strong></span> <span class='ocrx_word' id='word_1_577' title='bbox 2870 3329 3034 3384; x_wconf 88' lang='lat' dir='ltr'><strong>etiam</strong></span> <span class='ocrx_word' id='word_1_578' title='bbox 3087 3328 3401 3401; x_wconf 82' lang='lat' dir='ltr'><strong>cupiditatis</strong></span> <span class='ocrx_word' id='word_1_579' title='bbox 3450 3343 3824 3398; x_wconf 82' lang='lat' dir='ltr'><strong>nonnunquam</strong></span> 
     </span>
    </p>
   </div>
   <div class='ocr_carea' id='block_1_93' title="bbox 2239 3420 3825 3498">
    <p class='ocr_par' dir='ltr' id='par_1_93' title="bbox 2239 3420 3825 3498">
     <span class='ocr_line' id='line_1_93' title="bbox 2239 3420 3825 3498; baseline 0.001 -20"><span class='ocrx_word' id='word_1_580' title='bbox 2239 3431 2325 3486; x_wconf 85' lang='lat' dir='ltr'><strong>est</strong></span> <span class='ocrx_word' id='word_1_581' title='bbox 2351 3423 2626 3498; x_wconf 61' lang='lat' dir='ltr'><strong>occasio.»</strong></span> <span class='ocrx_word' id='word_1_582' title='bbox 2659 3422 2886 3494; x_wconf 74' lang='lat' dir='ltr'><strong>Egregia</strong></span> <span class='ocrx_word' id='word_1_583' title='bbox 2933 3420 3211 3478; x_wconf 71' lang='lat' dir='ltr'><strong>Guillirbni</strong></span> <span class='ocrx_word' id='word_1_584' title='bbox 3255 3423 3640 3498; x_wconf 75' lang='lat' dir='ltr'><strong>providentia!</strong></span> <span class='ocrx_word' id='word_1_585' title='bbox 3687 3421 3825 3486; x_wconf 80' lang='lat' dir='ltr'><strong>Diem</strong></span> 
     </span>
    </p>
   </div>
   <div class='ocr_carea' id='block_1_94' title="bbox 2239 3512 3390 3594">
    <p class='ocr_par' dir='ltr' id='par_1_94' title="bbox 2239 3512 3390 3594">
     <span class='ocr_line' id='line_1_94' title="bbox 2239 3512 3390 3594; baseline -0.002 -24"><span class='ocrx_word' id='word_1_586' title='bbox 2239 3515 2486 3594; x_wconf 85' lang='lat' dir='ltr'><strong>ultimum</strong></span> <span class='ocrx_word' id='word_1_587' title='bbox 2529 3515 2720 3572; x_wconf 85' lang='lat' dir='ltr'><strong>clausit</strong></span> <span class='ocrx_word' id='word_1_588' title='bbox 2749 3530 2862 3574; x_wconf 76' lang='lat' dir='ltr'><strong>xvn</strong></span> <span class='ocrx_word' id='word_1_589' title='bbox 2900 3513 3021 3570; x_wconf 76' lang='lat' dir='ltr'><strong>Kal.</strong></span> <span class='ocrx_word' id='word_1_590' title='bbox 3053 3512 3198 3568; x_wconf 84' lang='lat' dir='ltr'><strong>Junii</strong></span> <span class='ocrx_word' id='word_1_591' title='bbox 3239 3514 3390 3572; x_wconf 67' lang='lat'><strong>1259.</strong></span> 
     </span>
    </p>
   </div>
   <div class='ocr_carea' id='block_1_95' title="bbox 2311 3603 3826 3677">
    <p class='ocr_par' dir='ltr' id='par_1_95' title="bbox 2311 3603 3826 3677">
     <span class='ocr_line' id='line_1_95' title="bbox 2311 3603 3826 3677; baseline 0 -15"><span class='ocrx_word' id='word_1_592' title='bbox 2311 3605 2524 3666; x_wconf 67' lang='lat' dir='ltr'><strong>XXVII.</strong></span> <span class='ocrx_word' id='word_1_593' title='bbox 2579 3605 2776 3664; x_wconf 83' lang='lat' dir='ltr'><strong>Petrus</strong></span> <span class='ocrx_word' id='word_1_594' title='bbox 2820 3607 2886 3674; x_wconf 75' lang='lat' dir='ltr'><strong>de</strong></span> <span class='ocrx_word' id='word_1_595' title='bbox 2960 3603 3299 3674; x_wconf 78' lang='lat' dir='ltr'><strong>Vesencourt.</strong></span> <span class='ocrx_word' id='word_1_596' title='bbox 3353 3603 3628 3668; x_wconf 63' lang='lat' dir='ltr'><strong>Praeclara</strong></span> <span class='ocrx_word' id='word_1_597' title='bbox 3680 3621 3826 3677; x_wconf 85' lang='lat' dir='ltr'><strong>opere</strong></span> 
     </span>
    </p>
   </div>
   <div class='ocr_carea' id='block_1_96' title="bbox 2239 3696 3824 3772">
    <p class='ocr_par' dir='ltr' id='par_1_96' title="bbox 2239 3696 3824 3772">
     <span class='ocr_line' id='line_1_96' title="bbox 2239 3696 3824 3772; baseline -0.003 -18"><span class='ocrx_word' id='word_1_598' title='bbox 2239 3698 2580 3760; x_wconf 86' lang='lat' dir='ltr'><strong>immortales</strong></span> <span class='ocrx_word' id='word_1_599' title='bbox 2619 3698 2819 3771; x_wconf 51' lang='lat' dir='ltr'><strong>durius</strong></span> <span class='ocrx_word' id='word_1_600' title='bbox 2860 3699 2974 3769; x_wconf 90' lang='lat' dir='ltr'><strong>ipso</strong></span> <span class='ocrx_word' id='word_1_601' title='bbox 2997 3697 3079 3754; x_wconf 89' lang='lat' dir='ltr'><strong>sui</strong></span> <span class='ocrx_word' id='word_1_602' title='bbox 3113 3696 3393 3768; x_wconf 79' lang='lat' dir='ltr'><strong>regiminis</strong></span> <span class='ocrx_word' id='word_1_603' title='bbox 3418 3697 3588 3772; x_wconf 67' lang='lat'><strong>609</strong></span> <span class='ocrx_word' id='word_1_604' title='bbox 3607 3697 3824 3768; x_wconf 87' lang='lat' dir='ltr'><strong>primor-</strong></span> 
     </span>
    </p>
   </div>
   <div class='ocr_carea' id='block_1_97' title="bbox 2239 3775 3827 3862">
    <p class='ocr_par' dir='ltr' id='par_1_97' title="bbox 2239 3775 3827 3862">
     <span class='ocr_line' id='line_1_97' title="bbox 2239 3775 3827 3862; baseline -0.004 -12"><span class='ocrx_word' id='word_1_605' title='bbox 2239 3793 2330 3850; x_wconf 84' lang='lat' dir='ltr'><strong>dio.</strong></span> <span class='ocrx_word' id='word_1_606' title='bbox 2354 3802 2678 3862; x_wconf 71' lang='lat' dir='ltr'><strong>censeamus</strong></span> <span class='ocrx_word' id='word_1_607' title='bbox 2705 3802 2806 3847; x_wconf 88' lang='lat' dir='ltr'><strong>est.</strong></span> <span class='ocrx_word' id='word_1_608' title='bbox 2842 3789 3122 3862; x_wconf 85' lang='lat' dir='ltr'><strong>Siquidem</strong></span> <span class='ocrx_word' id='word_1_609' title='bbox 3153 3806 3380 3845; x_wconf 80' lang='lat' dir='ltr'><strong>summa:</strong></span> <span class='ocrx_word' id='word_1_610' title='bbox 3410 3775 3506 3846; x_wconf 86' lang='lat' dir='ltr'><strong>Dei</strong></span> <span class='ocrx_word' id='word_1_611' title='bbox 3534 3791 3698 3844; x_wconf 87' lang='lat' dir='ltr'><strong>matri</strong></span> <span class='ocrx_word' id='word_1_612' title='bbox 3721 3788 3827 3844; x_wconf 61' lang='lat' dir='ltr'><strong>\‘iro</strong></span> 
     </span>
    </p>
   </div>
   <div class='ocr_carea' id='block_1_98' title="bbox 2239 3882 3828 3962">
    <p class='ocr_par' dir='ltr' id='par_1_98' title="bbox 2239 3882 3828 3962">
     <span class='ocr_line' id='line_1_98' title="bbox 2239 3882 3828 3962; baseline -0.004 -20"><span class='ocrx_word' id='word_1_613' title='bbox 2239 3887 2459 3960; x_wconf 71' lang='lat' dir='ltr'><strong>ginique</strong></span> <span class='ocrx_word' id='word_1_614' title='bbox 2510 3884 2796 3958; x_wconf 84' lang='lat' dir='ltr'><strong>sacellum,</strong></span> <span class='ocrx_word' id='word_1_615' title='bbox 2852 3885 2988 3940; x_wconf 90' lang='lat' dir='ltr'><strong>mira</strong></span> <span class='ocrx_word' id='word_1_616' title='bbox 3059 3896 3333 3942; x_wconf 88' lang='lat' dir='ltr'><strong>structura</strong></span> <span class='ocrx_word' id='word_1_617' title='bbox 3387 3882 3742 3962; x_wconf 62' lang='lat' dir='ltr'><strong>exmdilicarit</strong></span> <span class='ocrx_word' id='word_1_618' title='bbox 3781 3889 3828 3936; x_wconf 80' lang='lat' dir='ltr'><strong>et</strong></span> 
     </span>
    </p>
   </div>
   <div class='ocr_carea' id='block_1_99' title="bbox 2239 3984 3828 4056">
    <p class='ocr_par' dir='ltr' id='par_1_99' title="bbox 2239 3984 3828 4056">
     <span class='ocr_line' id='line_1_99' title="bbox 2239 3984 3828 4056; baseline -0.002 -19"><span class='ocrx_word' id='word_1_619' title='bbox 2239 3984 2610 4054; x_wconf 82' lang='lat' dir='ltr'><strong>consecravit;</strong></span> <span class='ocrx_word' id='word_1_620' title='bbox 2685 3988 2830 4056; x_wconf 87' lang='lat' dir='ltr'><strong>quod</strong></span> <span class='ocrx_word' id='word_1_621' title='bbox 2889 3987 3188 4046; x_wconf 85' lang='lat' dir='ltr'><strong>etiamnum</strong></span> <span class='ocrx_word' id='word_1_622' title='bbox 3237 3992 3454 4052; x_wconf 77' lang='lat' dir='ltr'><strong>exstat,</strong></span> <span class='ocrx_word' id='word_1_623' title='bbox 3508 3991 3828 4056; x_wconf 68' lang='lat' dir='ltr'><strong>praestatque</strong></span> 
     </span>
    </p>
   </div>
   <div class='ocr_carea' id='block_1_100' title="bbox 2243 4073 3830 4146">
    <p class='ocr_par' dir='ltr' id='par_1_100' title="bbox 2243 4073 3830 4146">
     <span class='ocr_line' id='line_1_100' title="bbox 2243 4073 3830 4146; baseline -0.003 -12"><span class='ocrx_word' id='word_1_624' title='bbox 2243 4090 2366 4134; x_wconf 84' lang='lat' dir='ltr'><strong>cum</strong></span> <span class='ocrx_word' id='word_1_625' title='bbox 2420 4075 2841 4146; x_wconf 87' lang='lat' dir='ltr'><strong>pulchritudine,</strong></span> <span class='ocrx_word' id='word_1_626' title='bbox 2907 4084 3020 4134; x_wconf 90' lang='lat' dir='ltr'><strong>tum</strong></span> <span class='ocrx_word' id='word_1_627' title='bbox 3077 4074 3431 4146; x_wconf 86' lang='lat' dir='ltr'><strong>amplitudine</strong></span> <span class='ocrx_word' id='word_1_628' title='bbox 3485 4073 3661 4130; x_wconf 88' lang='lat' dir='ltr'><strong>sacris</strong></span> <span class='ocrx_word' id='word_1_629' title='bbox 3705 4087 3830 4144; x_wconf 81' lang='lat' dir='ltr'><strong>pene</strong></span> 
     </span>
    </p>
   </div>
   <div class='ocr_carea' id='block_1_101' title="bbox 2236 4167 3827 4242">
    <p class='ocr_par' dir='ltr' id='par_1_101' title="bbox 2236 4167 3827 4242">
     <span class='ocr_line' id='line_1_101' title="bbox 2236 4167 3827 4242; baseline -0.001 -18"><span class='ocrx_word' id='word_1_630' title='bbox 2236 4169 2487 4236; x_wconf 79' lang='lat' dir='ltr'><strong>munibus</strong></span> <span class='ocrx_word' id='word_1_631' title='bbox 2510 4168 2696 4226; x_wconf 63' lang='lat' dir='ltr'><strong>Galliae</strong></span> <span class='ocrx_word' id='word_1_632' title='bbox 2717 4167 2979 4232; x_wconf 65' lang='lat' dir='ltr'><strong>amiculis.</strong></span> <span class='ocrx_word' id='word_1_633' title='bbox 3020 4167 3318 4242; x_wconf 66' lang='lat' dir='ltr'><strong>Constituit</strong></span> <span class='ocrx_word' id='word_1_634' title='bbox 3341 4167 3397 4226; x_wconf 88' lang='lat' dir='ltr'><strong>in</strong></span> <span class='ocrx_word' id='word_1_635' title='bbox 3431 4181 3500 4226; x_wconf 88' lang='lat' dir='ltr'><strong>eo</strong></span> <span class='ocrx_word' id='word_1_636' title='bbox 3523 4182 3682 4224; x_wconf 84' lang='lat' dir='ltr'><strong>sacra</strong></span> <span class='ocrx_word' id='word_1_637' title='bbox 3705 4181 3827 4238; x_wconf 86' lang='lat' dir='ltr'><strong>quo-</strong></span> 
     </span>
    </p>
   </div>
   <div class='ocr_carea' id='block_1_102' title="bbox 2237 4260 3827 4336">
    <p class='ocr_par' dir='ltr' id='par_1_102' title="bbox 2237 4260 3827 4336">
     <span class='ocr_line' id='line_1_102' title="bbox 2237 4260 3827 4336; baseline -0.001 -18"><span class='ocrx_word' id='word_1_638' title='bbox 2237 4263 2368 4322; x_wconf 83' lang='lat' dir='ltr'><strong>tidie</strong></span> <span class='ocrx_word' id='word_1_639' title='bbox 2396 4265 2622 4336; x_wconf 66' lang='lat' dir='ltr'><strong>agentur,</strong></span> <span class='ocrx_word' id='word_1_640' title='bbox 2649 4279 2952 4336; x_wconf 83' lang='lat' dir='ltr'><strong>precesque</strong></span> <span class='ocrx_word' id='word_1_641' title='bbox 2979 4263 3252 4332; x_wconf 82' lang='lat' dir='ltr'><strong>horarias,</strong></span> <span class='ocrx_word' id='word_1_642' title='bbox 3293 4262 3410 4320; x_wconf 88' lang='lat' dir='ltr'><strong>suis</strong></span> <span class='ocrx_word' id='word_1_643' title='bbox 3443 4260 3827 4330; x_wconf 77' lang='lat' dir='ltr'><strong>annitentibus.</strong></span> 
     </span>
    </p>
   </div>
   <div class='ocr_carea' id='block_1_103' title="bbox 2236 4356 2644 4428">
    <p class='ocr_par' dir='ltr' id='par_1_103' title="bbox 2236 4356 2644 4428">
     <span class='ocr_line' id='line_1_103' title="bbox 2236 4356 2644 4428; baseline 0.002 -18"><span class='ocrx_word' id='word_1_644' title='bbox 2236 4356 2644 4428; x_wconf 82' lang='lat' dir='ltr'><strong>persolvendas.</strong></span> 
     </span>
    </p>
   </div>
   <div class='ocr_carea' id='block_1_104' title="bbox 2309 4447 3826 4526">
    <p class='ocr_par' dir='ltr' id='par_1_104' title="bbox 2309 4447 3826 4526">
     <span class='ocr_line' id='line_1_104' title="bbox 2309 4447 3826 4526; baseline -0.001 -21"><span class='ocrx_word' id='word_1_645' title='bbox 2309 4448 2509 4505; x_wconf 71' lang='lat' dir='ltr'><strong>Fcedus</strong></span> <span class='ocrx_word' id='word_1_646' title='bbox 2551 4449 2667 4505; x_wconf 81' lang='lat' dir='ltr'><strong>sive</strong></span> <span class='ocrx_word' id='word_1_647' title='bbox 2719 4448 3040 4508; x_wconf 87' lang='lat' dir='ltr'><strong>societatem</strong></span> <span class='ocrx_word' id='word_1_648' title='bbox 3083 4458 3274 4522; x_wconf 84' lang='lat' dir='ltr'><strong>pactus</strong></span> <span class='ocrx_word' id='word_1_649' title='bbox 3334 4457 3419 4518; x_wconf 72' lang='lat' dir='ltr'><strong>est.</strong></span> <span class='ocrx_word' id='word_1_650' title='bbox 3473 4465 3608 4522; x_wconf 80' lang='lat' dir='ltr'><strong>cum</strong></span> <span class='ocrx_word' id='word_1_651' title='bbox 3653 4447 3826 4526; x_wconf 74' lang='lat' dir='ltr'><strong>Sancti</strong></span> 
     </span>
    </p>
   </div>
   <div class='ocr_carea' id='block_1_105' title="bbox 2167 4541 3613 4615">
    <p class='ocr_par' dir='ltr' id='par_1_105' title="bbox 2167 4541 3613 4615">
     <span class='ocr_line' id='line_1_105' title="bbox 2167 4541 3613 4615; baseline 0.001 -19"><span class='ocrx_word' id='word_1_652' title='bbox 2167 4557 2212 4615; x_wconf 83' lang='grc' dir='ltr'><strong>ι)</strong></span> <span class='ocrx_word' id='word_1_653' title='bbox 2237 4541 2484 4608; x_wconf 83' lang='lat' dir='ltr'><strong>Audoeni</strong></span> <span class='ocrx_word' id='word_1_654' title='bbox 2509 4543 2966 4614; x_wconf 77' lang='lat' dir='ltr'><strong>Rothomagensis</strong></span> <span class='ocrx_word' id='word_1_655' title='bbox 2994 4543 3286 4606; x_wconf 64' lang='lat' dir='ltr'><strong>etenobitis</strong></span> <span class='ocrx_word' id='word_1_656' title='bbox 3317 4558 3406 4600; x_wconf 85' lang='lat' dir='ltr'><strong>an.</strong></span> <span class='ocrx_word' id='word_1_657' title='bbox 3447 4541 3613 4602; x_wconf 71' lang='lat'><strong>19.61.</strong></span> 
     </span>
    </p>
   </div>
   <div class='ocr_carea' id='block_1_106' title="bbox 2308 4638 3825 4714">
    <p class='ocr_par' dir='ltr' id='par_1_106' title="bbox 2308 4638 3825 4714">
     <span class='ocr_line' id='line_1_106' title="bbox 2308 4638 3825 4714; baseline 0 -20"><span class='ocrx_word' id='word_1_658' title='bbox 2308 4640 2514 4700; x_wconf 79' lang='lat' dir='ltr'><strong>Auctas</strong></span> <span class='ocrx_word' id='word_1_659' title='bbox 2561 4653 2693 4694; x_wconf 79' lang='lat' dir='ltr'><strong>vero</strong></span> <span class='ocrx_word' id='word_1_660' title='bbox 2729 4638 2915 4698; x_wconf 82' lang='lat' dir='ltr'><strong>Sancti</strong></span> <span class='ocrx_word' id='word_1_661' title='bbox 2969 4639 3254 4706; x_wconf 77' lang='lat' dir='ltr'><strong>Geremari</strong></span> <span class='ocrx_word' id='word_1_662' title='bbox 3307 4638 3694 4709; x_wconf 77' lang='lat' dir='ltr'><strong>possessiones</strong></span> <span class='ocrx_word' id='word_1_663' title='bbox 3727 4653 3825 4714; x_wconf 80' lang='lat' dir='ltr'><strong>am-</strong></span> 
     </span>
    </p>
   </div>
   <div class='ocr_carea' id='block_1_107' title="bbox 2235 4731 3822 4805">
    <p class='ocr_par' dir='ltr' id='par_1_107' title="bbox 2235 4731 3822 4805">
     <span class='ocr_line' id='line_1_107' title="bbox 2235 4731 3822 4805; baseline 0.001 -19"><span class='ocrx_word' id='word_1_664' title='bbox 2235 4733 2499 4804; x_wconf 85' lang='lat' dir='ltr'><strong>plissimis</strong></span> <span class='ocrx_word' id='word_1_665' title='bbox 2525 4734 2843 4788; x_wconf 87' lang='lat' dir='ltr'><strong>muneribus</strong></span> <span class='ocrx_word' id='word_1_666' title='bbox 2891 4732 3063 4800; x_wconf 85' lang='lat' dir='ltr'><strong>Petri,</strong></span> <span class='ocrx_word' id='word_1_667' title='bbox 3094 4733 3348 4805; x_wconf 74' lang='lat' dir='ltr'><strong>indigitat</strong></span> <span class='ocrx_word' id='word_1_668' title='bbox 3393 4748 3582 4790; x_wconf 80' lang='lat' dir='ltr'><strong>attnua</strong></span> <span class='ocrx_word' id='word_1_669' title='bbox 3609 4731 3822 4802; x_wconf 76' lang='lat' dir='ltr'><strong>dieide-</strong></span> 
     </span>
    </p>
   </div>
   <div class='ocr_carea' id='block_1_108' title="bbox 2236 4825 3825 4898">
    <p class='ocr_par' dir='ltr' id='par_1_108' title="bbox 2236 4825 3825 4898">
     <span class='ocr_line' id='line_1_108' title="bbox 2236 4825 3825 4898; baseline -0.001 -16"><span class='ocrx_word' id='word_1_670' title='bbox 2236 4825 2522 4896; x_wconf 82' lang='lat' dir='ltr'><strong>positionis</strong></span> <span class='ocrx_word' id='word_1_671' title='bbox 2575 4825 2816 4894; x_wconf 85' lang='lat' dir='ltr'><strong>ejusdem</strong></span> <span class='ocrx_word' id='word_1_672' title='bbox 2877 4826 3024 4884; x_wconf 85' lang='lat' dir='ltr'><strong>Petri</strong></span> <span class='ocrx_word' id='word_1_673' title='bbox 3064 4839 3534 4898; x_wconf 74' lang='lat' dir='ltr'><strong>commemoratio,</strong></span> <span class='ocrx_word' id='word_1_674' title='bbox 3585 4828 3825 4896; x_wconf 74' lang='lat' dir='ltr'><strong>ordinata</strong></span> 
     </span>
    </p>
   </div>
   <div class='ocr_carea' id='block_1_109' title="bbox 2235 4918 2784 4975">
    <p class='ocr_par' dir='ltr' id='par_1_109' title="bbox 2235 4918 2784 4975">
     <span class='ocr_line' id='line_1_109' title="bbox 2235 4918 2784 4975; baseline 0 -1"><span class='ocrx_word' id='word_1_675' title='bbox 2235 4935 2425 4975; x_wconf 90' lang='lat' dir='ltr'><strong>mense</strong></span> <span class='ocrx_word' id='word_1_676' title='bbox 2456 4918 2598 4975; x_wconf 84' lang='lat' dir='ltr'><strong>Maio</strong></span> <span class='ocrx_word' id='word_1_677' title='bbox 2624 4919 2784 4975; x_wconf 72' lang='grc'><strong>1269.</strong></span> 
     </span>
    </p>
   </div>
   <div class='ocr_carea' id='block_1_110' title="bbox 2305 5013 3817 5086">
    <p class='ocr_par' dir='ltr' id='par_1_110' title="bbox 2305 5013 3817 5086">
     <span class='ocr_line' id='line_1_110' title="bbox 2305 5013 3817 5086; baseline 0.001 -18"><span class='ocrx_word' id='word_1_678' title='bbox 2305 5013 2498 5069; x_wconf 88' lang='lat' dir='ltr'><strong>Ineunt</strong></span> <span class='ocrx_word' id='word_1_679' title='bbox 2547 5029 2733 5072; x_wconf 85' lang='lat' dir='ltr'><strong>mense</strong></span> <span class='ocrx_word' id='word_1_680' title='bbox 2784 5013 2928 5070; x_wconf 69' lang='lat' dir='ltr'><strong>Iulio</strong></span> <span class='ocrx_word' id='word_1_681' title='bbox 2983 5013 3126 5071; x_wconf 68' lang='lat'><strong>1275</strong></span> <span class='ocrx_word' id='word_1_682' title='bbox 3179 5015 3716 5086; x_wconf 71' lang='lat' dir='ltr'><strong>Sangeremareuses</strong></span> <span class='ocrx_word' id='word_1_683' title='bbox 3766 5023 3817 5070; x_wconf 89' lang='lat' dir='ltr'><strong>et</strong></span> 
     </span>
    </p>
   </div>
   <div class='ocr_carea' id='block_1_111' title="bbox 2233 5102 3818 5176">
    <p class='ocr_par' dir='ltr' id='par_1_111' title="bbox 2233 5102 3818 5176">
     <span class='ocr_line' id='line_1_111' title="bbox 2233 5102 3818 5176; baseline 0.003 -16"><span class='ocrx_word' id='word_1_684' title='bbox 2233 5104 2424 5160; x_wconf 86' lang='lat' dir='ltr'><strong>Sancti</strong></span> <span class='ocrx_word' id='word_1_685' title='bbox 2464 5102 2690 5166; x_wconf 86' lang='lat' dir='ltr'><strong>Luciani</strong></span> <span class='ocrx_word' id='word_1_686' title='bbox 2743 5103 3144 5162; x_wconf 77' lang='lat' dir='ltr'><strong>Bellovacensis</strong></span> <span class='ocrx_word' id='word_1_687' title='bbox 3195 5107 3454 5164; x_wconf 79' lang='lat' dir='ltr'><strong>monachi</strong></span> <span class='ocrx_word' id='word_1_688' title='bbox 3501 5123 3614 5176; x_wconf 72' lang='lat' dir='ltr'><strong>una</strong></span> <span class='ocrx_word' id='word_1_689' title='bbox 3651 5105 3818 5164; x_wconf 80' lang='lat' dir='ltr'><strong>socie-</strong></span> 
     </span>
    </p>
   </div>
   <div class='ocr_carea' id='block_1_112' title="bbox 2233 5208 2421 5260">
    <p class='ocr_par' dir='ltr' id='par_1_112' title="bbox 2233 5208 2421 5260">
     <span class='ocr_line' id='line_1_112' title="bbox 2233 5208 2421 5260; baseline -0.005 -6"><span class='ocrx_word' id='word_1_690' title='bbox 2233 5208 2421 5260; x_wconf 84' lang='lat' dir='ltr'><strong>tatem.</strong></span> 
     </span>
    </p>
   </div>
   <div class='ocr_carea' id='block_1_113' title="bbox 2304 5290 3820 5365">
    <p class='ocr_par' dir='ltr' id='par_1_113' title="bbox 2304 5290 3820 5365">
     <span class='ocr_line' id='line_1_113' title="bbox 2304 5290 3820 5365; baseline 0.002 -20"><span class='ocrx_word' id='word_1_691' title='bbox 2304 5291 2493 5347; x_wconf 86' lang='lat' dir='ltr'><strong>Tertio</strong></span> <span class='ocrx_word' id='word_1_692' title='bbox 2511 5290 2633 5350; x_wconf 81' lang='lat' dir='ltr'><strong>Kal.</strong></span> <span class='ocrx_word' id='word_1_693' title='bbox 2661 5290 2788 5350; x_wconf 76' lang='lat' dir='ltr'><strong>Maii</strong></span> <span class='ocrx_word' id='word_1_694' title='bbox 2832 5292 2968 5348; x_wconf 64' lang='lat' dir='ltr'><strong>lil&#39;l‘l</strong></span> <span class='ocrx_word' id='word_1_695' title='bbox 2995 5293 3374 5358; x_wconf 73' lang='lat' dir='ltr'><strong>cursumvita:</strong></span> <span class='ocrx_word' id='word_1_696' title='bbox 3431 5294 3680 5365; x_wconf 82' lang='lat' dir='ltr'><strong>implevit</strong></span> <span class='ocrx_word' id='word_1_697' title='bbox 3727 5294 3820 5350; x_wconf 82' lang='lat' dir='ltr'><strong>Pe-</strong></span> 
     </span>
    </p>
   </div>
   <div class='ocr_carea' id='block_1_114' title="bbox 2233 5383 3818 5454">
    <p class='ocr_par' dir='ltr' id='par_1_114' title="bbox 2233 5383 3818 5454">
     <span class='ocr_line' id='line_1_114' title="bbox 2233 5383 3818 5454; baseline 0.001 -18"><span class='ocrx_word' id='word_1_698' title='bbox 2233 5393 2373 5447; x_wconf 83' lang='lat' dir='ltr'><strong>trus,</strong></span> <span class='ocrx_word' id='word_1_699' title='bbox 2395 5392 2446 5436; x_wconf 87' lang='lat' dir='ltr'><strong>et</strong></span> <span class='ocrx_word' id='word_1_700' title='bbox 2472 5383 2528 5437; x_wconf 85' lang='lat' dir='ltr'><strong>in</strong></span> <span class='ocrx_word' id='word_1_701' title='bbox 2551 5383 2697 5440; x_wconf 84' lang='lat' dir='ltr'><strong>atrio</strong></span> <span class='ocrx_word' id='word_1_702' title='bbox 2719 5384 2902 5440; x_wconf 86' lang='lat' dir='ltr'><strong>sacelli</strong></span> <span class='ocrx_word' id='word_1_703' title='bbox 2933 5401 2968 5440; x_wconf 91' lang='lat' dir='ltr'><strong>a</strong></span> <span class='ocrx_word' id='word_1_704' title='bbox 2987 5400 3050 5442; x_wconf 86' lang='lat' dir='ltr'><strong>se</strong></span> <span class='ocrx_word' id='word_1_705' title='bbox 3083 5387 3388 5442; x_wconf 75' lang='lat' dir='ltr'><strong>emistructi</strong></span> <span class='ocrx_word' id='word_1_706' title='bbox 3416 5386 3677 5454; x_wconf 78' lang='lat' dir='ltr'><strong>allicitur,</strong></span> <span class='ocrx_word' id='word_1_707' title='bbox 3702 5400 3818 5442; x_wconf 86' lang='lat' dir='ltr'><strong>cum</strong></span> 
     </span>
    </p>
   </div>
   <div class='ocr_carea' id='block_1_115' title="bbox 2231 5474 3371 5549">
    <p class='ocr_par' dir='ltr' id='par_1_115' title="bbox 2231 5474 3371 5549">
     <span class='ocr_line' id='line_1_115' title="bbox 2231 5474 3371 5549; baseline 0.005 -21"><span class='ocrx_word' id='word_1_708' title='bbox 2231 5476 2333 5531; x_wconf 79' lang='lat' dir='ltr'><strong>hac</strong></span> <span class='ocrx_word' id='word_1_709' title='bbox 2366 5474 2673 5545; x_wconf 72' lang='lat' dir='ltr'><strong>rltytbmica</strong></span> <span class='ocrx_word' id='word_1_710' title='bbox 2695 5477 3012 5548; x_wconf 72' lang='lat' dir='ltr'><strong>epigrapbe,</strong></span> <span class='ocrx_word' id='word_1_711' title='bbox 3043 5479 3324 5549; x_wconf 59' lang='lat' dir='ltr'><strong>sepultura</strong></span> <span class='ocrx_word' id='word_1_712' title='bbox 3353 5493 3371 5534; x_wconf 87' lang='lat'><strong><em>:</em></strong></span> 
     </span>
    </p>
   </div>
   <div class='ocr_carea' id='block_1_116' title="bbox 2304 5613 3565 5686">
    <p class='ocr_par' dir='ltr' id='par_1_116' title="bbox 2304 5613 3565 5686">
     <span class='ocr_line' id='line_1_116' title="bbox 2304 5613 3565 5686; baseline 0.002 -22"><span class='ocrx_word' id='word_1_713' title='bbox 2304 5613 2516 5686; x_wconf 78' lang='lat' dir='ltr'><strong>Petrum</strong></span> <span class='ocrx_word' id='word_1_714' title='bbox 2541 5625 2689 5686; x_wconf 62' lang='lat' dir='ltr'><strong>petra</strong></span> <span class='ocrx_word' id='word_1_715' title='bbox 2717 5615 2835 5682; x_wconf 82' lang='lat' dir='ltr'><strong>tegit</strong></span> <span class='ocrx_word' id='word_1_716' title='bbox 2869 5616 3130 5680; x_wconf 79' lang='lat' dir='ltr'><strong>abbatem,</strong></span> <span class='ocrx_word' id='word_1_717' title='bbox 3159 5617 3247 5686; x_wconf 87' lang='lat' dir='ltr'><strong>qui</strong></span> <span class='ocrx_word' id='word_1_718' title='bbox 3277 5614 3404 5669; x_wconf 85' lang='lat' dir='ltr'><strong>bene</strong></span> <span class='ocrx_word' id='word_1_719' title='bbox 3430 5617 3565 5669; x_wconf 75' lang='lat' dir='ltr'><strong>rexit</strong></span> 
     </span>
    </p>
   </div>
   <div class='ocr_carea' id='block_1_117' title="bbox 2300 5683 3806 5756">
    <p class='ocr_par' dir='ltr' id='par_1_117' title="bbox 2300 5683 3806 5756">
     <span class='ocr_line' id='line_1_117' title="bbox 2300 5683 3806 5756; baseline 0.002 -20"><span class='ocrx_word' id='word_1_720' title='bbox 2300 5684 2597 5756; x_wconf 61' lang='lat' dir='ltr'><strong>(lluustrum</strong></span> <span class='ocrx_word' id='word_1_721' title='bbox 2631 5683 2940 5750; x_wconf 79' lang='lat' dir='ltr'><strong>Cermeme;</strong></span> <span class='ocrx_word' id='word_1_722' title='bbox 2962 5703 3115 5756; x_wconf 83' lang='lat' dir='ltr'><strong>quem</strong></span> <span class='ocrx_word' id='word_1_723' title='bbox 3138 5683 3378 5739; x_wconf 59' lang='lat' dir='ltr'><strong>(J&#39;hristus</strong></span> <span class='ocrx_word' id='word_1_724' title='bbox 3404 5697 3567 5740; x_wconf 63' lang='lat' dir='ltr'><strong>sciret</strong></span> <span class='ocrx_word' id='word_1_725' title='bbox 3588 5686 3652 5740; x_wconf 82' lang='lat' dir='ltr'><strong>ab</strong></span> <span class='ocrx_word' id='word_1_726' title='bbox 3673 5698 3806 5742; x_wconf 64' lang='lat' dir='ltr'><strong>anu.</strong></span> 
     </span>
    </p>
   </div>
   <div class='ocr_carea' id='block_1_118' title="bbox 2299 5754 3367 5826">
    <p class='ocr_par' dir='ltr' id='par_1_118' title="bbox 2299 5754 3367 5826">
     <span class='ocr_line' id='line_1_118' title="bbox 2299 5754 3367 5826; baseline 0.006 -20"><span class='ocrx_word' id='word_1_727' title='bbox 2299 5754 2510 5826; x_wconf 48' lang='lat' dir='ltr'><strong>peltata?</strong></span> <span class='ocrx_word' id='word_1_728' title='bbox 2540 5757 2657 5810; x_wconf 71' lang='lat' dir='ltr'><strong>vita:</strong></span> <span class='ocrx_word' id='word_1_729' title='bbox 2679 5772 2880 5825; x_wconf 77' lang='lat' dir='ltr'><strong>semper</strong></span> <span class='ocrx_word' id='word_1_730' title='bbox 2913 5754 3036 5825; x_wconf 74' lang='lat' dir='ltr'><strong>fuit,</strong></span> <span class='ocrx_word' id='word_1_731' title='bbox 3057 5767 3104 5826; x_wconf 81' lang='lat' dir='ltr'><strong>et</strong></span> <span class='ocrx_word' id='word_1_732' title='bbox 3127 5758 3238 5816; x_wconf 63' lang='lat' dir='ltr'><strong>sine</strong></span> <span class='ocrx_word' id='word_1_733' title='bbox 3255 5759 3367 5818; x_wconf 65' lang='lat' dir='ltr'><strong>lite.</strong></span> 
     </span>
    </p>
   </div>
   <div class='ocr_carea' id='block_1_119' title="bbox 2302 5824 3558 5902">
    <p class='ocr_par' dir='ltr' id='par_1_119' title="bbox 2302 5824 3558 5902">
     <span class='ocr_line' id='line_1_119' title="bbox 2302 5824 3558 5902; baseline 0.005 -24"><span class='ocrx_word' id='word_1_734' title='bbox 2302 5824 2469 5896; x_wconf 79' lang='lat' dir='ltr'><strong>Elegit</strong></span> <span class='ocrx_word' id='word_1_735' title='bbox 2493 5826 2699 5894; x_wconf 79' lang='lat' dir='ltr'><strong>cellam,</strong></span> <span class='ocrx_word' id='word_1_736' title='bbox 2721 5824 2878 5896; x_wconf 86' lang='lat' dir='ltr'><strong>quam</strong></span> <span class='ocrx_word' id='word_1_737' title='bbox 2907 5824 3138 5884; x_wconf 67' lang='lat' dir='ltr'><strong>Condidit</strong></span> <span class='ocrx_word' id='word_1_738' title='bbox 3169 5830 3277 5900; x_wconf 70' lang='lat' dir='ltr'><strong>ipse</strong></span> <span class='ocrx_word' id='word_1_739' title='bbox 3301 5828 3558 5902; x_wconf 69' lang='lat' dir='ltr'><strong>capellam</strong></span> 
     </span>
    </p>
   </div>
   <div class='ocr_carea' id='block_1_120' title="bbox 3961 5165 3968 5749">
    <p class='ocr_par' dir='ltr' id='par_1_120' title="bbox 3965 5165 3967 5277">
     <span class='ocr_line' id='line_1_120' title="bbox 3965 5165 3967 5277; baseline 0 0"><span class='ocrx_word' id='word_1_740' title='bbox 3965 5165 3967 5277; x_wconf 69' lang='lat'>1</span> 
     </span>
    </p>
   </div>
  </div>
