4032 6336
252 368 392 432 ,1101

339 491 569 559 Virginis
598 492 653 547 in
684 488 841 548 laude
868 492 1004 557 cali,
1029 500 1086 547 ut
1117 493 1403 560 requiescat
1432 493 1487 546 in
1512 492 1644 546 (ede.

241 566 247 575 '
331 562 472 616 Huic
500 564 564 615 sit
592 568 841 636 propitia,
876 566 956 619 via
988 564 1126 631 caeli,
1167 564 1320 636 Virgo
1351 562 1549 617 Maria.

334 677 574 733 XXVIII.
624 678 852 735 Michael
900 696 931 736 e
977 679 1304 746 Castaneto,
1354 677 1515 749 vulgo
1559 676 1793 748 Catenay
1823 715 1839 742 ,

252 786 426 841 prope
460 769 860 827 Claromonlem
904 770 1289 827 Belvacenscm
1332 768 1648 827 oriundus:
1694 768 1842 839 prius

258 861 624 917 Flaviaceusis
647 862 878 918 ccenobii
935 864 1272 927 cellerarius,
1298 872 1556 917 accurate
1602 860 1842 931 discipli-

256 971 381 1010 nam
412 957 773 1012 monasticam
820 957 1075 1015 servavit.
1106 957 1365 1028 lmpetrat
1401 972 1430 1010 a
1472 955 1720 1025 Philippo
1751 954 1840 1021 Ill,

254 1046 590 1103 Francorum
620 1064 769 1120 rege,
812 1049 1212 1120 privilegiorum
1249 1047 1720 1104 conﬁrmationem
1748 1062 1839 1101 an.

255 1138 413 1193 1:275.
444 1140 509 1195 Et
533 1155 676 1196 anno
708 1141 868 1204 1276,
896 1158 1078 1201 mense
1106 1142 1348 1215 Augusto
1395 1140 1686 1197 nonnullas
1713 1154 1841 1205 con-

253 1230 359 1285 fert
387 1234 780 1301 possessiones.
813 1254 829 1286 ‹
867 1234 971 1295 Pro
1018 1234 1365 1291 solemnitate
1405 1234 1591 1299 cilicii,
1643 1232 1837 1303 inquit,

252 1324 342 1393 die
362 1325 540 1381 obitus
578 1329 749 1383 nostri
772 1312 1149 1384 anniversario
1196 1327 1451 1397 faciendi,
1490 1327 1842 1399 etprolibris

251 1417 494 1473 ecclesiae
518 1428 715 1474 nostrae
736 1422 1068 1490 reparandis.
1095 1440 1113 1473 ι

324 1509 528 1581 Sepulti
565 1510 749 1579 jacent
800 1514 852 1567 in
880 1515 993 1567 aede
1023 1515 1262 1584 Deiparaa
1316 1515 1573 1585 Virginis,
1620 1513 1839 1570 Guillel-

251 1614 377 1656 mus
432 1618 496 1657 ac
537 1601 867 1674 Reginaldus
914 1606 1189 1661 castellani
1245 1605 1649 1662 Bi-Ivaccnses:
1709 1622 1840 1679 quo-

249 1704 374 1746 rum
402 1692 760 1763 depositionis
784 1694 900 1750 dies
923 1696 1295 1751 anniversaria
1323 1706 1547 1751 notatur
1596 1698 1663 1750 ab
1693 1711 1838 1753 anno

249 1786 413 1842 1271.
464 1787 520 1843 In
576 1789 849 1861 hacripsa
901 1790 1017 1846 tede
1066 1806 1222 1846 sacra
1266 1790 1514 1845 visuntur
1543 1799 1596 1845 et
1622 1789 1725 1844 alia
1753 1804 1838 1845 se-

246 1878 457 1949 pulcra.

238 1972 241 1975 ’
326 1971 547 2029 Natura:
606 1974 845 2031 debitum
917 1975 1077 2032 solvit
1123 1976 1347 2033 Michael
1392 1993 1445 2032 ιν
1484 1976 1604 2032 Kal.
1656 1976 1839 2046 Auguc

240 2065 320 2121 ‘sti
376 2065 555 2133 1284,
608 2075 664 2123 et
718 2077 843 2124 ante
895 2070 1070 2125 altare
1117 2070 1357 2142 ejusdem
1409 2070 1540 2127 tedis
1588 2070 1841 2125 conditas

248 2171 357 2216 est.

324 2254 520 2311 XXIX.
574 2254 770 2313 Petrus
801 2257 865 2312 ll.
912 2258 1153 2329 Diploma
1175 2259 1456 2331 Philippus
1492 2258 1580 2325 IV,
1605 2259 1839 2319 Franco-

250 2362 373 2405 rum
400 2363 516 2417 rex,
544 2348 705 2404 Petro
730 2350 1034 2415 annitenle,
1072 2350 1512 2408 Flaviacensibus
1543 2354 1839 2417 concessit,

248 2454 360 2507 quo
389 2438 626 2508 ipsorum
658 2439 925 2495 universa:
967 2442 1337 2497 immunitates
1367 2459 1431 2498 ac
1472 2445 1842 2515 possessiones

247 2531 352 2586 sub
378 2533 527 2603 regia
554 2533 800 2600 tuitione,
829 2533 972 2588 velut
1000 2534 1169 2604 ipsius
1193 2536 1557 2603 praestiterant
1597 2546 1842 2592 anteces-

251 2644 429 2694 sores,
458 2631 705 2687 declarat
737 2649 879 2689 anno
921 2632 1077 2689 1287.
1109 2634 1255 2691 Obiit
1280 2634 1474 2693 Petrus
1521 2654 1575 2692 1x
1606 2637 1835 2694 Kalend.

246 2722 506 2780 Octobris
535 2726 694 2783 1299.

324 2817 492 2873 XXX.
520 2818 705 2875 Fulco.
730 2819 965 2877 Charum
988 2822 1300 2880 domesticis
1329 2823 1637 2895 exterisque
1657 2823 1843 2881 Fulco—

251 2925 387 2975 nem,
425 2912 705 2969 exstitisse
736 2954 749 2977 ,
801 2929 865 2969 ac
916 2914 1145 2971 fratrum
1191 2917 1498 2973 concordia
1551 2919 1842 2987 probauque

251 3004 659 3059 conversationi
709 3006 1045 3063 consuluisse
1098 3010 1357 3064 exhibent
1396 3010 1631 3064 cmuohii
1671 3025 1843 3065 mem-

244 3093 459 3149 brana.
510 3093 704 3149 Villam
754 3096 821 3151 de
876 3094 1051 3168 Reilly
1099 3099 1152 3151 in
1189 3115 1329 3169 pago
1369 3099 1694 3165 Vilcassino,
1751 3098 1841 3155 ubi

251 3187 558 3257 elegantem
586 3188 869 3245 mdiculam
920 3192 1163 3246 construi
1190 3192 1424 3257 curavit,
1461 3201 1517 3248 et
1553 3192 1655 3247 alia
1686 3193 1839 3263 plura

253 3282 593 3336 monasterio
639 3281 951 3350 acquisivit.
1011 3283 1247 3339 Orbatur
1294 3285 1404 3340 vita
1446 3300 1559 3341 xm
1594 3286 1716 3341 ldus
1751 3284 1840 3341 Ja-

251 3375 623 3444 nuarii1517,
653 3380 809 3451 cujus
855 3376 1171 3448 sepulcralis
1227 3376 1417 3433 tumuli
1465 3377 1590 3434 talis
1632 3386 1715 3435 est
1760 3378 1844 3434 ina

251 3468 499 3538 scriptio.

329 3582 494 3655 Falco
524 3586 618 3639 sub
645 3588 744 3640 hac
775 3585 919 3640 silice
942 3584 1153 3639 milleno
1175 3584 1387 3655 triplici.
1427 3605 1471 3643 c.
1509 3601 1668 3652 anno,

325 3654 651 3727 septenaque
682 3657 839 3711 simul
869 3658 1047 3722 latuit,
1063 3654 1252 3726 juncta
1274 3659 1371 3711 sibi
1394 3660 1548 3714 deuo.

324 3726 482 3797 lj’elix
508 3726 742 3781 Ecclesia
768 3729 901 3782 tanti
928 3728 1154 3797 pastoris
1178 3729 1414 3785 alumna.

326 3796 485 3869 Nunc
514 3797 649 3851 dolet
676 3797 785 3869 illa,
811 3796 933 3868 quia
957 3798 1077 3869 talis
1111 3798 1209 3851 sibi
1236 3802 1444 3869 dempta
1480 3800 1745 3858 columna.

338 3868 492 3940 Visus
524 3878 634 3920 erat
662 3868 847 3921 melior
874 3868 1071 3934 trullas,
1105 3870 1196 3939 qui
1215 3868 1469 3940 quidquid
1501 3874 1697 3936 acerbi,

254 3965 259 3969 υ
326 3941 427 3993 Aut
456 3938 621 4007 fausti
647 3941 927 4000 accideret.
954 3956 1057 3993 non
1078 3938 1287 4006 dispare
1318 3938 1487 3997 mente
1518 3946 1715 3998 subiret
1744 3959 1765 3998 ε

326 4009 430 4085 ilic
470 4009 629 4062 abbas
655 4009 892 4085 humilis,
920 4014 1107 4071 doctus
1142 4014 1266 4081 fuit,
1290 4024 1443 4081 atque
1484 4015 1728 4085 pudicus.

340 4078 427 4152 γᾶν
449 4088 681 4146 sanctus,
705 4081 958 4152 prudens,
992 4094 1036 4135 et
1069 4078 1269 4149 semper
1304 4078 1447 4152 pacis
1477 4078 1701 4147 amicus.

256 4170 259 4171 '
330 4150 550 4205 Nescius
578 4151 673 4204 iste
698 4150 827 4216 doli,
858 4154 981 4219 quia
1012 4154 1209 4206 servivit
1244 4150 1336 4206 tibi
1361 4155 1499 4209 soli:

330 4221 480 4288 Quod
504 4232 675 4291 pereat
706 4221 836 4287 noli,
860 4222 986 4276 cosio
1016 4237 1075 4275 at
1097 4225 1186 4289 da,
1219 4222 1442 4290 Christe,
1475 4225 1638 4282 beari.

330 4335 519 4395 XXXI.
563 4337 855 4392 Robertus.
911 4335 1139 4392 Mortem
1188 4339 1415 4408 oppetiit
1481 4356 1556 4395 xu
1614 4337 1839 4397 Kalend.

254 4431 482 4489 Octobr.
510 4430 670 4485 1555.
695 4430 761 4485 Et
793 4431 845 4484 in
868 4430 982 4486 inde
1033 4431 1277 4502 Deiparae
1298 4433 1537 4501 Virginis
1559 4434 1837 4503 sepelitur,

251 4525 656 4596 iusigniturque
678 4524 781 4580 hoc
817 4525 1112 4596 epitaphio.

330 4638 432 4716 Hic
451 4640 793 4716 jacetfrater
815 4639 1073 4716 Robertus
1096 4643 1171 4716 d_e_
1195 4641 1478 4709 Marcellis,
1505 4647 1768 4716 quondam

334 4710 493 4765 abbas
520 4712 741 4783 hujusce
770 4714 1089 4767 monasterii.
1117 4713 1359 4783 ﬂigi-aui!
1387 4718 1456 4769 ad
1484 4710 1768 4771 Dominum

328 4799 467 4856 anno
495 4784 1158 4856 miliesiutq_trecetitesimo
1188 4788 1452 4856 trigesimo
1500 4788 1677 4852 tertio,
1714 4791 1771 4843 in

329 4855 504 4937 uigilia
543 4854 713 4919 sancti
742 4854 982 4909 Matthwi
1011 4872 1033 4928 ί
1083 4856 1235 4931 cujus
1260 4854 1440 4914 anima
1481 4860 1771 4929 requiescat

328 4941 383 4979 tn
406 4942 553 4993 pace.

332 5037 548 5095 XXXII.
587 5035 825 5096 Joannes
849 5037 913 5095 Il.
940 5039 1036 5096 Vir
1060 5040 1205 5097 haud
1234 5041 1434 5105 infimae
1474 5050 1618 5101 notae
1646 5061 1661 5099 :
1707 5058 1845 5111 onus

250 5135 595 5211 praefectura:
616 5134 836 5204 gravius
863 5134 1123 5201 sentiens,
1173 5134 1396 5191 subesse
1424 5151 1587 5206 quam
1611 5150 1845 5205 praeesse

256 5226 453 5283 maluit
478 5244 495 5294 ;
528 5226 732 5283 idcirco
755 5225 882 5285 illud
905 5227 961 5282 in
989 5226 1246 5283 humeros
1273 5226 1557 5296 Arnulphi,
1590 5238 1847 5297 spectata:

257 5318 386 5377 vitae
408 5319 679 5385 monachi,
711 5318 982 5387 deposuit,
1037 5327 1113 5385 et,
1176 5318 1428 5397 religiose
1461 5320 1570 5374 vita
1616 5320 1847 5381 triennio

253 5421 497 5484 peracta,
529 5426 563 5465 v
597 5409 672 5466 Id.
706 5407 830 5471 Julii
871 5408 975 5465 553
1018 5409 1342 5465 obdormivit
1369 5409 1422 5465 in
1456 5409 1703 5475 Domino.

266 5492 287 5495 Ὗ
333 5500 573 5556 XXXIII.
612 5502 943 5572 Arnulphus.
973 5501 1131 5556 Anno
1185 5517 1309 5555 tene
1335 5500 1660 5557 Christianae
1686 5502 1846 5569 1564,

259 5598 563 5655 Galliarum
618 5615 711 5654 rex
779 5598 1004 5653 Carolus
1056 5597 1364 5653 libertatem
1414 5596 1848 5652 Flaviacensium

260 5695 514 5771 vendicat
542 5695 643 5749 hoc
672 5694 956 5763 rescripto.

341 5809 361 5843 ι
399 5788 626 5849 Carolus
656 5788 747 5845 Dei
799 5788 973 5859 gratia
1026 5785 1365 5850 Francorum
1422 5801 1545 5854 rex,
1577 5784 1851 5849 universis

260 5892 559 5957 praesentes
591 5882 802 5943 litteras
858 5880 1202 5953 inspectoris,
1251 5878 1502 5938 salutem.
1537 5877 1735 5938 Notum
1764 5876 1898 5977 fa-w

1423 368 1634 430 eoum
1664 356 1743 425 ιι..
1782 354 2124 425 nucum!
2162 351 2393 435 NOTE.

1868 1851 1915 1912 B

3374 376 3537 438 1-102

1866 484 2137 551 Acimus,
2171 486 2319 557 quod
2344 503 2466 551 cum
2490 488 2747 561 religiosi,
2778 490 2943 547 abbas
2963 498 3018 548 ct
3060 500 3361 551 conventus
3415 514 3531 555 mo-

1945 579 2169 634 nasterii
2201 579 2259 634 S.
2293 578 2573 638 Geremari
2608 582 2675 639 de
2701 584 2937 649 Flaiaco,
2964 584 3531 655 Belracensisditece-i

1944 670 2042 739 sis,
2071 673 2360 737 occasione
2379 673 2656 744 cujusdam
2679 678 2871 735 domus
2896 696 3017 735 cum
3049 681 3213 736 certis
3257 682 3526 747 censibus,

1946 779 2130 835 quam,
2160 780 2254 821 seu
2286 781 2423 835 quos
2452 767 2655 827 habent
2683 770 2739 824 in
2765 771 2888 826 villa
2913 772 3254 837 Belvacensi,
3280 789 3378 843 per
3408 775 3530 829 bur-

1944 871 2142 927 genses
2189 858 2500 916 habitantes
2560 861 2728 930 ipsius
2779 864 2924 923 villa:
2974 865 3333 932 Belvacensis,
3381 882 3530 923 com-

1944 950 2084 1022 pulsi
2123 950 2339 1009 fuerunt
2368 953 2435 1007 ad
2457 956 2928 1024 contribuendum,
2970 970 3025 1015 et
3063 960 3374 1015 solvendum
3405 978 3527 1016 cum

1943 1043 2024 1099 eis
2050 1044 2224 1100 tallias
2254 1055 2310 1103 et
2361 1048 2741 1118 impositiones
2782 1051 2837 1105 in
2860 1052 3004 1108 dicta
3034 1054 3153 1108 villa
3202 1055 3398 1119 factas,
3429 1070 3528 1121 pro

1944 1138 2287 1208 reparatione
2313 1148 2367 1197 ct
2397 1140 2778 1198 fortiﬁcatione
2817 1147 3137 1202 necessariis
3167 1149 3325 1203 dicta:
3361 1149 3525 1215 villae,

1942 1244 2009 1285 ex
2029 1232 2224 1299 quibus
2253 1234 2516 1303 compulsi
2542 1232 2740 1289 fuerint
2777 1235 2843 1290 ad
2864 1237 3313 1293 contribuendum
3342 1250 3397 1294 et
3421 1240 3530 1295 sol—

1942 1323 2177 1385 vendam
2202 1340 2325 1379 eum
2355 1326 2438 1389 eis
2466 1326 2659 1383 tallias.
2715 1327 2880 1383 Iidem
2914 1328 3149 1399 religiosi
3175 1341 3377 1385 certam
3402 1346 3527 1401 par-

1942 1421 2051 1473 tem
2110 1430 2203 1473 seu
2259 1418 2563 1483 portionem
2618 1421 2835 1489 guerris
2885 1421 3213 1477 durantibus
3258 1422 3529 1491 persolve-

1943 1514 2116 1562 runt:
2151 1508 2295 1577 quod
2326 1518 2508 1569 tamen
2545 1512 2743 1568 tuturis
2800 1513 3133 1582 temporibus
3156 1514 3357 1570 eisdem
3402 1514 3529 1570 reli-

1941 1600 2108 1671 giosis
2134 1611 2320 1670 posset
2378 1604 2428 1659 in
2461 1606 2716 1663 damnum
2749 1605 2963 1660 cedere.
3018 1605 3381 1673 Quamobrem
3432 1624 3529 1665 nos

1945 1694 2038 1764 qui
2064 1696 2345 1753 libertates
2371 1707 2426 1753 et
2454 1697 2778 1755 l'ranchisias
2810 1714 3164 1769 personarum
3194 1701 3527 1757 ecclesiasti-

1942 1803 2152 1856 carum,
2181 1791 2310 1847 totis
2357 1793 2642 1851 conatibus
2688 1793 2939 1849 volumus
2977 1794 3291 1859 observare,
3324 1796 3528 1850 eisdem
3588 1796 3609 1802 ’

1946 1882 2212 1953 religiosis
2245 1886 2616 1943 concessimus
2652 1892 2717 1945 et
2745 1886 3113 1952 concedimus,
3137 1889 3299 1941 etiam
3324 1888 3391 1942 de
3415 1903 3531 1959 gra-

1945 1975 2016 2028 tia
2046 1975 2292 2046 speciali,
2337 1993 2435 2048 per
2464 1988 2786 2049 prmsentes,
2817 1980 3031 2049 utipsi,
3081 1989 3137 2034 et
3184 1980 3325 2035 dicta
3366 1981 3532 2051 610

1941 2082 2129 2123 eorum
2183 2069 2398 2136 domus,
2442 2079 2496 2127 et
2549 2086 2753 2128 census
2800 2072 3067 2141 praedicti,
3105 2073 3173 2127 ab
3220 2071 3529 2141 hujusmodi

1942 2161 2460 2228 contributionibus,
2493 2163 2639 2221 sicut.
2663 2164 3031 2235 praemittitur,
3084 2164 3262 2231 factis,
3302 2164 3387 2218 vel
3411 2164 3533 2220 aliis

1944 2254 2335 2322 consimilibus,
2383 2257 2439 2312 in
2483 2266 2763 2328 posterum
2792 2258 3063 2313 faciendis
3090 2273 3186 2329 per
3230 2251 3550 2328 bnrgenses'

1941 2353 1998 2401 et
2025 2346 2339 2407 habitantes
2359 2348 2413 2407 in
2445 2348 2590 2404 dicta
2614 2348 2740 2407 villa
2765 2348 3085 2405 Belracensi
3110 2350 3353 2414 omnino,
3372 2362 3532 2420 prout

1943 2445 2068 2491 ante
2101 2436 2341 2505 fuerunt,
2371 2438 2526 2497 liberi
2548 2440 2748 2497 futuris
2774 2441 3111 2511 temporibus
3136 2451 3459 2496 remaneant
3478 2450 3535 2496 et

1943 2529 2239 2591 immunes.
3016 2580 3021 2587 .

2014 2623 2081 2677 Et
2108 2625 2249 2693 quod
2279 2633 2499 2699 prOpter
2521 2627 2829 2696 huiusmodi
2863 2628 3344 2693 contributiouem,
3370 2643 3535 2701 gner-

1942 2715 2020 2771 ris
2062 2716 2372 2786 vigentibus
2418 2716 2615 2774 factam
2644 2759 2660 2785 ,
2721 2719 2931 2775 nullum
2974 2721 3184 2775 eisdem
3238 2720 3531 2791 religiosis,

1942 2816 2038 2865 aut
2056 2823 2243 2867 eorum
2275 2808 2523 2867 ecclesia:
2576 2811 2952 2882 prmjudicium
3002 2813 3071 2868 de
3113 2820 3313 2869 cetero
3367 2827 3535 2884 gene-

1944 2910 2117 2967 retur,
2174 2902 2371 2957 litteris
2402 2904 2454 2957 in
2518 2907 2854 2960 contrarium
2888 2908 3213 2977 impetratis,
3247 2907 3330 2983 vel
3361 2909 3534 2978 impe-

1947 2992 2177 3059 trandis,
2204 3009 2309 3049 non
2335 2994 2679 3053 obstantibus
2708 2998 3144 3068 quibuseunque.

2022 3102 2040 3137 ι
2087 3084 2278 3140 Datum
2336 3085 2565 3143 Parisiis
2604 3089 2692 3145 die
2740 3090 2915 3161 prima
2950 3090 3149 3156 Martii,
3198 3106 3288 3144 an.
3319 3089 3534 3145 Domini

1945 3176 2241 3243 millesimo
2288 3181 2674 3239 trecentesimo
2725 3182 3067 3251 sexagesimo
3124 3192 3342 3252 quarto,
3382 3182 3536 3255 regni

1947 3272 2119 3326 nostri
2162 3288 2305 3327 anno
2354 3275 2551 3345 primo.
2582 3275 2688 3331 Per
2734 3290 2917 3348 regem
2952 3275 3031 3345 ad.
3059 3276 3375 3332 relationem
3407 3291 3536 3333 cono

1944 3362 2076 3429 silii.
2100 3362 2384 3434 Signatum
2407 3365 2474 3424 de
2492 3364 2698 3422 Remis.
2724 3386 2743 3419 ι

2013 3460 2331 3532 Αωιιιριιυθ
2380 3459 2491 3516 vita
2521 3459 2768 3534 fungitur
2806 3477 2950 3517 anno
2992 3462 3153 3528 1571,
3203 3476 3255 3516 χι
3303 3460 3529 3517 Kalend.

1945 3552 2116 3610 Junii.

2021 3644 2261 3711 XXXIV.
2320 3644 2561 3709 Joannes
2610 3645 2696 3705 IIl.
2756 3645 2985 3718 Esplelo
3045 3645 3537 3703 administrationis

1945 3740 2239 3811 septennia
2267 3754 2364 3797 rm
2413 3738 2640 3795 Kalend.
2677 3740 2931 3797 Decemb.
2964 3742 3103 3799 1578
3129 3742 3291 3798 linem
3318 3743 3534 3800 clausit.

2018 3833 2238 3895 XXXV.
2279 3832 2517 3891 Joannes
2582 3832 2673 3898 IV,
2714 3832 2945 3889 Reman.
2979 3835 3348 3897 Conferuntur
3386 3850 3537 3894 litore

1946 3926 2215 3999 majorum
2246 3926 2443 3982 litterae
2474 3942 2504 3981 a
2535 3926 2752 3992 Carolo,
2811 3944 2939 3999 rege
2986 3929 3362 3998 Francorum;
3416 3930 3535 4000 qui-

1944 4020 2071 4087 bus,
2106 4036 2447 4092 quaecunque
2503 4019 2647 4089 juris
2695 4030 2820 4079 sunt
2878 4022 3243 4081 Flaviacensis
3292 4026 3534 4081 emnobii

1946 4113 2364 4180 conﬁrmantur,
2417 4114 2571 4185 regni
2625 4116 2795 4185 ipsius
2841 4115 2905 4169 17
2952 4132 3114 4183 anno,
3164 4116 3367 4173 Christi
3405 4133 3535 4173 vero

1948 4205 2108 4263 1589.
2934 4230 2937 4231 ν

2019 4296 2260 4355 Joannes
2295 4298 2361 4353 de
2392 4296 2637 4353 (locum.
2668 4297 2865 4353 Doctor
2882 4298 2934 4352 in
2961 4298 3214 4363 decretis,
3244 4313 3311 4354 ex
3345 4313 3534 4355 mona-

1952 4390 2055 4444 cho
2085 4389 2426 4449 Flaviacensi
2459 4389 2809 4444 Fiscanensis
2832 4390 3144 4445 monasterii
3173 4390 3534 4463 eleemosynis

1949 4482 2277 4557 praefectus;
2315 4487 2381 4539 ad
2433 4484 2875 4541 Fontanelleusis
2927 4485 3041 4539 sive
3085 4484 3142 4538 S.
3177 4482 3534 4553 Vandregisill

1870 4611 1926 4674 Β
1953 4577 2203 4632 asceterii
2245 4578 2618 4648 magistratum
2655 4586 2933 4640 evocatur,
2993 4592 3057 4634 ac
3089 4577 3305 4631 tandem
3350 4577 3535 4634 novis-

1949 4669 2149 4725 simum
2177 4669 2319 4724 diem
2342 4670 2568 4724 sortitur
2588 4678 2782 4740 quarto
2799 4668 2921 4723 Maii
2950 4668 3105 4723 1-518.

2018 4761 2256 4821 Joannes
2286 4771 2468 4817 autem
2518 4761 2887 4816 Flaviaeensis
2917 4763 3165 4827 antistes,
3199 4762 3376 4833 pridie
3413 4762 3536 4821 Kal.

1950 4851 2100 4922 Sept.
2135 4854 2292 4918 1591,
2332 4863 2492 4923 atque
2539 4855 2593 4908 in
2622 4854 2679 4909 S.
2710 4853 2990 4910 Geremari
3027 4855 3244 4921 sacello,
3290 4856 3379 4909 ubi
3419 4854 3539 4926 ejus

1948 4947 2159 5018 eﬂigies
2175 4948 2605 5011 demonstratur,
2642 4948 2875 5003 traditur
2898 4950 3205 5018 sepultura.

2022 5040 2266 5097 XXXVI.
2307 5040 2635 5096 Eustachius
2669 5040 2733 5096 ll.
2786 5041 2906 5112 Ipso
2940 5042 3157 5108 abbate,
3203 5040 3537 5096 Francorum

1949 5136 2137 5208 regina
2184 5134 2441 5201 Blancha,
2492 5134 2723 5205 Philippi
2752 5134 2813 5188 VI
2840 5135 3112 5205 quondam
3167 5148 3324 5198 uiror,
3377 5148 3536 5203 pera-

1951 5230 2124 5303 genda
2177 5228 2284 5284 ritu
2313 5228 2631 5285 solemniori
2676 5228 2859 5282 divina
2885 5225 3061 5283 olllcia
3106 5228 3397 5299 quotannis
3427 5235 3540 5283 sta-

1953 5324 2058 5380 tuit
2086 5323 2155 5378 ad
2179 5324 2323 5383 hunc
2355 5322 2574 5377 modum
2603 5338 2618 5375 ε

2030 5433 2049 5465 ι
2077 5412 2321 5468 Disticha
2360 5411 2459 5465 Dei
2511 5412 2686 5482 gratia
2740 5412 2987 5467 Francia:
3036 5413 3242 5479 regina,
3286 5413 3538 5468 omnibus

1958 5513 2069 5563 tam
2108 5501 2467 5572 praesentibus
2498 5517 2661 5569 quam
2712 5501 2917 5564 futuris
2965 5503 3106 5556 hanc
3151 5503 3405 5572 paginam
3456 5504 3538 5557 in—

1956 5594 2242 5663 spectoris,
2271 5600 2463 5657 notum
2521 5592 2752 5648 facimus
2780 5594 2921 5661 quod
2966 5609 3085 5658 nos,
3134 5595 3205 5647 ob
3247 5596 3538 5665 specialem

1955 5687 2294 5747 devotionem
2347 5700 2453 5757 qua
2511 5700 2639 5756 erga
2672 5684 2987 5740 Ecclesium
3025 5684 3083 5741 S.
3137 5686 3417 5742 Gerema‘ri
3472 5686 3543 5740 de

1956 5778 2214 5837 Flaviaco
2237 5775 2519 5844 aliieimur,
2549 5785 2605 5832 et
2632 5777 2701 5833 ad
2728 5777 3032 5849 augendum
3083 5778 3282 5834 ibidem
3309 5778 3401 5832 Dei
3427 5777 3542 5832 cul-

1952 5864 2097 5946 tum,
2127 5870 2495 5937 messimus
2521 5878 2579 5928 et
2603 5869 2871 5939 dedimus,
2893 5877 2947 5927 et
2970 5884 3067 5942 per
3088 5876 3383 5943 praesentes
3412 5882 3541 5927 cono
