4032 6326
584 368 720 441 “03.

1537 362 1627 420 AD
1657 352 1813 422 OPP.
1839 361 1998 422 VEN.
2038 362 2364 426 GUIBERTI
2402 367 2493 429 DE
2530 368 2925 432 NOVIGENTO

3711 371 3817 445 litt

579 487 908 546 cedimus-et
943 479 1401 545 damusromnem
1431 478 1699 537 decimam
1748 482 1891 540 villae
1917 482 2162 541 Harden-
2188 491 2237 551 Α
2267 488 2372 560 pit,
2401 490 2635 558 abbates,
2667 500 2723 549 et
2765 492 2886 550 aliis
2914 492 3329 566 quibuscumque
3376 497 3821 563 constitutionibus

581 588 730 634 war:
768 578 820 632 in
863 573 1123 645 parochia
1150 572 1238 629 'de
1274 572 1550 629 Ferrieres
1579 573 1831 631 dimcesis
1871 576 2161 634 Belvacen-

578 670 677 734 sis,
708 668 763 723 in
786 663 1099 722 castellania
1130 673 1317 720 nostra
1345 663 1605 731 Gornaci,
1650 682 1772 723 cum
1797 668 1907 725 suis
1927 670 2159 741 juribus,

575 758 941 833 pertinentiis,
995 768 1261 831 perpetuo
1310 758 1730 830 possidendam;
1770 777 1935 832 quam
1986 778 2162 834 nuper

576 869 606 907 a
628 850 835 908 Joanne
858 851 906 906 Ie
932 851 1128 918 Feure,
1159 852 1305 908 dicto
1332 852 1589 919 Fraillon,
1622 854 1939 928 presbytero
1971 866 2162 915 curato

575 942 641 998 dc
664 941 916 1005 Belliere,
944 951 1109 1011 prout
1136 941 1299 997 la-tius
1331 943 1384 997 in
1417 943 1613 1001 litteris
1636 960 1800 1016 super
1826 947 1932 1003 hac
1952 963 2011 1003 re
2031 964 2161 1004 eon-

575 1033 731 1090 feetis
760 1035 1090 1102 continetur,
1119 1036 1507 1106 acquisivimus
1535 1055 1548 1103 ;
1599 1037 1672 1092 ita
1709 1048 1914 1106 tamen,
1947 1049 2006 1094 ut
2046 1041 2161 1097 haec

573 1122 783 1178 decima
807 1138 1022 1194 semper
1056 1134 1165 1178 tota
1198 1126 1250 1179 in
1279 1137 1603 1193 conventus,
1639 1136 1695 1183 et
1724 1128 1868 1184 nulla
1891 1128 2009 1199 ejus
2032 1145 2161 1201 pars

577 1217 632 1272 in
665 1215 877 1271 abbatis
905 1233 1144 1287 unquam
1174 1234 1306 1274 usus
1348 1220 1526 1276 cedat.
1570 1220 1683 1278 Nec
1728 1238 1835 1278 non
1888 1240 2157 1281 summam

570 1312 963 1385 quinquaginta
1008 1311 1318 1370 francorum
1370 1331 1681 1385 aureorum,
1724 1318 1777 1372 in
1820 1318 2069 1376 ecclesia:
2105 1328 2160 1376 et

492 1434 497 1435 ί
572 1405 802 1461 aliorum
832 1405 1071 1469 locorum
1123 1406 1170 1461 ei
1229 1406 1597 1477 subjectorum
1648 1410 2019 1480 reparationes
2066 1426 2160 1467 ex-

578 1499 962 1571 pendendam,
1019 1514 1141 1554 eum
1194 1500 1420 1569 praafata
1487 1500 1698 1557 decima
1751 1502 1912 1559 hodie
1964 1503 2157 1560 iisdem

580 1591 936 1655 tradidimus;
970 1591 1072 1647 sub
1100 1592 1201 1647 hac
1227 1592 1343 1663 lege
1385 1602 1443 1647 ut
1472 1593 1702 1665 singulis
1724 1594 1902 1663 annis,
1937 1596 2024 1652 die
2060 1611 2159 1652 no-

578 1690 692 1738 stra
742 1683 934 1749 natali,
962 1698 1085 1753 qua:
1106 1693 1190 1739 est
1214 1687 1453 1741 secunda
1476 1686 1700 1758 Aprilis,
1729 1691 1903 1760 quoad
1959 1690 2159 1746 vixeri-

574 1790 718 1842 mus,
749 1774 915 1831 missa
969 1776 1227 1834 solemnis
1254 1779 1320 1835 de
1348 1778 1549 1850 Spiritu
1598 1791 1809 1850 sancto,
1865 1798 1986 1838 cum
2035 1782 2153 1839 dia-

562 1882 723 1933 cono,
748 1877 804 1924 et
828 1868 1163 1926 subdiacono
1188 1870 1476 1927 dalmatica
1502 1883 1557 1929 et
1616 1875 1800 1931 tunica
1833 1876 2059 1943 indutis,
2093 1885 2148 1934 et
2183 1857 2228 1919 Β

565 1975 689 2016 cum
746 1976 852 2017 una
884 1962 1133 2029 collecta,
1189 1980 1288 2035 pro
1339 1966 1514 2022 salute
1552 1969 1859 2023 animarum
1891 1968 2147 2042 Philippi,

565 2053 708 2123 regis
749 2051 1109 2122 Francorum,
1158 2056 1363 2113 domini
1397 2067 1452 2114 et
1502 2061 1748 2133 conjugis
1793 2063 1897 2117 mei
1938 2048 2151 2120 charis-

565 2147 716 2212 simi,
740 2156 796 2203 et
831 2147 1056 2205 Joannis
1083 2148 1206 2206 ﬁliae
1255 2168 1411 2222 meae,
1442 2153 1495 2211 in
1521 2154 1750 2211 ecclesia
1780 2156 2003 2227 praefata
2059 2174 2150 2214 ce-

562 2237 826 2294 lebretur.
854 2238 988 2295 Post
1039 2250 1285 2297 nostrum
1314 2259 1445 2301 vero
1475 2260 1543 2301 ex
1573 2246 1675 2302 hac
1699 2248 1808 2302 vita
1839 2247 2145 2318 decessum,

576 2329 631 2384 in
657 2328 745 2385 die
778 2330 962 2387 obitus
994 2333 1167 2387 nostri
1198 2333 1426 2407 singulis
1451 2337 1632 2402 annis,
1679 2338 1875 2408 vigilia:
1903 2348 1960 2395 et
1983 2341 2147 2398 missa

563 2421 943 2478 defunctorum
972 2424 1233 2481 solemnis
1284 2442 1407 2482 cum
1435 2429 1665 2486 diacono
1711 2440 1765 2486 et
1793 2431 2143 2504 subdiacono,

560 2522 623 2569 ut
651 2529 815 2586 supra
850 2514 1076 2582 indutis,
1111 2531 1211 2586 pro
1259 2518 1544 2575 animabus
1566 2519 1913 2591 praefatorum
1943 2524 2145 2582 domini

558 2605 707 2679 regis
736 2605 988 2677 Philippi,
1018 2616 1074 2664 et
1094 2605 1334 2675 Joanuae,
1360 2620 1416 2667 et
1437 2622 1621 2668 nostra
1651 2616 1902 2685 (quorum
1925 2617 2143 2673 nomina

559 2698 617 2753 in
643 2697 842 2754 Missali
867 2698 1088 2771 majoris
1124 2702 1289 2767 sacri,
1320 2711 1377 2757 et
1407 2703 1460 2757 in
1487 2706 1897 2778 martyrologio,
1932 2722 2002 2762 ne
2025 2709 2144 2764 haec

559 2798 746 2845 nostra
766 2790 1039 2847 ordinatio
1064 2791 1327 2847 oblivioni
1377 2794 1645 2861 tradatur,
1698 2796 1946 2853 adnotari
1994 2798 2148 2853 volu-

559 2883 704 2954 mus)
728 2883 925 2940 ibidem
947 2884 1329 2941 eantabuntur.

635 2998 653 3030 ι
695 2976 753 3034 1η
775 2979 927 3049 cujus
955 2980 1325 3037 concessionis
1368 2989 1422 3035 et
1461 2982 1822 3042 ordinationis
1866 2984 2047 3054 fidem,
2090 2994 2146 3041 et

558 3071 906 3128 stabilitatem
935 3072 1308 3143 acquisitionis
1357 3074 1581 3132 decimae
1609 3079 1901 3149 praedictae,
1935 3079 2146 3137 litteras

558 3162 803 3233 praefatis
828 3162 1097 3236 religiosis
1151 3167 1492 3235 tradidimus,
1540 3179 1595 3226 et
1638 3172 1999 3242 praesentibus
2047 3184 2147 3230 nos

558 3263 732 3312 strum
756 3256 1016 3327 jussimus
1034 3258 1231 3330 apponi
1261 3259 1515 3331 sigi'lum.

636 3364 655 3398 ι
690 3347 882 3402 Datum
907 3348 961 3404 in
987 3358 1168 3404 castro
1199 3361 1386 3408 nostro
1409 3352 1476 3409 de
1501 3351 1722 3412 Neautle
1752 3371 1899 3413 anno
1928 3355 2144 3417 Domini

558 3439 849 3498 millesimo
881 3443 1268 3498 trecentesimo
1294 3446 1647 3517 nonagesimo
1676 3458 1890 3519 octavo,
1948 3451 2039 3507 die
2065 3451 2146 3508 vi-

559 3534 762 3605 gesima
785 3544 940 3593 sexta
973 3538 1177 3594 mensis
1198 3537 1367 3595 Junii.
1394 3560 1413 3594 ι

630 3627 923 3702 Privilegio
943 3629 1298 3689 Eustachium
1319 3633 1569 3692 abbatem
1593 3645 1753 3693 ornat
1771 3636 2011 3697 Joannes
2029 3654 2144 3698 xm

558 3732 657 3789 seu
679 3735 813 3776 xxm
837 3720 900 3775 P.
930 3719 1027 3789 LL,
1053 3737 1160 3788 quo
1184 3723 1274 3794 jus
1303 3725 1630 3783 utendorum
1678 3729 1825 3787 inter
1867 3746 2024 3787 sacra
2057 3747 2147 3788 so-

558 3812 761 3869 lemnia
806 3812 1197 3886 pontificalium
1253 3829 1701 3878 ornamentorum
1745 3824 2018 3881 concedit.
2052 3823 2146 3881 Sic

559 3912 741 3961 autem
767 3906 969 3963 habent
989 3906 1208 3965 litterae.

635 4016 655 4050 s
691 3996 927 4056 Joannes
953 4002 1256 4075 episcopus,
1306 4019 1499 4063 servus
1532 4020 1814 4064 servorum
1841 4008 1958 4077 Dei,
2010 4009 2145 4066 dile.

559 4089 664 4146 etis
689 4090 811 4148 [iliis
832 4091 1127 4150 Eustacbio
1155 4093 1362 4163 abbati,
1399 4106 1456 4151 et
1493 4100 1787 4154 conventui
1820 4101 2141 4157 monasterii

560 4178 620 4235 S.
650 4179 930 4239 Geremari
976 4183 1041 4240 de
1087 4185 1356 4253 Flaviaco,
1391 4190 1511 4244 ord.
1544 4188 1603 4245 S.
1630 4190 1931 4261 Benedicti,
1954 4193 2144 4250 Belva-

557 4271 736 4343 censis
765 4273 1042 4337 dioecesis.
1066 4275 1378 4333 salutem'et
1403 4262 1758 4349 apostolicam
1797 4282 2113 4341 benedictio

558 4380 703 4421 nem.
738 4364 998 4437 Exposcit
1024 4381 1110 4422 me
1157 4367 1467 4425 devotionis
1498 4370 1808 4441 sinceritas,
1848 4383 1903 4431 et
1925 4376 2144 4447 religio-

555 4456 640 4512 nis
666 4465 1009 4528 promeretur
1039 4458 1317 4526 honestas,
1349 4469 1409 4515 ut
1438 4468 1547 4517 tam
1577 4478 1691 4528 vos,
1750 4480 1889 4536 quos
1919 4467 2139 4540 Speciali

555 4550 845 4609 dilectione
894 4551 1282 4622 prosequimur
1308 4591 1323 4615 ,
1377 4566 1542 4622 quam
1598 4559 1988 4614 monasterium
2047 4574 2139 4615 ve-

558 4651 757 4711 strum,
783 4643 960 4715 dignis
984 4644 1283 4701 honoribus
1313 4646 1643 4703 attollamus.
1693 4648 1830 4705 Hinc
1869 4659 1956 4707 est
1998 4653 2143 4721 quod

553 4750 657 4793 nos
676 4736 874 4793 vestris
909 4737 1395 4807 supplicationibus
1434 4739 1698 4809 inclinati,
1725 4750 1785 4797 ut
1832 4750 1911 4811 tu,
1942 4743 2016 4798 fili
2046 4746 2147 4801 ab-

552 4831 671 4893 bas,
701 4838 756 4887 et
805 4843 1151 4887 successores
1203 4831 1278 4887 tui
1337 4832 1565 4890 abbates
1615 4834 1746 4890 dicti
1798 4837 2137 4905 monasterii,

552 4923 812 4994 quierunt
843 4937 942 4993 pro
995 4933 1260 4993 tempore,
1294 4925 1478 4992 mitra,
1506 4925 1728 4994 annulo,
1761 4936 1817 4983 et
1852 4927 1977 4984 aliis
2006 4944 2141 5001 pon-

554 5014 847 5072 tificalibus
872 5013 1045 5072 libere
1090 5017 1311 5085 possitis
1347 5019 1446 5085 uti,
1481 5035 1583 5076 nec
1604 5035 1713 5077 non
1734 5023 1958 5092 quodin
1989 5023 2139 5083 dicto

552 5105 909 5176 monasterio,
938 5115 994 5162 et
1042 5109 1373 5179 prioratibus
1424 5112 1601 5170 eidem
1653 5121 1986 5176 monasterio
2011 5121 2144 5177 sub-

546 5197 731 5270 jectis,
782 5213 849 5255 ac
888 5199 1308 5279 parochialibus,
1361 5213 1416 5261 et
1454 5206 1575 5263 aliis
1622 5208 1872 5268 ecclesiis
1922 5212 1988 5267 ad
2042 5229 2140 5272 vos

551 5287 915 5345 communiter
949 5329 967 5358 ,
1017 5291 1101 5348 vel
1164 5293 1374 5348 divisim
1424 5298 1840 5371 pertinentibus,
1891 5306 2138 5374 quamvis

550 5382 706 5438 vobis
733 5380 1032 5453 plenojurc
1063 5400 1169 5441 non
1201 5388 1435 5455 subsint,
1470 5390 1899 5449 benedictionem
1934 5396 2137 5452 solem-

476 5534 484 5543 I
550 5486 699 5542 nem,
726 5484 847 5546 post
874 5474 1188 5546 missarum,
1226 5493 1606 5550 vesperarum,
1656 5493 1713 5540 et
1746 5488 2135 5546 matutinarum

478 5550 485 5609 ἶ
550 5564 836 5631 solemnia,
866 5566 1157 5624 dummodo
1188 5569 1242 5624 in
1271 5569 1652 5631 benedictione
1689 5576 1996 5647 bujusmodi
2029 5581 2132 5637 ali-

551 5656 676 5727 quis
719 5657 966 5722 antistes,
1013 5659 1096 5715 vel
1125 5660 1440 5730 apostolica:
1469 5667 1615 5723 sedis
1662 5668 1866 5740 legatus
1896 5687 2136 5743 prtesens

552 5765 658 5805 non
710 5748 897 5815 fuerit,
948 5749 1165 5822 elargiri
1209 5754 1473 5823 possitis:
1527 5758 1702 5817 felicis
1740 5765 2135 5825 recordationis

555 5838 843 5895 Alexandri
868 5854 1015 5909 papa:
1037 5840 1129 5912 IV,
1152 5844 1566 5912 praedecessoris
1612 5854 1807 5921 nostri,
1840 5868 1962 5924 quae
1992 5857 2130 5917 inci.

2267 583 2578 651 apostolicis
2629 584 2679 639 in
2708 586 3039 642 contrarium
3078 602 3426 658 nequaquam
3458 588 3812 663 obstantibus;

2264 671 2441 735 vobis,
2488 684 2542 728 et
2570 676 2775 731 eisdem
2798 678 3229 743 successoribus,
3278 680 3609 735 auctoritate
3629 693 3816 752 aposto-

2264 762 2389 830 lii-a,
2421 766 2487 821 de
2514 766 2733 838 speciali
2764 769 2959 841 gratia,
3004 780 3190 829 tenore
3224 776 3580 844 praesentium
3611 775 3818 847 indulge-

2265 871 2401 912 "ills.

2339 967 2357 1000 ι
2396 946 2533 1004 Nulli
2576 965 2706 1022 ergo
2733 953 2954 1009 omnino
2982 956 3263 1012 hominum
3308 958 3470 1014 liceat
3522 958 3665 1014 hanc
3689 960 3815 1033 pagi-

2264 1058 2386 1098 nam
2428 1053 2629 1101 nostne
2678 1050 3045 1106 concessionis
3092 1051 3413 1123 infringere,
3461 1052 3547 1107 vel
3603 1052 3652 1108 ei
3709 1068 3821 1110 ausu

2271 1140 2561 1194 temerario
2586 1144 2879 1198 contraire.
2911 1143 2967 1199 Si
3017 1146 3139 1215 quis
3196 1158 3376 1202 autem
3428 1148 3533 1204 hoc
3574 1156 3819 1206 attentare

2262 1231 2691 1301 praesumpserit,
2735 1234 3159 1303 indignationem
3216 1239 3610 1309 omnipotentis
3633 1240 3744 1305 Dei,
3781 1251 3825 1297 et

2262 1322 2543 1378 beatorum
2569 1323 2717 1380 Petri
2747 1336 2803 1383 et
2838 1326 2989 1385 Pauli
3013 1330 3382 1401 apostolorum
3406 1331 3547 1402 ejus,
3576 1348 3636 1388 se
3680 1348 3821 1389 nore-

2262 1414 2333 1470 rit
2364 1415 2726 1473 incursurum.

2328 1529 2488 1601 611
2533 1549 2552 1583 ι
2598 1530 2792 1588 Datum
2848 1535 2986 1605 apud
3041 1534 3303 1594 Sanctum
3350 1537 3649 1596 Antonium
3701 1547 3827 1598 extra

2260 1635 2445 1678 muros
2476 1621 3108 1691 Florentinos,Kalendis
3132 1624 3476 1699 Novembris,
3503 1633 3828 1703 pontificatus

2261 1714 2431 1769 nostri
2455 1732 2598 1772 anno
2628 1730 2840 1787 quarto.
2891 1740 2910 1775 ι

2329 1808 2576 1864 Castrum
2599 1810 2663 1865 de
2683 1810 2955 1886 Gondray,
2984 1816 3073 1872 tibi
3118 1831 3237 1873 sese
3284 1819 3452 1873 abbas
3488 1834 3555 1874 ac
3600 1820 3826 1876 monachi

2256 1910 2590 1971 receperant,
2639 1904 2820 1977 Angli,
2862 1916 2916 1961 et
2957 1908 3047 1977 qui
3089 1926 3116 1962 a
3171 1911 3419 1979 partibus
3456 1912 3695 1981 ipsorum
3739 1923 3828 1968 sta-

2251 1992 2707 2065 bantBurgnndi,
2754 1997 3015 2067 prodente
3058 1999 3219 2057 Petro
3268 1993 3704 2074 de'Villequaiu,
3756 2004 3826 2060 cui

2252 2086 2602 2140 commissum
2635 2085 2834 2155 fuerat,
2876 2093 3116 2160 capiunt,
3156 2093 3533 2165 diripiuntque
3577 2094 3824 2162 universa,

2251 2177 2537 2247 syntheses
2575 2189 2686 2233 tum
2711 2195 2916 2248 sacras,
2948 2190 3063 2237 tum
3099 2184 3386 2255 profanas,
3442 2186 3639 2253 libros,
3689 2188 3823 2243 char-

2249 2278 2354 2334 tas,
2386 2279 2439 2324 et
2462 2281 2657 2327 cetera
2691 2272 2742 2328 id
2768 2290 2955 2345 genus.

2317 2363 2511 2420 Munus
2560 2382 2714 2421 suum
2751 2367 2993 2437 implevit
3046 2378 3105 2425 et
3154 2372 3396 2428 excessit
3426 2372 3747 2430 Eustachius
3770 2370 3824 2443 Υ,

2248 2453 2365 2510 Kal.
2401 2456 2554 2526 Sept.
2586 2458 2743 2513 1415.

2318 2568 2558 2624 XXXVI.
2611 2570 2849 2628 Joannes
2905 2574 2970 2630 V.
3044 2573 3181 2631 Cum
3247 2576 3451 2632 multas
3509 2578 3826 2637 calamitates

2248 2660 2436 2718 fuisset
2489 2663 2720 2721 triennio
2765 2676 2987 2738 pr0pter
3036 2669 3269 2725 militum
3301 2673 3682 2740 grassationes
3714 2692 3826 2747 per-

2244 2770 2455 2825 pessus,
2484 2758 2737 2830 migravit
2759 2776 2787 2814 a
2815 2761 2924 2816 vita
2954 2777 3095 2817 anno
3119 2764 3333 2819 Domini
3366 2765 3537 2823 HIS.

2319 2869 2580 2927 XXXVII.
2602 2872 2839 2930 Joannes
2870 2877 2957 2942 VI,
2988 2876 3036 2932 le
3064 2876 3288 2945 Veneur,
3311 2880 3626 2950 probitatis,
3647 2883 3832 2939 doctrio

2246 2978 2435 3033 meque
2458 2964 2599 3019 fama
2618 2966 3033 3024 illustris.Anno
3066 2974 3554 3040 reparataa'salutis
3577 2975 3723 3041 1‘56,
3749 2976 3828 3031 sui

2248 3055 2632 3127 regiminis,58,
2653 3060 3021 3130 tranquilliora
3046 3062 3342 3131 praeferens
3368 3065 3515 3120 ultro
3544 3080 3603 3121 se
3625 3081 3833 3123 munere

2249 3146 2538 3215 abdicavit,
2571 3157 2627 3204 et
2673 3151 2799 3205 illud
2831 3152 2990 3207 Petro
3017 3152 3203 3208 Sancti
3237 3154 3609 3226 Vandregesili
3653 3165 3832 3212 ascen:

2172 3229 2219 3292 C
2250 3240 2552 3305 commisit;
2598 3256 2661 3296 ac
2709 3250 2831 3312 post
2875 3245 3217 3314 septennium
3246 3260 3300 3300 tv
3329 3245 3451 3302 Kal.
3491 3245 3653 3302 Febr.
3675 3245 3825 3314 1462,

2251 3330 2320 3386 ab
2340 3332 2652 3388 hominibus
2672 3333 3014 3407 demigravit.

2322 3443 2609 3499 XXXVIII.
2642 3444 2837 3500 Petrus
2865 3446 2950 3511 ιιι,
2996 3447 3324 3517 cognomine
3360 3448 3579 3515 Aubert,
3622 3462 3720 3520 per
3752 3449 3833 3504 de-

2247 3540 2485 3596 cessoris
2514 3540 2597 3594 sui
2626 3538 2954 3604 cessionem,
2984 3541 3151 3596 totius
3181 3543 3627 3614 congregationis
3654 3557 3834 3613 appro-

2248 3632 2468 3688 batione
2492 3632 2853 3701 gubernacula
2882 3634 3199 3688 monasterii
3236 3636 3498 3705 suscepit,
3538 3636 3833 3706 multosque

2247 3721 2484 3789 labores,
2527 3739 2635 3794 quo
2663 3726 3080 3781 restituerentur
3109 3729 3480 3797 possessiones
3530 3729 3581 3784 vi
3628 3728 3833 3793 ablatae,

2249 3824 2358 3871 tota
2389 3830 2559 3886 prope
2580 3815 3073 3873 administrationis
3106 3828 3424 3889 tempestate
3453 3820 3729 3875 sustinuit.

2316 3907 2422 3963 Iste
2445 3908 2735 3977 prolixam,
2759 3924 2923 3980 quam
2939 3909 3094 3965 initio
3116 3910 3343 3979 hujusce
3362 3910 3682 3981 (lompendii
3707 3925 3836 3980 pra:-

2247 4000 2499 4070 tulimus,
2552 4017 2582 4057 a
2633 4002 2841 4060 Joanne
2898 4005 3308 4062 Belvacensium
3359 4006 3599 4076 praesule
3655 4007 3834 4062 habuit

2246 4094 2525 4162 Schedatn,
2559 4097 2642 4151 sui
2666 4097 2945 4170 regiminis
2974 4114 3116 4154 anno
3139 4098 3228 4154 46.
3256 4098 3393 4156 Vitae
3415 4101 3667 4172 corporis
3682 4104 3835 4157 linem

2247 4188 2474 4258 imponit
2500 4188 2534 4245 4
2558 4188 2893 4260 Decembris,
2921 4207 3043 4247 terte
3071 4192 3392 4249 Christiana:
3422 4194 3582 4250 1500.

2319 4300 2560 4357 XXXIX.
2593 4302 2768 4360 Guido
2796 4305 2860 4360 de
2900 4304 3108 4361 Villiers
3135 4308 3201 4361 de
3247 4306 3622 4377 “sle-Adam,
3672 4307 3835 4366 nobili

2247 4395 2418 4466 stirpe
2439 4407 2760 4466 procreatus
2792 4416 2807 4452 :
2849 4400 2943 4469 qui
2970 4399 3196 4455 ferendo
3229 4402 3386 4457 oneri
3428 4401 3532 4457 fuit
3583 4402 3672 4457 his
3710 4401 3836 4473 ipsis

2247 4488 2509 4545 bellorum
2564 4492 2994 4563 tempestatibus,
3041 4494 3244 4565 quique
3289 4505 3349 4550 ut
3408 4497 3590 4551 omnia
3641 4511 3837 4566 susque

2174 4598 2221 4655 ι)
2250 4580 2423 4651 deque
2447 4582 2635 4638 habita
2678 4584 2728 4638 in
2757 4584 3041 4655 pristinam
3075 4588 3442 4659 integritatem
3469 4598 3704 4655 asseret,
3733 4588 3837 4645 Deo

2247 4676 2588 4745 providente,
2620 4676 2857 4749 eligitur.
2910 4680 3196 4750 Dispersos
3248 4682 3546 4738 monachos
3598 4691 3833 4745 revocat,

2247 4769 2625 4827 subministrat
2648 4773 2827 4829 vietus
2864 4775 3191 4829 necessaria.
3229 4776 3513 4847 Templum
3542 4778 3834 4839 instaurat,

2247 4875 2513 4932 sacraque
2572 4863 2890 4934 supellectili
2936 4868 3188 4922 adornat.
3243 4866 3451 4938 Totque
3503 4868 3728 4924 demum
3775 4881 3836 4921 ac

2246 4959 2395 5007 tanta
2430 4953 2593 5009 eﬂicit
2623 4966 2809 5025 pastor
2834 4958 3072 5028 Optimus
3104 4960 3237 5031 ipse,
3266 4961 3343 5016 uti
3386 4962 3533 5017 haud
3563 4959 3837 5016 immerito

2245 5046 2629 5100 restauratoris
2653 5063 2847 5104 nomen
2879 5050 3105 5120 adipisci
3144 5061 3438 5107 mereatur.

2315 5137 2557 5194 Tandem
2580 5150 2702 5210 post
2727 5143 3031 5199 exantlatos
3050 5144 3104 5198 in
3133 5145 3478 5202 resarciendo
3502 5145 3836 5204 monasterio

2239 5226 2646 5301 jugeslabores,
2674 5233 2740 5287 ad
2764 5250 2989 5305 superos
3006 5247 3262 5291 evocatur
3288 5239 3618 5294 venerabilis
3638 5239 3829 5303 Guido,

2244 5332 2407 5395 atque
2430 5325 2619 5379 dextra
2643 5326 2792 5381 chori
2826 5340 2980 5397 parte
3006 5327 3322 5395 funeralur;
3366 5329 3521 5400 cujus
3543 5326 3834 5402 sepulcrali

2244 5418 2405 5488 lapidi
2431 5418 2753 5491 insculptum
2793 5420 3045 5493 efﬁgiem,
3078 5438 3181 5478 una
3222 5438 3457 5495 sequens
3502 5424 3833 5495 epitaphium

2242 5512 2556 5581 prospicere
2580 5528 2659 5569 est
2682 5532 2696 5568 :

2386 5645 2488 5719 Hic
2511 5648 2665 5719 jacet
2681 5647 3015 5706 Reverendus
3042 5652 3095 5706 in
3108 5651 3316 5708 Christo
3333 5650 3498 5709 Pater
3522 5652 3763 5709 Damnata

2313 5714 2484 5789 Graiae
2511 5714 2593 5773 'de
2633 5718 2815 5775 Vitlers
2856 5722 2920 5776 de
2953 5722 3326 5789 I‘Isle-Adam,
3376 5726 3666 5780 monachus
3715 5733 3765 5778 et

2312 5788 2473 5842 abbas
2530 5790 2689 5865 hujus
2743 5794 2990 5865 canopii,
3040 5796 3131 5865 qui
3187 5795 3310 5849 obiit
3355 5813 3497 5851 anno
3548 5794 3766 5851 Domini

2312 5878 2572 5927 noxxxvr,
2606 5862 2688 5916 die
2710 5877 2845 5919 mn
2870 5862 3375 5937 Jtmt't'.'Requiescat
3403 5870 3461 5923 in
3484 5883 3627 5924 nuce.
