4032 6336
635 355 778 416 14οπ

1621 342 1712 401 ΔΒ
1741 337 1890 398 ΟΡΡ.
1935 329 2092 394 YEN.
2131 329 2459 388 GUlBEliTl
2481 334 2570 392 DE
2610 333 3007 396 NOVIGENTO

3725 348 3825 406 illi!

563 499 570 519 .-
634 471 718 530 Ea
748 465 1091 526 facultatibus
1116 463 1232 520 suis
1262 475 1459 534 magna
1485 475 1550 518 ex
1581 469 1736 532 parte
1766 458 1818 514 in
1845 471 2134 530 pauperes,
2177 465 2232 514 et
2259 461 2311 524 Α
2339 473 2370 513 a
2429 465 2502 525 te,
2547 457 2764 514 domina
2831 442 3166 514 Jauseranna
3217 462 3532 534 supradicta,
3570 477 3828 536 unum

639 563 892 636 pupillos,
935 568 994 616 et
1038 557 1298 614 ecclesias
1345 555 1604 628 erogatis,
1655 553 1978 624 contemptis
2035 551 2226 607 mundi

639 657 872 728 pompis,
906 653 1260 722 Novigentum
1292 651 1460 719 venit,
1501 661 1661 719 atque
1688 648 1797 702 illic
1837 649 1888 702 in
1925 647 2090 702 multa
2132 662 2230 716 pu-

642 751 806 804 ritate
835 759 889 804 et
915 747 1202 804 sanctitate
1228 745 1390 799 vitam
1421 745 1548 815 egit.
1570 762 1588 796 ι
1621 742 1756 797 Dum
1781 741 1988 796 scilicet
2015 740 2230 797 abbatis

644 857 872 898 munere
901 840 1216 912 fungeretur
1265 847 1486 894 sanctus
1527 835 1871 893 Godcfridus.
1919 833 2230 890 Chronicon

645 935 920 992 Beccense
963 935 1015 989 in
1067 934 1218 989 calce
1271 931 1507 1002 Operum
1553 929 1613 985 B.
1655 928 1967 994 Lanfranci,
1996 927 2062 982 ad
2101 944 2230 984 ann.

649 1028 789 1085 1089
824 1047 837 1084 :
875 1048 894 1081 ς
930 1029 1197 1098 Tempore
1231 1026 1408 1080 sancti
1441 1022 1681 1078 Anselmi
1708 1021 1919 1077 abbatis
1941 1022 2094 1076 Becci
2123 1030 2234 1076 tres

648 1132 916 1180 matronae
945 1121 1154 1176 nobiles
1186 1119 1450 1173 dederunt
1471 1132 1531 1171 se
1555 1117 1606 1170 in
1633 1114 2028 1184 subiectionem
2051 1113 2232 1184 Becci,

649 1217 907 1274 videlicet
941 1213 1138 1270 Basilio
1188 1227 1327 1267 uxor
1353 1210 1592 1280 [ingenis
1624 1210 1690 1265 de
1718 1211 1988 1276 Gornaco,
2016 1221 2072 1265 et
2104 1211 2235 1264 Am-

649 1309 792 1366 frida
828 1307 1005 1382 neptis
1049 1303 1216 1373 ipsius
1262 1303 1507 1372 Basiliae,
1544 1313 1598 1356 et
1639 1302 1746 1355 Eva
1779 1317 1917 1355 uxor
1963 1299 2236 1356 Guillelmi

651 1400 909 1470 Crispini,
949 1417 967 1450 ι
998 1407 1103 1453 ete.
1131 1397 1281 1464 Quod
1323 1410 1449 1450 vero
1479 1394 1643 1448 refert
1668 1392 2240 1464 GilbertusCriSpinus

653 1493 709 1548 in
739 1493 845 1546 vita
883 1490 1024 1546 beati
1053 1487 1291 1543 llerluini
1329 1503 1450 1558 pag.
1494 1485 1563 1540 55
1593 1488 1738 1556 (post
1766 1486 2070 1542 Chronicon
2101 1487 2238 1542 860-.

654 1587 840 1655 cense)
882 1601 986 1638 non
1017 1595 1169 1654 potes
1199 1596 1300 1636 non
1349 1580 1535 1635 mirari
1571 1599 1583 1635 :
1625 1601 1642 1632 ‹
1679 1579 1854 1636 Simili
1881 1595 1940 1634 se
1967 1579 2118 1642 inibi,
2151 1580 2238 1633 itt-

653 1679 792 1747 quit.
831 1686 1052 1747 propter
1089 1677 1254 1731 Deum
1288 1674 1534 1728 servituti
1568 1673 1762 1728 nobilis
1790 1682 1964 1728 mater
2005 1671 2125 1742 eius
2151 1672 2236 1743 (Β.

651 1767 920 1837 llerluiui)
952 1767 1160 1822 addixit
1201 1774 1254 1820 et
1288 1765 1566 1820 concessis
1603 1766 1709 1818 Deo
1741 1763 1959 1834 pricdiis
1987 1780 2105 1833 qua:
2151 1763 2242 1818 ha-

651 1967 863 2022 pannos
889 1951 1136 2016 abluens,
1177 1960 1232 2005 et
1279 1949 1540 2020 quidquid
1593 1947 1976 2018 injungcbatur
2012 1947 2243 2004 extremi

654 2043 836 2113 operis
883 2041 1295 2098 accuratissime
1355 2055 1542 2111 agens.
1595 2059 1612 2092 ι
1685 2038 1782 2094 llis
1831 2055 1938 2094 non
1997 2039 2244 2096 absimile

654 2132 980 2203 alteropost
1017 2131 1214 2186 saeculo
1261 2129 1462 2184 factum
1505 2127 1857 2184 Jauserauute
1907 2129 2244 2185 nobilissimo

655 2224 776 2280 loco
803 2235 964 2291 natae,
991 2223 1078 2278 hic
1114 2223 1166 2277 in
1203 2222 1441 2294 gratiam
1493 2220 1832 2292 antiquitatis
1875 2221 2245 2277 studiosorum

655 2318 906 2387 adjiciam
936 2336 948 2371 :
1015 2363 1018 2368 .

725 2413 954 2485 613.1
998 2409 1185 2467 Sciant
1215 2420 1510 2484 priesentes
1537 2418 1592 2464 et
1620 2410 1832 2468 discant
1860 2408 2244 2482 posteri,quod

659 2522 802 2561 anno
828 2506 1222 2564 lncarnationis
1255 2505 1547 2560 Dominicac
1572 2505 1732 2570 12:25,
1773 2519 1956 2560 mense
1999 2504 2121 2558 Maii
2167 2521 2244 2560 xu

657 2599 930 2656 Kalendas
951 2599 1119 2663 Junii,
1147 2601 1255 2670 Ego
1303 2597 1638 2661 Jauscranua
1686 2599 1795 2654 ﬁlia
1831 2601 2103 2668 quondam
2141 2601 2247 2653 Do-

660 2697 794 2754 mini
844 2695 1116 2751 Guillelmi
1147 2697 1213 2750 de
1243 2695 1589 2758 Medullione,
1617 2710 1755 2749 uxor
1803 2695 2074 2762 quondam
2113 2695 2248 2749 Ber-

663 2787 813 2842 nardi
845 2787 912 2842 de
937 2787 1140 2843 Sancto
1172 2787 1488 2848 Saturnino,
1521 2785 1710 2841 dedico
1735 2787 1995 2855 meipsam
2031 2786 2155 2846 Deo.
2192 2791 2248 2840 et

661 2881 997 2936 monasterio
1028 2879 1214 2934 Sancti
1257 2879 1512 2946 Andreae,
1546 2888 1601 2932 et
1642 2879 1886 2934 ecclesite
1930 2879 2071 2934 beati
2103 2878 2247 2934 Lauo

662 2969 821 3026 rentii
855 2971 920 3024 de
949 2969 1202 3034 Barreto;
1237 2979 1292 3023 et
1321 2983 1418 3038 pro
1444 2967 1619 3023 salute
1651 2969 1844 3023 anima:
1876 2983 2029 3035 metu,
2061 2977 2118 3024 et
2155 2984 2252 3038 pa-

663 3071 877 3118 rentum
923 3076 1190 3129 ineorum,
1222 3061 1364 3116 dono
1387 3069 1438 3114 et
1471 3059 1641 3115 otl’ero
1675 3060 1850 3114 eidem
1891 3061 2246 3127 monasterio,

2335 553 2520 608 Sancti
2546 553 2802 616 Andreae,
2833 560 2888 606 et
2937 553 3208 623 praedictae
3251 557 3484 614 ecclesia:
3532 560 3694 619 Sancti
3732 568 3828 626 Lau-

2335 648 2495 703 rentii
2530 648 2792 718 approbo,
2820 659 2874 705 et
2900 649 2951 703 in
2984 657 3300 720 perpetuum
3328 649 3513 720 laudo;
3542 665 3592 711 et
3610 657 3824 732 conﬁrmo,

2335 741 2461 796 ﬁliis
2488 742 2594 798 tuis
2622 742 2672 796 in
2705 743 2998 812 praesentia
3031 760 3152 800 mea
3183 746 3506 804 constitutis.
3537 747 3609 803 Ad
3633 753 3826 821 majorem

2335 833 2655 888 memoriam
2687 831 2768 888 rei
2797 843 2851 889 et
2879 835 3048 890 robur
3097 835 3152 890 in
3205 846 3366 893 antea
3408 838 3686 904 valiturum.
3727 846 3826 905 hanc

2331 928 2583 984 chartam
2613 925 2719 984 feci
2761 927 2919 1000 sigilli
2946 929 3048 985 mei
3089 931 3393 988 munimine
3421 931 3826 996 roborari.Etoni-

2337 1035 2435 1077 nes
2464 1036 2562 1077 nos
2607 1017 2806 1079 fratres
2848 1023 3114 1092 praedicti,
3145 1022 3239 1078 ﬁlii
3291 1022 3518 1081 domina
3561 1025 3828 1089 Jauseraane

2338 1112 2632 1191 praedictae,
2667 1121 2735 1176 de
2779 1117 3038 1173 mandato
3065 1115 3236 1189 ipsius
3274 1117 3416 1172 haue
3461 1117 3678 1174 chartam
3716 1123 3828 1178 dona-

2342 1214 2506 1270 tionis
2545 1227 2637 1270 seu
2675 1211 2966 1268 oblationis
3010 1210 3284 1282 prredicue
3329 1209 3484 1283 sigilli
3521 1213 3668 1269 nostri
3709 1218 3828 1274 muni-

2341 1310 2488 1366 mine
2534 1311 2876 1366 roboramus.
2919 1307 3116 1362 Actum
3143 1315 3227 1362 est
3263 1305 3369 1361 hoc
3417 1307 3591 1361 subtus
3621 1307 3828 1366 ecclesiam

2340 1403 2485 1458 beati
2538 1400 2821 1456 Laurentii
2872 1399 2924 1455 in
2957 1408 3113 1471 prato
3166 1399 3338 1469 ipsius
3367 1396 3615 1461 ecclesiae,
3641 1412 3828 1469 praesente

2344 1494 2562 1549 domino
2601 1491 2956 1565 Raymbaudo
2997 1489 3062 1546 de
3087 1485 3304 1552 Kalma,
3336 1497 3390 1543 et
3416 1486 3608 1544 Joanne
3631 1493 3684 1543 de
3707 1491 3828 1545 Andu-

2342 1587 2444 1654 sia,
2474 1585 2789 1641 monasterii
2827 1568 3032 1639 Sancti-
3051 1583 3281 1638 Andrei}:
3311 1583 3571 1650 operario,
3601 1580 3828 1638 ctB.Laur-

2344 1681 2496 1751 gerio
2524 1680 2704 1749 priore
2739 1680 2805 1732 de
2833 1677 3010 1741 Saltu,
3048 1685 3105 1732 et
3151 1676 3446 1739 Bainardo,
3476 1685 3524 1729 et
3553 1673 3724 1731 Joanne
3745 1677 3827 1731 Ber-

2303 1789 2306 1792 ’
2348 1773 2538 1821 [rando
2575 1771 2880 1821 monachis.
2913 1769 3137 1821 anone
3177 1769 3248 1821 de
3295 1769 3450 1821 Pint).
3498 1769 3554 1821 ii:

653 1768 920 1837 llerluiui)
952 1768 1160 1822 addixit
1201 1774 1254 1820 et
1288 1768 1566 1820 concessis
1603 1768 1709 1818 Deo
1741 1768 1959 1834 pricdiis
1987 1780 2105 1833 qua:
2151 1768 2242 1818 lia-
2303 1789 2306 1792 ~
2348 1773 2538 1828 iramto
2575 1771 2880 1836 monachis,
2913 1769 3137 1840 Hugone
3177 1769 3248 1825 de
3295 1768 3450 1838 Pino,
3498 1768 3770 1844 Raymundo,
3795 1783 3828 1828 ει

653 1857 836 1924 hem“,
869 1857 1080 1912 εποίηῖὲ
1130 1857 1452 1927 ΐυιιεθὺέδιυι·
1497 1855 1694 1919 οίῖῖείθτ
1741 1855 2094 1910 δεννίθίπῑῖιηη
2131 1855 2242 1909 Πίὲο
2275 1831 2317 1890 Β
2349 1865 2618 1922 Willeltno
2645 1865 2711 1922 de
2757 1865 2890 1921 Pino
2930 1863 3214 1927 fratribus,
3262 1857 3556 1920 Bertranno
3580 1863 3637 1918 de
3678 1863 3825 1927 Pennis,

2349 1865 2618 1922 Willelmo
2645 1865 2711 1922 de
2757 1865 2890 1921 Pino
2930 1863 3214 1932 fratribus,
3262 1857 3556 1920 Bertranno
3580 1863 3637 1918 de
3678 1863 3825 1930 Pennis,

2349 1959 2541 2024 milite,
2582 1977 2600 2010 ι
2647 1967 2758 2014 etc.

2421 2054 2486 2126 Et
2525 2053 2626 2107 hoc
2651 2051 2871 2122 quidem
2910 2057 3328 2104 monumentum
3358 2046 3730 2119 chartopliylacii
3767 2049 3826 2103 ab-

2347 2143 2510 2204 batia:
2563 2146 2747 2201 Sancti
2796 2145 3027 2200 Andreae
3079 2157 3239 2198 secus
3297 2139 3627 2204 Avertiouem,
3669 2141 3826 2195 DnliiftllS

2347 2239 2606 2296 Claudius
2632 2231 2934 2294 Chanteiou
2977 2237 3178 2293 sodalis
3211 2251 3387 2300 meus,
3431 2235 3503 2290 rei
3530 2234 3721 2302 antique
3737 2235 3825 2302 ptri-

2352 2344 2440 2388 tus
2466 2333 2770 2404 indagator,
2796 2334 2921 2387 dum
2958 2332 3040 2387 his
3075 2333 3129 2387 iu
3161 2333 3474 2405 regionibus
3499 2338 3676 2404 ageret,
3700 2341 3823 2384 excer-

2348 2429 2475 2500 psit,
2506 2427 2746 2498 mihique
2773 2431 2945 2483 amiee
2964 2429 3260 2500 suggessit.

2423 2521 2516 2591 (⁸³)
2557 2521 2686 2576 CAP.
2716 2519 2852 2574 XIV.
2883 2549 2952 2561 -—
2979 2519 3048 2574 Et
3073 2519 3308 2574 sittulari
3347 2515 3619 2588 partusuris
3638 2512 3824 2580 incorrigi-

2353 2615 2541 2668 bilibtts
2565 2615 2843 2667 terebrato.
2874 2612 2986 2668 lioc
3003 2624 3083 2668 est
3109 2613 3322 2676 calceo,
3356 2613 3466 2667 sive
3494 2609 3660 2664 calceis
3679 2607 3822 2660 omnino

2353 2707 2564 2761 detritis
2595 2707 2861 2764 utebatur.
2900 2704 3259 2761 Partusuratu
3282 2714 3459 2760 autent
3483 2701 3556 2759 vel
3582 2710 3822 2773 pertusnmm

2354 2816 2383 2854 a
2412 2800 2874 2874 verbopertuudo
2914 2799 3151 2854 derivari
3181 2799 3435 2868 conjicio.
3481 2797 3678 2853 Sanctus
3712 2792 3822 2860 [loge-

2355 2895 2466 2950 rius
2503 2896 2670 2949 abbas
2699 2895 2916 2949 Etlantii
2970 2895 3022 2948 in
3063 2893 3214 2949 hunc
3251 2893 3465 2949 inodum
3503 2903 3608 2945 sese
3642 2885 3821 2958 gerebat:

2359 3009 2378 3043 ι
2439 2988 2716 3045 Sotulai‘cs
2781 2988 2964 3046 tandiu
3022 2989 3348 3059 frequenter
3400 2986 3624 3058 portabat
3665 2980 3821 3038 ioratos,

2355 3085 2527 3137 donec
2550 3091 2790 3137 stramen
2823 3097 2919 3153 per
2948 3082 3126 3138 soleas
3145 3083 3350 3137 exiret.
3389 3099 3407 3133 ι
3439 3079 3556 3149 Ejus
3577 3077 3682 3129 Acta
3709 3067 3822 3139 capi

661 3165 718 3212 et
747 3155 919 3210 eidem
949 3154 1192 3256 ecclesia:
1215 3154 1400 3255 Sancti
1425 3150 1704 3257 Laurentii
1727 3155 2074 3257 uitandam-de
2093 3154 2251 3256 bonis
2279 3196 2325 3257 Β
2357 3175 2424 3231 ad
2455 3177 2595 3232 diem
2648 3175 2682 3230 4
2714 3150 2955 3230 ιηηίωήί
2987 3178 3128 3246 apud
3161 3173 3498 3229 Bollandum
3528 3170 3593 3224 De
3631 3168 3709 3221 hac
3741 3175 3823 3214 me

665 3249 804 3303 meis
830 3246 1092 3317 paternis,
1123 3243 1314 3314 positis
1340 3244 1392 3298 in
1424 3253 1607 3298 castro
1635 3244 1700 3300 de
1726 3244 1951 3300 Barreto
1981 3244 2248 3310 inferiori,

667 3339 824 3411 intus
859 3347 913 3400 et
951 3347 1128 3404 extra,
1176 3342 1369 3389 czetera
1399 3334 1525 3390 filiis
1569 3336 1704 3390 meis
1733 3336 2044 3404 relinquens
2094 3335 2156 3390 Β.
2197 3344 2253 3390 et

664 3431 758 3486 W.
782 3441 838 3484 et
862 3430 922 3484 Β.
949 3438 1162 3500 Sponte,
1197 3443 1304 3482 non
1331 3437 1542 3497 coacta,
1568 3444 1672 3484 non
1697 3429 2044 3484 suasionibus
2081 3429 2252 3484 alicu-

661 3523 773 3594 jus,
803 3521 888 3577 vel
933 3523 1237 3592 aliquorum
1287 3522 1531 3586 seducta,
1571 3535 1726 3590 pure,
1759 3531 1815 3575 et
1861 3520 1978 3575 sine
2013 3534 2252 3574 conven-

671 3613 816 3668 tione
847 3622 900 3668 et
918 3613 1227 3668 conditione
1253 3612 1454 3683 aliqua,
1509 3611 1561 3665 in
1608 3621 1927 3682 perpetuum
1962 3611 2253 3666 donatione

671 3703 1012 3760 irrevocabili
1043 3704 1204 3758 facta.
1243 3701 1411 3767 Dono,
1440 3703 1686 3772 inquam,
1712 3711 1917 3772 septem
1943 3702 2254 3758 mansiones

671 3797 974 3863 hominum,
992 3806 1046 3852 et
1073 3811 1260 3850 eorum
1284 3810 1656 3850 successorum
1691 3804 1746 3850 et
1765 3795 1913 3865 ipsos
1942 3794 2209 3850 homines.
2230 3813 2250 3847 ι

673 3888 742 3943 Et
785 3887 904 3942 aliis
931 3887 1270 3957 interiectis:
1305 3906 1323 3936 ι
1355 3886 1486 3953 Quae
1516 3884 1701 3938 omnia
1736 3885 1983 3954 superius
2010 3885 2175 3954 dicta,
2203 3894 2259 3941 et

675 3981 978 4046 nominata,
1000 3979 1242 4050 praedicti
1271 3981 1465 4033 t'ratres
1495 3977 1587 4032 filii
1617 3977 1887 4046 praedictae
1911 3976 2260 4035 Jauseraunaa

674 4075 1044 4146 promiserunt
1076 4073 1148 4128 ita
1197 4072 1510 4139 attendere,
1557 4085 1798 4136 servare,
1838 4081 1892 4127 et
1931 4083 2122 4130 contra
2153 4074 2259 4130 ullo

673 4178 920 4238 tempore
951 4185 1056 4228 non
1089 4167 1276 4224 venire
1305 4168 1504 4220 domno
1532 4165 1840 4222 Bernmndo
1861 4167 2042 4223 abbati
2071 4166 2260 4224 Sancti

607 4323 610 4326 ,
669 4263 922 4328 Andreae,
955 4272 1010 4317 et
1036 4261 1202 4333 priori
1234 4259 1480 4316 ecclesiae
1519 4259 1677 4313 dictae
1708 4258 1893 4314 Sancti
1945 4259 2258 4327 Laurentii;

672 4365 729 4413 et
761 4357 918 4412 tactis
947 4357 1310 4411 sacrosanctis
1339 4353 1643 4424 Evangeliis
1687 4351 2028 4420 iuraverunt.
2063 4355 2131 4410 Et
2179 4355 2260 4410 iu-

675 4463 839 4520 super
864 4461 964 4516 ego
993 4447 1325 4504 Jauserannu
1353 4446 1610 4515 preedicta
1641 4444 2260 4516 professionememilto,

677 4550 731 4598 et
763 4557 848 4595 me
877 4542 1105 4612 imperio
1127 4548 1181 4594 et
1213 4539 1680 4636 mandato-domui
1703 4538 1996 4636 B_ermundi
2029 4541 2260 4608 abbatis,
2299 4558 2344 4612 ι)

676 4638 733 4688 et
766 4632 884 4700 ejus
917 4630 1326 4686 successoribus
1357 4629 1608 4697 subjicio,
1640 4636 1695 4682 et
1732 4629 1784 4682 in
1814 4646 1974 4684 manu
2005 4631 2260 4699 Calverii,

679 4723 746 4776 de
775 4722 1029 4784 mandato
1057 4721 1226 4789 ipsius
1259 4721 1443 4774 domui
1484 4719 1724 4784 abbatis,
1769 4735 1856 4775 me
1886 4709 2096 4790 absone
2140 4737 2266 4791 pro-

679 4817 798 4886 prio
827 4815 1008 4868 virere
1034 4815 1320 4883 promitto;
1355 4813 1678 4884 promittens
1701 4814 1864 4870 etiam
1888 4829 1974 4869 me
2007 4815 2266 4870 obedien-

683 4913 814 4967 tiam
861 4920 920 4966 ut
973 4909 1362 4964 continentiam
1405 4919 1670 4979 quantum
1720 4908 2032 4978 permiserit
2085 4908 2268 4964 divina

681 5005 875 5076 gratia,
905 5011 1246 5059 servaturum
1277 5018 1290 5056 :
1325 5009 1378 5055 et
1422 5001 1664 5056 habitum
1696 4997 2068 5057 monachalem
2098 5002 2268 5057 susci-

681 5097 793 5167 pio,
849 5103 908 5149 et
949 5092 1184 5163 quandiu
1237 5091 1445 5158 vixero,
1499 5091 1796 5146 secundum
1850 5091 2089 5161 regulam
2125 5092 2269 5148 beati

682 5188 959 5244 Benedicti
995 5188 1178 5242 vivere
1226 5185 1505 5256 promitto,
1555 5192 1612 5240 et
1653 5186 1878 5255 tempori
1933 5184 2269 5257 probationis

683 5281 954 5337 renuntio.
1185 5352 1192 5359 .

767 5393 785 5424 ι
832 5373 900 5428 Ει
928 5389 1028 5444 ego
1067 5372 1407 5428 Bermundus
1437 5373 1606 5428 abbas
1637 5371 1929 5442 praedictus
1983 5369 2271 5442 professio-

685 5478 811 5519 nem
835 5480 863 5518 a
897 5475 971 5529 te,
1011 5463 1373 5530 Jauscranna,
1403 5465 1658 5519 emissam
1687 5463 1910 5534 recipio,
1935 5472 1986 5518 et
2031 5463 2122 5518 tibi
2153 5479 2268 5520 mo-

687 5555 968 5622 nachalem
996 5555 1238 5610 habitum
1267 5557 1528 5610 concedo.

766 5663 786 5697 ι
837 5645 900 5698 Ει
931 5659 1031 5716 ego
1067 5644 1454 5717 liayinbaudus
1483 5645 1549 5704 de
1579 5645 1770 5702 Kalma
1811 5644 1980 5714 major
2025 5644 2274 5701 dominus
2375 5644 2624 5712 piuscule
2659 5644 2773 5694 suis
2801 5644 2855 5692 in
2887 5644 3109 5704 scriptis
3138 5644 3383 5686 tacessua
3412 5644 3502 5678 sun
3537 5644 3687 5717 [cpi-«2r

598 5804 606 5812 _
691 5740 856 5797 castri
885 5740 952 5793 de
980 5740 1204 5794 Barreto
1229 5739 1498 5804 inferiori,
1533 5740 1878 5796 donationem
1921 5756 2016 5795 seu
2044 5739 2277 5796 oblatio-
2379 5735 2450 5789 tia
2481 5750 2496 5786 :
2531 5731 2870 5804 potissimum
2899 5742 3028 5784 vero
3056 5725 3109 5782 id
3153 5723 3306 5780 initio
3330 5717 3564 5812 cujusque

2355 3265 2632 3334 salutaris,
2664 3267 2813 3322 varie
2844 3267 3138 3336 scriptores
3166 3277 3182 3318 τ
3234 3264 3450 3335 quidam
3499 3255 3740 3315 subiciaris,
3772 3267 3824 3302 sr-

2357 3359 2546 3412 talart’s
2575 3359 2682 3422 alii,
2730 3357 2969 3414 nonnulli
2999 3356 3263 3412 sotularis
3287 3363 3525 3410 exarant.
3560 3349 3608 3402 lu
3634 3345 3722 3399 Vita
3743 3357 3821 3396 sui-

2359 3462 2461 3507 etin
2481 3451 2688 3508 Gudilae
2709 3451 2849 3520 virg.
2877 3467 2998 3522 cap.
3029 3451 3066 3504 ἓ
3095 3468 3107 3504 :
3151 3457 3169 3502 ἀ
3209 3445 3456 3504 Dimidiis
3481 3443 3688 3498 utebatur
3707 3433 3823 3490 subta-

2359 3546 2587 3614 laribus,
2619 3555 2678 3600 ut
2703 3547 2955 3617 superior
2984 3557 3110 3616 pars
3139 3545 3340 3615 pedum
3365 3541 3627 3597 videretur.
3657 3531 3822 3585 »Αυθιοτ

2361 3637 2497 3694 Vitae
2521 3637 2578 3692 S.
2607 3637 2796 3708 Eguiui
2823 3637 2990 3706 episc.
3017 3635 3375 3706 Vigornensis
3399 3647 3510 3702 cap.
3534 3627 3562 3682 ι
3587 3645 3599 3680 :
3626 3619 3818 3678 Sontium

2359 3730 2595 3786 Joannes
2648 3729 2704 3786 S.
2747 3729 2952 3784 Odonis
3001 3729 3337 3799 biographus
3378 3725 3414 3779 l.
3469 3737 3504 3778 ιι
3549 3725 3662 3789 post.

2361 3822 2672 3878 nubtatares.
2709 3820 3008 3877 0rderieus‘
3035 3795 3372 3874 Vitaliﬂist.
3410 3811 3496 3869 lib.
3528 3825 3573 3875 ν,
3615 3817 3706 3898 pas.
3743 3795 3822 3898 φιν

2361 3922 2683 3986 sublolares;
2711 3933 2833 3988 pag.
2863 3912 3286 3980 596,301ulares.
3321 3909 3516 3978 Quibus
3539 3897 3735 3957 solutam
3753 3897 3823 3988 sive

2363 4015 2625 4071 sumtum
2655 4027 2750 4084 pro
2775 4010 2972 4066 calceis
2997 4008 3082 4064 vel
3113 4011 3423 4076 tegumenta
3447 4001 3619 4074 pedum
3660 3995 3824 4054 usum“

2363 4111 2567 4169 clarum
2595 4118 2697 4166 est.

2375 4227 2382 4230 '
2437 4205 2528 4276 (⁸⁵)
2551 4203 2680 4259 CAP.
2705 4195 2822 4256 XV.
2847 4230 2916 4241 --
2940 4194 3197 4252 Prosulas
3219 4189 3584 4258 versiculosqu
3601 4175 3822 4276 componit-

2369 4267 2629 4370 Su‘pe'rest
2681 4294 3022 4372 solummodo
3064 4305 3250 4361 prosa,
3301 4303 3394 4344 seu
3449 4283 3523 4353 (ιη
3565 4267 3732 4370 τοοθυξ)

2367 4367 2589 4467 quentia
2617 4391 2682 4446 de
2709 4389 2910 4444 Sancto
2938 4369 3238 4441 Geremaro
3272 4386 3410 4450 (quae
3436 4367 3822 4467 etianinurnineius

2369 4456 2458 4543 die
2481 4487 2618 4543 festo
2640 4482 2981 4550 decantatur)
3006 4493 3128 4534 cum
3164 4478 3267 4532 hac
3292 4468 3597 4545 epigraphe:
3629 4477 3643 4511 ι
3667 4456 3821 4552 Selii-iw

2483 4581 2534 4635 in
2564 4581 2702 4634 festo
2733 4576 2907 4631 sancti
2931 4571 3238 4638 Geremari,
3263 4582 3420 4640 quam
3454 4562 3649 4617 domnus
3677 4543 3822 4652 .Guibci‘

2373 4684 2458 4729 tus
2490 4673 2650 4743 hujus
2689 4653 2933 4725 ecclesiae
2976 4665 3278 4721 monachus
3309 4657 3522 4717 dictavit
3547 4642 3714 4718 ingenio
3748 4641 3818 4686 59°-

2371 4763 2460 4822 Sic
2491 4761 2680 4834 incipit
2708 4779 2720 4816 :

2765 4871 2920 4930 Adest
2946 4872 3234 4945 prrecipua,

2765 4965 3000 5032 Fratres,
3027 4963 3266 5027 materia,

2759 5055 2878 5114 Diei
2901 5071 3129 5112 consona

2761 5149 2894 5208 Date
2921 5139 3204 5224 promoui",
3239 5155 3256 5203 ι
3284 5153 3385 5202 etc.

2374 5271 2510 5338 Quid
2533 5269 2722 5336 Prosa,
2749 5269 2874 5337 quid
2903 5267 3244 5338 Antiphonta,
3270 5253 3419 5317 docet
3439 5256 3488 5310 S.
3511 5245 3698 5305 Isidorus
3715 5231 3775 5286 lib.
3795 5235 3817 5274 ι·

2349 5365 2542 5439 Ὀιδὶε..
2583 5379 2702 5434 cap.
2735 5362 2825 5428 57,
2857 5371 2912 5415 ct
2941 5360 3032 5413 lib.
3064 5375 3139 5422 γι,
3167 5373 3286 5428 cap.
3321 5341 3402 5407 ti).

2445 5425 2537 5532 (ζ’)
2563 5425 2690 5511 Car.
2718 5425 3146 5509 KVl.——Mu!tas
3174 5425 3305 5504 enim
3336 5435 3631 5499 inridemini,

2521 5507 2534 5526 1
2572 5507 2689 5511 -κ---
2726 5507 2735 5508 κ
2823 5507 2833 5508 κ
2948 5507 2953 5509 -
3655 5517 3663 5526 .
3765 5518 3776 5526 .

2377 5507 2560 5603 tieimr.
2596 5545 2750 5602 Unde
2795 5544 2895 5599 sibi
2949 5551 3249 5610 temperare
3299 5533 3489 5603 nequit,
3518 5507 3818 5610 quominqu

2375 5639 2624 5712 piuscute
2659 5637 2773 5694 suis
2801 5637 2855 5692 in
2887 5633 3109 5704 scriptis
3138 5628 3383 5686 lacessita
3412 5621 3502 5678 sibi
3536 5614 3698 5745 repetat
3718 5603 3818 5745 ἓξὲξ

2385 5735 2414 5745 ’⁸
2606 5733 2637 5745 "
2707 5731 2717 5742 '
2855 5744 2862 5745 ί
2945 5742 3020 5745 ~-
3057 5725 3107 5745 ελ
3153 5723 3301 5745 ξμς-ε..
3333 5717 3564 5745 ..ηεημηηη
3613 5715 3689 5745 nrt

604 5804 610 5830 ί
695 5845 818 5886 nem
849 5829 1216 5900 supradictam
1244 5845 1514 5886 consensu
1541 5846 1664 5886 meo
1692 5841 1748 5887 et.
1767 5830 2044 5886 voluntate
2076 5831 2276 5886 factam
2379 5821 2836 5881 nientariorumin
2849 5817 3128 5888 Genesim,
3146 5815 3244 5873 nec
3258 5830 3358 5872 non
3381 5803 3576 5882 epistola
3595 5795 3646 5851 ad
3659 5785 3814 5845 Οὐοηεη
