4032 6336
264 360 402 419 "09

1467 353 1679 414 DUM!"
1705 354 1773 412 L.
1804 352 2149 413 D'ACHERY
2191 355 2424 414 Νοτιι.

3398 367 3537 430 tuo

263 478 821 554 Sansympboriannm
878 476 1129 535 abbatem
1185 474 1326 533 libro
1396 474 1473 532 De
1524 472 1840 549 pignoribus
1868 479 1917 539 Α
1945 477 2192 548 proxime
2215 479 2382 532 citato
2410 496 2423 532 :
2456 496 2476 530 ι
2513 479 2684 551 mgre
2710 482 2765 537 in
2792 486 2985 554 agonia
3017 484 3218 556 posito,
3238 487 3413 546 frater
3438 492 3536 559 qui

260 585 575 645 sanctorum
604 574 845 643 prtclixa.

328 667 422 740 (")
458 667 679 721 lum.-—-
705 663 869 735 Cujus
913 677 1099 717 nomen
1145 670 1193 717 et
1242 662 1475 731 pignere.
1518 659 1847 716 Subnculsm

258 776 353 819 seu
382 759 659 815 camisiam
681 756 921 823 ejusdem
950 754 1198 825 gloriosae
1213 753 1449 823 Vit-ginis
1473 753 1650 824 (cujus
1672 754 1848 823 gratia

259 852 673 910 celeberrimum
696 858 780 906 est
799 848 1137 905 Carnotense
1164 846 1471 918 deiubrum)
1488 847 1641 903 hisce
1665 847 1847 904 verbis

259 945 482 1015 intelligi
505 943 777 998 existimo.

329 1039 428 1110 (³⁷)
467 1036 596 1093 Car.
632 1033 793 1091 XVII.
826 1058 899 1077 --
938 1026 1119 1090 Nullis
1160 1035 1414 1105 impressa
1447 1033 1663 1089 tabulis.
1706 1031 1852 1088 Con-

257 1141 447 1203 ceptus
475 1130 641 1185 animi
680 1128 823 1185 ictus
874 1128 1003 1183 ollm
1051 1127 1292 1184 solemne
1328 1127 1685 1197 scriptoribus
1729 1131 1850 1179 erat

254 1226 312 1283 in
344 1222 540 1280 tabulis
595 1223 769 1278 cereis
814 1223 930 1279 sive
980 1222 1334 1294 pugillaribus
1370 1220 1514 1291 style
1562 1231 1832 1282 exarare;

254 1335 321 1376 ac
356 1318 692 1391 postmodum
724 1317 812 1371 ubi
846 1317 911 1372 ad
960 1316 1143 1371 limam
1174 1324 1229 1371 et
1279 1313 1527 1369 incudem
1557 1326 1652 1368 cos
1693 1314 1849 1367 revo-

252 1420 466 1476 carant,
504 1412 882 1467 exscribebant
924 1410 977 1465 itt
1034 1409 1369 1465 membranis
1401 1425 1413 1462 :
1457 1416 1636 1463 exstat
1667 1422 1850 1462 exem-

253 1507 401 1579 plum
446 1507 498 1561 in
551 1504 656 1561 line
685 1505 808 1560 vitae
854 1504 1029 1560 sancti
1082 1500 1344 1558 Bonifacii
1407 1499 1704 1570 Moguntini
1751 1512 1846 1554 an-

254 1610 406 1656 etore
436 1606 626 1655 sancto
655 1594 947 1662 Vilibaltlo,
971 1596 1039 1653 ab
1070 1595 1323 1654 Serrario
1354 1595 1653 1667 evulgatte:
1694 1612 1712 1646 ι
1734 1590 1847 1665 Ego

252 1686 578 1744 Wilibaldus
614 1689 921 1761 episcopus,
951 1700 1082 1752 etc.,
1122 1687 1299 1743 Vitam
1331 1697 1385 1742 et
1407 1687 1716 1759 passionem
1745 1684 1848 1742 Bo-

254 1779 439 1837 nifacii
469 1782 793 1853 conscripsi,
817 1782 1049 1853 primum
1083 1782 1136 1835 in
1162 1780 1338 1836 cereis
1371 1776 1569 1835 tabulis
1609 1779 1674 1834 ad
1720 1794 1846 1850 pro-

1949 570 2015 623 ad
2045 569 2146 624 hoc
2179 568 2463 640 deputatus
2492 570 2617 638 est,’
2641 573 2879 629 cilicium
2926 581 3218 647 expandat,
3266 590 3322 635 et
3370 597 3537 653 supra

1926 660 2081 716 illud
2112 676 2418 717 mensuram
2452 662 2823 735 longitudinis,
2875 680 3036 738 quam
3085 668 3263 739 ipsum
3297 672 3533 729 cilicium

1950 757 2134 821 habet,
2161 758 2373 827 signum
2406 762 2585 815 erucis
2632 760 2698 815 de
2749 762 3033 816 cineribus
3074 762 3259 831 iaciat,
3295 764 3534 820 morien-

1950 856 2168 920 temmte
2196 840 2412 905 fratrem
2446 852 2676 922 desuper
2702 863 2885 924 ponat,
2928 872 2951 907 ι
2989 862 3096 911 etc.

2021 942 2159 1011 Quid
2187 957 2318 998 vero
2355 944 2523 1000 moris
2549 944 2712 1001 fuerit
2747 948 2801 1002 in
2846 950 3265 1021 cuttgregatione
3314 945 3535 1008 Clunia-

1948 1036 2096 1091 censi
2148 1046 2388 1107 tempore
2434 1036 2493 1091 Β.
2541 1036 2800 1108 Hugonis,
2832 1050 2992 1109 caput
3046 1041 3117 1095 ‘26
3167 1050 3383 1109 statut.,
3440 1052 3537 1099 es-

1949 1129 2161 1200 primit;
2211 1129 2353 1199 qued
2395 1127 2664 1198 subjicere
2710 1129 2839 1200 (etsi
2894 1130 3180 1200 prolixius)
3236 1131 3383 1187 haud
3429 1130 3538 1186 erit

1949 1223 2242 1294 ingratum,
2275 1226 2460 1293 utpote
2504 1222 2738 1292 plurima
2776 1223 3063 1279 continens
3098 1232 3284 1281 notato
3326 1224 3537 1298 dign‘ih

1947 1316 2083 1372 sima
2110 1332 2125 1370 :

2312 1404 2390 1461 De
2420 1405 2560 1460 obitu
2589 1405 2771 1476 fratris
2800 1416 2847 1462 et
2883 1407 3182 1479 sepultam.
3498 1432 3505 1451 η

2022 1516 2040 1550 t
2065 1496 2257 1552 Frater
2282 1498 2372 1568 qui
2397 1511 2474 1562 se,
2499 1497 2815 1555 infirmitate
2848 1499 3278 1570 ingravescente,
3305 1494 3511 1557 senseri

1947 1590 2003 1646 in
2048 1591 2298 1661 proximo
2330 1592 2398 1645 ab
2449 1592 2553 1647 hoc
2593 1592 2793 1648 saeculo
2832 1593 3215 1663 migraturum,
3267 1595 3335 1647 de
3386 1588 3537 1649 mm

1946 1681 2283 1737 conscientia
2318 1696 2416 1737 sua
2445 1683 2647 1738 domno
2673 1683 2855 1739 abbati
2884 1685 2967 1741 vel
2990 1684 3158 1753 priori
3184 1685 3541 1751 conﬁteatur;

1946 1784 2001 1830 et
2022 1776 2064 1831 si
2090 1777 2142 1829 in
2167 1775 2465 1845 capitulum
2499 1776 2613 1831 vult
2638 1777 2737 1845 ire,
2767 1778 3005 1832 ostendit
3025 1777 3193 1849 priori
3218 1777 3299 1831 vel
3324 1792 3422 1846 per
3456 1788 3536 1845 se,

253 1871 532 1929 bationem
564 1871 699 1928 Lulli
733 1884 787 1929 et
827 1872 1201 1945 Megengaudi.
1231 1871 1361 1928 Post
1400 1882 1586 1929 eorum
1617 1884 1841 1929 exatneu
1877 1860 1921 1919 Β
1948 1868 2031 1924 vel
2063 1883 2158 1938 per
2190 1868 2581 1936 iulirmarium;
2629 1878 2685 1925 et
2733 1879 2919 1941 postea
2948 1871 3226 1925 adducunt
3257 1885 3380 1924 eum
3430 1872 3539 1925 duo

252 1962 310 2022 in
344 1966 684 2037 pergamenis
721 1968 996 2037 rescripsi,
1034 1984 1054 2021 ι
1099 1976 1205 2023 etc.

327 2058 492 2131 61h.
528 2058 730 2115 Locum
780 2075 923 2122 vero,
972 2060 1060 2115 ubi
1091 2059 1217 2115 olim
1263 2058 1512 2114 monachi
1565 2057 1844 2130 scriptioni

254 2163 476 2219 operam
507 2150 1081 2221 dabant,scriptorium
1101 2148 1282 2205 solere
1304 2150 1625 2219 nuncupari,
1650 2159 1846 2219 praeter

254 2240 538 2297 innumera
563 2242 910 2313 antiquorum
937 2242 1267 2310 testimonia,
1312 2241 1561 2313 perbibet
1596 2241 1847 2296 vetustis-

255 2331 427 2387 simus
504 2331 668 2386 Liber
725 2332 1213 2389 Sacramentorum
1270 2334 1442 2389 nostri
1498 2332 1845 2390 Corbeieusis

253 2423 594 2489 monasterii,
631 2424 713 2479 tit.
742 2422 933 2479 Oratio
952 2430 1008 2478 in
1042 2425 1341 2495 scriptorio,
1377 2440 1498 2495 qua:
1541 2425 1622 2479 sic
1665 2425 1846 2495 expri-

255 2516 441 2571 mitur.
488 2533 506 2567 t
540 2515 870 2573 Benedicerc
896 2517 1157 2588 digneris,
1195 2517 1439 2584 Domine,
1472 2519 1574 2573 ltoc
1611 2519 1844 2589 scripto-

257 2610 396 2664 rium
444 2609 768 2666 famulorum
811 2621 1045 2676 tuorum,
1094 2619 1150 2665 et
1198 2626 1386 2666 omnes
1430 2610 1737 2666 habitantes
1790 2612 1843 2666 in

254 2716 361 2757 eo:
411 2711 470 2757 ut
516 2702 778 2773 quidquid
828 2703 1128 2758 divinarum
1185 2702 1591 2774 Scripturarum
1644 2704 1711 2758 ab
1765 2703 1844 2760 eis

255 2796 453 2854 lectum
504 2796 591 2853 vel
644 2798 906 2868 scriptum
962 2796 1124 2852 fuerit
1176 2812 1340 2853 sensu
1388 2797 1625 2869 capiant,
1681 2810 1844 2869 opere

252 2891 576 2964 percipiant.
604 2891 714 2947 Per
732 2890 1043 2959 Dominum,
1075 2908 1093 2944 ι
1128 2901 1233 2948 etc.

324 2985 417 3058 (⁸⁸)
456 2985 584 3043 Car.
612 2985 755 3042 XXI.
784 3016 854 3028 --
882 2983 1044 3058 Signo
1072 2985 1379 3055 crepitante.
1411 2985 1667 3055 Apertins
1715 2987 1843 3056 quid

253 3098 321 3141 eo
360 3082 463 3138 loci
499 3082 727 3138 innttere
769 3079 901 3136 velit
950 3089 1161 3147 auctor,
1202 3078 1438 3149 explicat
1479 3079 1595 3148 ipse
1621 3094 1740 3150 cap.
1773 3078 1845 3135 25

254 3176 369 3232 sive
397 3174 490 3241 28,
522 3190 645 3244 pag.
683 3170 808 3228 486.
846 3170 907 3228 C.
961 3190 980 3222 ε
1026 3172 1105 3225 Ad
1156 3171 1561 3228 convocandttm
1617 3169 1842 3227 aliorum

254 3274 585 3324 conventum
610 3265 855 3321 tabulam
886 3278 950 3320 ex
985 3278 1136 3320 more
1186 3265 1517 3335 percutiunt.
1558 3274 1577 3315 ι
1623 3258 1730 3319 Ista
1774 3263 1845 3319 si-
1876 3244 1919 3305 ί)

254 3358 472 3430 quidem
500 3356 784 3429 disciplina
815 3358 1075 3413 continuo
1096 3358 1163 3412 ad
1196 3367 1379 3413 nostra
1408 3365 1673 3427 tempora,
1711 3364 1847 3427 pite-

255 3460 340 3508 ter
365 3452 515 3508 nolas
547 3462 601 3507 et
632 3464 924 3522 campanas
957 3452 1011 3506 in
1040 3465 1140 3504 usu
1168 3452 1511 3505 monasteriis
1536 3450 1658 3515 fuit,
1694 3450 1847 3504 tabu-

256 3545 321 3601 lis
348 3552 438 3602 seu
457 3545 667 3600 malleis
694 3543 907 3615 ligneis,
930 3542 1230 3599 etenobitas
1256 3544 1323 3595 ad
1346 3543 1559 3611 privata
1593 3540 1842 3611 quaedam

256 3637 521 3694 exercitia
554 3639 863 3705 cenvoca'ri,
904 3635 987 3691 vel
1009 3632 1235 3691 excitari
1264 3649 1292 3689 a
1325 3648 1537 3689 somno.
1568 3632 1705 3687 Vitm
1740 3631 1847 3687 Pa-

258 3736 405 3788 trum
438 3731 534 3787 lib.
562 3746 615 3795 ν,
645 3728 795 3786 libel.
842 3726 929 3797 17,
970 3747 1026 3785 n.
1066 3730 1173 3784 9:0:
1209 3748 1226 3780 ι
1260 3726 1493 3783 Percute
1534 3726 1747 3798 signum
1792 3724 1846 3779 in

258 3816 390 3883 cella
424 3822 676 3891 fratrum,
706 3832 765 3878 ttt
792 3829 1116 3893 congregem
1157 3834 1216 3875 se
1268 3820 1356 3876 hic
1405 3833 1613 3875 omnes.
1648 3834 1667 3870 ι
1719 3816 1849 3873 Cas-

259 3920 398 3975 sian.
426 3918 520 3973 lib.
554 3934 606 3973 tv
637 3917 705 3972 de
734 3917 864 3971 Inst.
910 3925 1125 3971 rcuunt.
1157 3931 1278 3985 cap.
1317 3914 1380 3968 l2
1411 3933 1424 3968 :
1471 3934 1489 3966 σ
1530 3914 1666 3969 Cum
1702 3912 1852 3967 soni-

262 4016 376 4065 tum
408 4008 671 4080 pttlsantis
695 4008 917 4072 ostium,
946 4020 1009 4063 ac
1038 4008 1375 4062 diversorum
1405 4006 1628 4062 cellulas
1655 4015 1850 4076 percu-

260 4100 447 4157 tientis
470 4100 763 4165 audierint,
806 4100 873 4155 ad
900 4099 1200 4156 orationem
1225 4099 1454 4162 scilicet,
1494 4106 1588 4153 Seu
1621 4100 1687 4153 ad
1713 4104 1847 4168 opus

259 4194 479 4265 aliquod
516 4192 822 4258 imitantis,
855 4193 1107 4247 certatim
1159 4206 1189 4247 e
1236 4191 1501 4246 cubiculis
1542 4192 1655 4245 suis
1682 4202 1849 4245 unus-

259 4287 490 4357 quisque
510 4283 833 4356 prorumpit.
856 4302 875 4335 ι
903 4281 1125 4337 Adolius
1140 4281 1394 4336 'l‘arsens.
1412 4282 1464 4335 in
1485 4276 1604 4334 Vita
1627 4279 1848 4335 Patrum

259 4396 381 4451 cap.
418 4379 525 4436 ll:
590 4397 610 4431 ‹
649 4377 916 4450 Tempore
962 4360 1223 4432 consueto
1270 4376 1595 4430 excitatorio
1652 4373 1849 4428 malleo

257 4471 512 4545 pulsabat
557 4470 722 4528 cellas
762 4471 1027 4533 omnium,
1059 4487 1076 4520 ι
1133 4477 1234 4523 etc.
1290 4466 1580 4523 Laulranc.
1659 4468 1854 4522 Decret

258 4579 360 4637 pro
387 4564 504 4619 ord.
535 4561 885 4618 S.Benedict.
911 4576 1034 4631 cap.
1063 4559 1135 4615 9:
1180 4568 1203 4611 α
1238 4559 1377 4615 Cura
1403 4559 1748 4632 (inlirmario)
1787 4558 1853 4614 de

258 4654 689 4708 administranda
722 4652 920 4718 tabula,
946 4662 1104 4721 quam
1125 4665 1191 4706 ex
1208 4665 1359 4705 more
1385 4652 1533 4721 prior
1550 4651 1804 4721 percutit,
1828 4671 1845 4702 ι

259 4753 369 4801 etc.
404 4746 471 4800 Et
496 4754 613 4816 Cap.
663 4745 758 4814 ﬂii,
793 4745 859 4801 de
892 4745 1281 4815 aegrotantibus
1334 4743 1494 4799 morti
1550 4744 1849 4815 proximis:

264 4857 289 4894 ε
332 4836 579 4909 Cumque
603 4834 727 4895 e‘utn
777 4837 889 4909 jam
930 4838 985 4893 in
1026 4839 1274 4893 exeundo
1316 4839 1515 4892 viderit
1573 4838 1851 4905 laborare,

260 4941 484 5004 gestans
512 4942 675 4987 manu
710 4933 972 4998 tabulam,
1005 4930 1071 4986 ad
1121 4932 1320 4986 ostium
1367 4931 1588 4985 claustri
1644 4939 1849 4999 currat,

264 5024 486 5095 ictuque
516 5024 848 5079 creberrimo
882 5023 1081 5078 acriter
1103 5039 1223 5078 eam
1254 5024 1541 5093 percutiat,
1570 5034 1854 5092 quousque

263 5116 318 5173 in
347 5127 616 5172 conventu
642 5118 885 5171 auditum
914 5132 1034 5173 esse
1052 5127 1364 5187 cognoscat.
1388 5137 1406 5169 ι
1448 5116 1853 5171 Declaratiuues

262 5211 487 5268 Patrum
520 5220 681 5282 eung.
731 5206 917 5265 Sancti
962 5210 1132 5266 Maurl
1178 5211 1231 5264 in
1273 5202 1511 5281 regillam
1558 5210 1615 5264 S.
1648 5208 1849 5265 Bened.

263 5320 385 5375 cap.
414 5304 486 5359 8:
521 5324 537 5356 ι
573 5304 793 5359 Fratres
833 5319 1023 5359 omnes
1076 5304 1305 5359 malleoli
1351 5304 1579 5373 strepitu
1612 5305 1852 5359 ostiatim

261 5396 660 5451 excitabantur.
696 5412 715 5448 ο

336 5492 429 5563 (⁸³)
468 5480 599 5545 luto.
625 5488 764 5545 —Ut
794 5490 1069 5543 motmstici
1116 5489 1276 5544 moris
1314 5498 1407 5554 est,
1445 5490 1617 5544 cilicio
1656 5506 1852 5560 suppo-

265 5585 446 5639 situm.
482 5578 540 5638 in
571 5586 829 5640 extremis
880 5586 1082 5654 positus
1121 5585 1243 5638 vita:
1281 5587 1526 5639 asceticar
1559 5587 1851 5655 professos,

266 5678 445 5734 cilicio
476 5680 751 5747 cinerique
781 5679 979 5749 imponi
1014 5678 1084 5732 ttil
1120 5678 1371 5733 usitatius
1408 5679 1573 5743 olim;
1602 5696 1708 5750 quo
1734 5678 1853 5733 Filii

268 5773 362 5829 Dei
388 5788 417 5827 e
447 5788 609 5830 cruce
644 5774 709 5829 ad
745 5775 973 5845 gloriam
1013 5774 1345 5829 transeuntis
1400 5775 1622 5844 propius
1678 5773 1856 5830 indta-

268 5878 460 5932 rentur
492 5866 842 5946 exemplum.
899 5884 919 5927 ι
978 5872 1194 5932 Deerat.
1258 5868 1319 5929 Β.
1382 5869 1674 5932 Lanfranci
1734 5870 1855 5932 loco

1946 1962 2143 2016 fratres
2185 1962 2327 2017 inter
2363 1978 2575 2029 manus,
2606 1964 2648 2019 si
2677 1971 2759 2020 est
2804 1966 2941 2019 adeo
2992 1962 3262 2028 inﬁrmus,
3307 1971 3362 2017 et
3404 1963 3542 2033 petit

1945 2054 2182 2120 veniam,
2230 2068 2491 2127 reumque
2537 2070 2595 2111 se
2627 2057 2693 2111 de
2740 2056 2925 2111 multis
2976 2054 3319 2128 ncgligentiis
3348 2062 3539 2111 eontra

1947 2150 2137 2215 Deum,
2172 2160 2225 2207 et
2247 2162 2436 2207 contra
2468 2150 2585 2205 illos
2615 2149 3185 2206 contitetur.Ab9olvit
3212 2165 3334 2203 eum
3366 2149 3538 2219 prior,

1946 2253 2000 2299 et
2025 2245 2235 2301 cunctis
2280 2243 2753 2315 respondentibus.
2786 2244 2982 2312 Amen,
3040 2244 3157 2313 ipse
3212 2252 3440 2299 cunctos
3493 2244 3541 2298 si

1947 2338 2075 2408 quid
2106 2347 2294 2392 contra
2350 2352 2471 2392 eum
2532 2336 2903 2406 deliquerint,-
2931 2336 3193 2401 absolvit;
3241 2350 3542 2407 omnesque

1946 2429 2012 2485 de
2050 2431 2162 2484 suis
2190 2430 2408 2485 sedibus
2444 2428 2607 2484 altius
2654 2428 2936 2484 inclinant.
2984 2418 3179 2484 Postea
3231 2418 3569 2502 reducitur;

1947 2526 2204 2581 reductus
2246 2532 2399 2596 rogat
2432 2532 2491 2577 ut
2528 2522 2650 2578 oleo
2684 2521 3024 2576 inﬁrmorum
3054 2532 3310 2593 ungatur,
3340 2528 3394 2576 et
3419 2520 3547 2575 tunc

1949 2617 2249 2672 collocatur
2289 2616 2342 2671 in
2382 2614 2521 2670 lecto
2562 2612 2677 2679 tali,
2712 2611 2763 2666 id
2793 2619 2878 2667 est
2908 2617 3108 2666 terram
3136 2612 3394 2674 demisso,
3456 2608 3544 2665 ubi

1934 2700 2143 2762 fratres
2177 2707 2385 2777 possint
2414 2704 2651 2775 undique
2676 2704 3056 2759 circumstare.
3082 2698 3235 2757 Tunc
3260 2702 3411 2773 prior
3450 2700 3549 2770 qui

1950 2810 2095 2857 tenet
2118 2800 2391 2868 ordinem,
2422 2800 2714 2855 inualescit
2746 2799 3005 2865 armario,
3033 2804 3088 2852 et
3118 2798 3389 2851 armarius
3412 2806 3550 2874 prae-

1945 2897 2093 2953 videt
2123 2897 2303 2951 omnia
2333 2895 2399 2951 ad
2425 2890 2526 2950 ltoc
2558 2894 2906 2960 necessaria;
2939 2892 3149 2948 scilicet
3180 2891 3540 2955 sacerdotem,

1947 3000 2106 3061 quem
2136 2989 2283 3043 indui
2336 2988 2467 3044 facit
2519 2989 2639 3044 alba
2693 2997 2748 3042 et
2799 2986 2962 3052 stola,
2994 2993 3051 3039 et
3099 2996 3415 3045 conversos,
3454 2981 3549 3050 qui

1949 3082 2196 3136 deferant
2235 3097 2429 3148 aquam
2461 3080 3079 3146 benedictatn,crucem,
3107 3085 3161 3130 et
3191 3075 3554 3139 candelabra,

1951 3184 2005 3232 et
2034 3177 2148 3246 ipse
2180 3184 2360 3246 portat
2384 3176 2585 3231 oleum.
2608 3172 2766 3229 Tunc
2793 3172 2997 3244 paratis
3011 3170 3263 3225 omnibus
3292 3167 3550 3241 praecedit

1952 3274 2247 3343 processio,
2289 3280 2341 3326 et
2392 3269 2742 3339 subsequitur
2782 3266 3066 3331 Sacerdos,
3125 3272 3180 3319 et
3241 3279 3338 3335 per
3399 3250 3548 3317 anti-
3598 3334 3602 3339 V

1950 3378 2109 3433 quam
2169 3363 2617 3419 consuetudinem
2676 3369 2819 3414 totus
2874 3364 3223 3423 conventus,
3289 3355 3547 3425 imposito

1950 3458 2398 3528 quinquagesimo
2428 3454 2669 3521 Psalmo,
2711 3458 2766 3509 et
2816 3461 3027 3523 postea,
3083 3450 3129 3507 si
3176 3458 3314 3523 opus
3358 3449 3543 3519 fuerit,

1951 3549 2335 3620 adjungnntttr,
2372 3567 2389 3600 ν
2426 3553 2531 3601 etc.
3510 3532 3511 3535 η

2020 3640 2313 3710 Aliquanto
2339 3648 2460 3710 post
2491 3636 2777 3708 sequitur:

2030 3744 2050 3782 ι
2100 3722 2323 3785 Interim
2370 3730 2625 3784 sacerdos
2678 3726 2781 3780 hoc
2826 3723 2987 3779 modo
3043 3721 3172 3779 facit
3210 3724 3545 3779 unctionem.

1950 3823 2207 3879 Pollicem
2239 3822 2361 3879 oleo
2408 3820 2585 3887 illinit,
2615 3828 2822 3876 etcum
2869 3817 3061 3889 pollice
3103 3816 3318 3888 signum
3365 3815 3547 3871 crucis

1953 3915 2215 3986 impritnlt
2242 3924 2404 3986 super
2447 3916 2738 3983 utrumque
2763 3911 2980 3966 oculum
3029 3911 3103 3965 ita
3135 3909 3363 3964 dicendo
3394 3924 3407 3961 :
3440 3905 3548 3961 Per

1950 4010 2107 4064 istam
2160 4010 2453 4062 unctionem
2498 4016 2544 4061 et
2594 4018 2745 4059 suam
2788 4006 3082 4074 piissimum
3128 4002 3547 4058 misericordiam

1950 4098 2220 4173 indulgeat
2247 4101 2339 4155 tibi
2373 4100 2627 4154 Dominus
2661 4098 2914 4171 quidquid
2952 4094 3177 4168 peccasti
3219 4112 3312 4166 per
3354 4096 3546 4173 visum,

1953 4196 2433 4264 Superutrantque
2458 4206 2677 4258 aurem;
2708 4206 2799 4260 per
2827 4192 3088 4244 auditum.
3120 4190 3298 4259 Super
3317 4197 3548 4258 utraque

1953 4289 2125 4353 labia;
2149 4304 2239 4359 per
2263 4300 2491 4358 gustum.
2526 4287 2703 4357 Super
2735 4298 2956 4349 nasum,
2986 4298 3078 4353 per
3100 4285 3404 4337 adoratum.
3443 4282 3549 4336 Stt-

1955 4388 2052 4452 per
2100 4388 2321 4444 manus;
2361 4388 2454 4448 per
2497 4386 2713 4430 luctum.
2770 4374 2861 4445 (Et
2919 4374 3087 4427 frater
3128 4384 3424 4426 conversus
3467 4378 3551 4426 est

1956 4473 2205 4539 interius,
2238 4473 2280 4527 si
2310 4471 2571 4526 sacerdos
2600 4468 2862 4539 exterius)
2908 4478 3071 4537 super
3102 4466 3266 4534 pedes
3288 4476 3431 4534 {per
3459 4465 3549 4517 in-

1960 4576 2180 4620 ressnm.
2230 4566 2411 4634 Super
2460 4562 2710 4635 inguina;
2749 4572 2841 4629 per
2875 4561 3120 4613 ardorem
3148 4558 3401 4612 libidinis.
3432 4557 3552 4625 Quo

1962 4656 2104 4714 laeto
2147 4654 2549 4723 lavat'tnanus,
2600 4664 2654 4711 et
2704 4655 2856 4726 prius
2901 4654 2952 4708 in
3007 4653 3191 4708 cinere
3240 4650 3549 4707 confricet:

1936 4752 2085 4807 ‘ollm
2129 4750 2270 4807 istud
2318 4750 2482 4806 llebat
2531 4750 2583 4805 in
2626 4749 2828 4805 erustls
2857 4748 3089 4818 siliginei
3134 4747 3321 4818 panis;
3350 4746 3552 4801 et'batc

1959 4849 2155 4903 lavatio
2185 4865 2288 4902 non
2319 4847 2418 4901 nisi
2454 4847 2506 4901 in
2541 4847 2686 4918 igne,
2712 4846 2794 4900 vel
2828 4845 2880 4899 itt
2905 4844 3023 4899 loco
3051 4845 3258 4899 mundo
3287 4851 3342 4897 et
3365 4840 3550 4896 abdito

1956 4940 2094 4996 solet
2119 4938 2341 4994 elfundi.
2386 4939 2553 5002 Tune,
2586 4939 2629 4994 sl
2662 4939 2911 4994 infirmus
2948 4948 3056 4994 non
3084 4930 3549 4999 eotnmunicaiur,

1940 5034 2024 5087 ab
2054 5034 2171 5104 ipso
2198 5032 2484 5087 sacerdote
2506 5033 2763 5087 dicuntur
2791 5044 2980 5088 omnes
3014 5032 3095 5085 lite
3124 5022 3386 5094 collectae,
3411 5039 3551 5098 prato

1958 5122 2136 5183 missis
2164 5126 2247 5181 bis
2278 5125 2526 5196 capitulis
2552 5145 2565 5179 :
2597 5125 2813 5182 Salrum
2852 5124 2938 5194 [ac
2957 5136 3167 5177 seruam
3196 5131 3365 5185 tuum,
3403 5124 3515 5175 etc:

2035 5224 2055 5269 t
2105 5219 2401 5287 Postquam
2429 5217 2484 5271 in
2514 5216 2805 5271 ecclesiam
2832 5215 3096 5277 venerint,
3123 5226 3290 5268 unum
3319 5211 3386 5265 de
3416 5224 3547 5279 quo-

1958 5307 2178 5364 lidianis
2208 5308 2470 5363 calicibus
2516 5308 2568 5360 itt
2600 5305 2841 5360 armario
2868 5303 3060 5375 accipit
3108 5303 3193 5358 vel
3230 5304 3346 5374 ipse
3371 5312 3549 5359 sacer-

1958 5405 2058 5459 dos
2097 5403 2181 5457 vel
2228 5404 2499 5457 armat-ius
2535 5399 2709 5470 (prius
2758 5407 2935 5453 tamen
2984 5397 3108 5452 lotis
3165 5396 3465 5467 manibus),
3495 5404 3551 5451 et

1954 5498 2143 5551 vinum
2173 5504 2227 5549 et
2259 5508 2453 5563 aquam
2496 5504 2558 5547 ac
2580 5492 2625 5546 si
2655 5493 2816 5545 missa
2850 5492 3057 5544 cantari
3090 5488 3334 5557 deberet,
3365 5486 3549 5545 inlun-

1958 5586 2058 5642 dit.
2092 5584 2245 5640 'l‘ttuc
2299 5585 2555 5638 sacerdos
2595 5584 2661 5637 ad
2722 5581 2895 5651 majus
2951 5582 3147 5648 altare,
3200 5597 3366 5653 super
3405 5582 3549 5653 quod

1958 5680 2171 5736 Domini
2202 5693 2404 5749 corpus
2436 5687 2705 5743 servatur,
2736 5678 2965 5742 accedit,
2998 5687 3052 5733 et
3082 5678 3232 5747 prius
3265 5692 3428 5747 quam
3459 5690 3524 5732 ac

1958 5777 2143 5849 cipiat,
2190 5777 2467 5842 incensat;
2512 5774 2853 5846 postmodum
2886 5774 3183 5843 accipiens,
3218 5772 3418 5843 frangit
3457 5787 3551 5825 su-

1948 5880 2058 5949 per
2090 5874 2270 5947 ipsum
2314 5867 2569 5939 ducem;
2623 5875 2685 5927 et
2706 5867 2854 5925 illam
2892 5874 3136 5938 partem,
3182 5863 3350 5938 615
3386 5876 3551 5935 quam
