4032 6336
645 350 775 409 ΗΜ

1564 334 1656 391 AD
1681 334 1831 390 ore.
1875 333 2036 388 vam.
2060 320 2423 388 ιιυιυιςιιίι
2466 335 2553 386 uis
2579 335 2980 389 NUVIGLNIU

3724 353 3820 405 ιιιι

645 464 912 521 allaturus
942 466 1044 521 est,
1074 466 1241 524 super
1282 450 1509 506 calicem
1544 456 1694 503 tenet
1712 486 1728 511 ,
1759 446 1919 500 aliam
1974 445 2026 499 in
2052 444 2235 513 pixide
2263 444 2314 501 Α
2340 440 2780 499 Christianorum
2806 460 2989 501 mores
3009 445 3226 503 allicere
3242 447 3561 507 conabantur
3580 452 3715 526 (quod
3730 465 3822 523 ευίιε

618 552 893 615 .renonit;
926 557 984 602 et
1020 556 1150 599 tunc
1175 543 1246 597 ab
1277 537 1516 595 armario
1539 546 1648 592 tam
1681 550 1874 591 manus
1909 533 2228 597 sacerdotis,

644 660 809 713 quam
842 642 958 707 ipse
996 636 1137 691 calix
1172 632 1389 690 linteolo
1434 630 1789 686 mundissimo
1825 629 2230 699 cooperiuntur.

643 732 701 789 Si
743 740 870 787 tunc
897 736 1196 786 conventus
1226 725 1281 780 in
1321 725 1488 780 choro
1533 730 1638 788 est,
1667 720 1885 791 quando
1910 718 2137 776 discedit
2163 717 2232 774 ab

642 824 823 890 altari,
857 831 1001 877 totus
1029 820 1244 875 veniam
1277 832 1374 890 pro
1401 816 1705 872 reverentia
1732 814 1999 869 Dominici
2038 828 2231 884 corpo-

642 916 721 973 ris
753 914 906 986 petit.
937 911 1201 969 Similiter
1242 908 1552 978 ubicunque
1597 903 1834 961 viderint
1878 919 2002 959 eum
2030 903 2227 959 fratres
2259 926 2268 934 -

643 1014 1016 1063 transeuntem
1045 1002 1271 1061 faciunt.
1300 1000 1508 1056 Interea
1539 1006 1763 1053 curatur
1784 1005 1843 1050 ut
1872 996 2070 1051 infirmi
2099 996 2231 1050 huco

639 1114 702 1157 ca
727 1099 937 1155 lavetur
967 1096 1240 1167 recepturi
1265 1095 1438 1166 ipsum
1469 1092 1807 1148 Dominicum
1834 1105 2054 1162 corpus.
2070 1090 2228 1146 Prius

640 1201 821 1250 autem
852 1206 1014 1264 quam
1043 1188 1292 1259 recipiat,
1323 1185 1587 1256 Conﬁteor
1638 1184 1853 1248 dicitur,
1884 1192 1938 1238 et
1964 1182 2226 1238 fratribus

639 1286 696 1341 in
726 1296 1013 1339 commune
1043 1279 1360 1335 Misereatur
1382 1268 1533 1333 vestri
1565 1274 2045 1347 respondentibus;
2077 1273 2226 1331 solus

636 1375 897 1435 sacerdos
945 1373 1292 1447 prosequitur
1319 1387 1335 1427 :
1369 1370 1760 1444 Indulgentiae:
1788 1378 1836 1424 et
1870 1367 2229 1423 remissionem

638 1468 877 1525 omnium
906 1474 1238 1536 peccatorum
1268 1472 1501 1527 tuorum,
1532 1472 1639 1519 etc.
1668 1462 1848 1532 lpsum
1882 1470 2065 1516 autem
2114 1458 2221 1514 Do-

638 1559 771 1617 mini
797 1574 992 1629 corpus
1023 1559 1077 1614 iu
1113 1558 1240 1613 vino
1272 1571 1427 1628 aquae
1448 1556 1709 1627 permisto
1737 1554 2079 1626 intinguitur.
2106 1552 2225 1622 Quo

632 1659 856 1722 epotato
876 1650 1043 1706 ebibit
1066 1663 1284 1723 quoque
1307 1648 1639 1705 ablutionem
1664 1648 1873 1713 calicis,
1896 1656 1952 1703 et
1977 1648 2021 1703 si
2047 1655 2224 1717 potest

630 1741 967 1799 ablutionem
995 1741 1286 1814 digitorum
1315 1741 1637 1807 sacerdoris,
1665 1749 1719 1796 et
1741 1740 1917 1797 adhuc
1939 1741 2146 1807 calicis,
2176 1739 2223 1796 si

634 1846 743 1888 non
772 1843 971 1903 potest,
1008 1831 1146 1887 alius
1188 1832 1376 1887 ebibit.
1410 1831 1712 1888 Adhibetur
1736 1844 1951 1902 quoque
1980 1830 2056 1885 illi
2088 1845 2225 1886 crux

632 1937 667 1978 a
699 1926 1001 1985 sacerdote,
1036 1931 1097 1980 ut
1136 1939 1256 1980 eam
1287 1924 1476 1979 adoret
1506 1931 1560 1978 et
1588 1922 1885 1978 osculetur.
1933 1920 2223 1979 Osculatur

633 2014 801 2073 etiam
831 2019 986 2088 quasi
1017 2017 1266 2072 ultimum
1300 2015 1419 2072 vale
1444 2015 1724 2083 facturus;
1761 2014 1938 2084 primo
1972 2015 2223 2070 sacerdo-

627 2116 767 2177 tem,
807 2109 1002 2165 deinde
1031 2124 1220 2167 omnes
1245 2108 1461 2175 fratres,
1492 2116 1547 2163 et
1567 2124 1661 2180 per
1683 2108 1963 2177 antiquam
1987 2121 2219 2162 consue-

631 2200 896 2267 tudinem,
923 2201 1071 2271 ipsos
1097 2215 1312 2272 quoque
1343 2214 1559 2273 Pueros.
1597 2198 1758 2254 Redit
1793 2208 2111 2253 conventus.

706 2314 727 2349 ι
773 2294 1068 2367 Postquam
1114 2292 1290 2352 autem
1319 2294 1491 2351 frater
1538 2293 1605 2349 ad
1656 2292 1966 2362 hujusmodi
2011 2293 2223 2349 venerit

630 2390 1023 2455 infirmitatem,
1067 2390 1360 2447 adhibetur
1405 2390 1455 2446 ei
1507 2404 1647 2445 unus
1687 2387 1943 2453 famulus,
1973 2388 2064 2459 qni
2113 2404 2221 2444 non

628 2481 794 2538 habet
825 2482 969 2538 aliud
995 2482 1200 2549 facere,
1232 2483 1336 2538 nisi
1382 2490 1441 2538 ut
1468 2482 1801 2553 obsequatur
1847 2480 2097 2547 infirmo;
2125 2479 2223 2536 sed

626 2585 686 2629 et
719 2574 772 2629 in
804 2583 962 2630 nocte
1003 2574 1189 2630 famuli
1229 2589 1422 2630 omnes
1451 2574 1544 2645 qui
1574 2583 1699 2630 sunt
1724 2573 1776 2628 in
1811 2572 2109 2628 infirmaria
2142 2572 2224 2628 di-

628 2665 864 2738 ligenter
882 2668 1178 2733 excubant,
1196 2683 1264 2724 ne
1289 2669 1472 2724 obitus
1497 2668 1616 2738 ejus
1635 2667 1961 2736 improvisus
1983 2665 2218 2721 eveniat.

627 2757 776 2816 Crux
805 2770 889 2816 est
917 2770 1109 2817 contra
1158 2761 1353 2818 faciem
1389 2761 1509 2832 ejus
1548 2759 1731 2826 affixa,
1764 2768 1820 2815 et
1865 2759 2047 2815 lumen
2076 2761 2224 2816 cerei

628 2867 801 2923 usque
830 2855 898 2908 ad
926 2853 1128 2909 claram
1154 2854 1299 2909 diem
1321 2869 1426 2910 non
1473 2854 1674 2909 deficit.
1707 2852 1764 2908 Si
1791 2851 1915 2922 quis
1946 2853 2115 2907 frater
2141 2862 2225 2909 est

626 2943 701 3000 ita
739 2944 1045 3016 religiosus,
1069 2946 1156 3000 cui
1188 2946 1290 3001 hoc
1314 2959 1415 3017 pro
1445 2946 1702 3018 singulari
1740 2944 1962 3002 libuerit
1988 2945 2181 3001 affectu
2204 2986 2220 3011 ,

625 3045 685 3092 ut
724 3038 838 3108 ipse
878 3052 1096 3109 quoque
1124 3047 1403 3094 remaneat
1431 3054 1555 3094 cum
1587 3038 1803 3094 infirmo
1832 3036 2132 3103 excubans,
2159 3036 2223 3091 li-

623 3131 819 3188 benter
840 3134 890 3187 ei
912 3132 1063 3203 prior
1082 3133 1403 3204 acquiescit.
1428 3130 1640 3188 Famuli
1668 3132 1762 3202 qui
1783 3139 1909 3188 sunt
1940 3131 1992 3185 in
2025 3130 2222 3187 talibus

2339 536 2653 593 observavit
2684 537 2875 593 doctus
2903 538 3189 595 admodum
3222 539 3379 595 Joan.
3410 542 3473 598 de
3497 542 3704 619 Launoy)
3743 571 3756 601 ι
3787 570 3823 609 ιιι

2336 627 2645 685 conformes
2668 628 2861 685 fierent
2886 629 3136 702 imaginis
3161 630 3287 686 Filii
3309 630 3397 686 Dei
3421 632 3584 704 (Rom.
3609 640 3820 711 \‘iti,2.‘l),i

2334 728 2443 776 etc.
2474 718 2805 789 Apostolus:
2839 719 3118 790 Siquidem
3160 739 3178 774 ι
3212 722 3350 777 dura
3368 732 3423 777 et
3441 739 3630 796 aspera,
3654 744 3825 800 perque

2336 813 2448 868 itur
2476 813 2542 866 ad
2591 812 2782 877 Deum,
2811 823 3032 884 propter
3076 814 3508 872 emendationem
3551 819 3771 889 vitiorum,
3792 840 3827 880 ει

2336 905 2812 961 conservationem
2846 905 3153 975 charitatis,
3190 926 3210 962 ι
3269 908 3427 979 plane
3453 924 3540 966 eos
3562 913 3642 983 qui
3676 914 3827 973 Christo

2333 998 2533 1056 dedere
2563 1015 2759 1055 nomen
2792 1000 3079 1065 condecet,
3118 1000 3193 1057 ait
3247 1015 3370 1072 cap.
3421 1001 3487 1059 58
3521 1013 3571 1059 et
3602 1006 3645 1061 in
3670 1009 3825 1081 prologo

2333 1090 2535 1162 regulae
2572 1100 2795 1148 sanctus
2820 1090 3168 1156 Benedictus,
3204 1110 3224 1145 ι
3261 1093 3583 1150 Arctissima:
3616 1097 3718 1152 vitae
3750 1116 3826 1155 nu-

2332 1182 2504 1254 gistcr
2525 1185 2784 1253 optimus,
2821 1203 2838 1237 ι
2866 1201 2897 1241 a
2923 1183 3117 1256 Magno
3147 1183 3413 1257 Gregorio
3433 1186 3611 1256 dictus,
3636 1186 3712 1246 lio.
3736 1205 3773 1245 tt
3793 1192 3825 1249 in

2330 1272 2471 1331 libro
2500 1275 2633 1347 Reg.
2669 1292 2790 1346 cap.
2822 1276 2875 1333 9.

2406 1362 2545 1421 Hinc
2572 1366 2626 1421 in
2648 1367 2851 1424 scholis
2874 1367 3266 1424 monachorum
3292 1370 3526 1441 quicum
3549 1369 3730 1442 pietate,
3751 1381 3823 1430 tum

2333 1454 2532 1512 litteris
2556 1457 2960 1527 imbuebantur,
2991 1461 3100 1516 alte
3140 1461 3281 1517 adeo
3326 1461 3379 1517 in
3407 1471 3573 1519 mente
3604 1465 3825 1522 retinebat

2332 1563 2455 1619 qua:
2486 1550 2604 1605 visu
2626 1566 2690 1606 ac
2718 1566 2815 1606 usu
2846 1552 3171 1622 didicerant,
3197 1554 3277 1607 uti
3303 1562 3486 1623 postea
3508 1562 3609 1610 toto
3634 1556 3730 1611 vita
3743 1572 3823 1614 cur.

2332 1639 2507 1697 riculo
2533 1656 2595 1697 ea
2630 1641 2745 1698 suis
2795 1643 3039 1699 tnoribus
3083 1644 3475 1715 exprimerent.
3510 1644 3720 1703 Omnium
3750 1648 3824 1705 rice

2332 1730 2501 1789 fuerit
2548 1733 2858 1789 Ludovicus
2892 1734 3126 1792 Grossus
3164 1736 3505 1793 Francorum
3546 1754 3822 1810 rex,qnema

2260 1816 2305 1872 Β
2334 1841 2508 1899 puero
2535 1835 2687 1898 pater
2724 1827 3006 1899 Philippus
3032 1827 3584 1903 Sandinnysianorum
3608 1833 3822 1886 monacho-

2329 1936 2452 1975 rum
2481 1920 2779 1991 disciplina:
2799 1922 3138 1977 etlucandum
3156 1922 3448 1987 obtulerat;
3465 1920 3822 1993 quoChrislianis~

2328 2013 2501 2069 simus
2516 2012 2671 2081 juxta
2696 2024 2749 2069 et
2771 2014 3251 2085 prudentissimus,
3279 2013 3818 2086 sapientissimusmsit,

2334 2118 2476 2164 teste
2499 2109 2720 2166 oculato
2753 2106 2985 2181 Sugerio
3012 2110 3065 2165 in
3089 2110 3210 2181 ejus
3231 2110 3368 2165 vita.
3390 2107 3533 2176 Quod
3555 2110 3728 2164 demunt
3746 2110 3820 2178 pius

2329 2198 2421 2254 ille
2437 2216 2533 2256 rex
2554 2201 2716 2256 morti
2733 2201 3014 2271 proximus
3027 2200 3311 2272 religionis
3326 2201 3584 2271 specimen
3606 2199 3818 2270 reliquerit,

2329 2294 2585 2365 indigitat
2616 2294 2758 2350 idem
2789 2304 2983 2351 auctor
3004 2309 3070 2349 eo
3099 2294 3203 2350 loci
3235 2311 3253 2352 :
3286 2314 3305 2347 ι
3342 2292 3445 2362 Qui
3472 2301 3529 2347 ut
3557 2303 3657 2347 erat
3677 2292 3716 2347 in
3733 2307 3817 2347 cono

2328 2384 2469 2440 siliis
2500 2385 2782 2456 providus,
2818 2386 2921 2442 sibi
2970 2385 3072 2457 ipsi
3095 2386 3415 2453 consulens,
3464 2394 3560 2441 etc.
3588 2384 3679 2439 lloc
3710 2400 3815 2438 llllllm

2331 2486 2506 2534 totum
2533 2479 2699 2534 animi
2739 2479 2935 2535 affectu
2965 2490 3298 2551 prmptans,
3348 2476 3485 2549 apud
3533 2484 3708 2533 sanctos
3726 2491 3816 2531 mar-

2333 2581 2485 2644 tyres
2519 2582 2859 2642 protectores
2884 2587 3013 2628 suos
3043 2573 3365 2645 Dionysium
3395 2571 3648 2641 sociosque
3668 2570 3815 2639 ejus,se

2331 2664 2826 2737 quomodocunque
2850 2664 3070 2729 deferri,
3098 2675 3153 2719 et
3182 2674 3316 2721 ante
3340 2663 3673 2721 sacratissima
3689 2675 3812 2716 eorum

2330 2773 2580 2830 corpora,
2615 2759 2766 2829 regni
2798 2769 2854 2815 et
2901 2775 3117 2816 corona:
3142 2761 3501 2832 depositione,
3525 2771 3723 2815 coronam
3750 2770 3813 2825 pro

2330 2865 2551 2916 corona,
2601 2867 2699 2921 pro
2746 2852 3019 2923 regalibus
3062 2861 3117 2908 et
3175 2852 3544 2924 imperialibus
3576 2847 3814 2907 ammentis

2333 2942 2483 2997 humi
2514 2941 2660 2998 beati
2693 2942 2968 3000 Benedicti
2995 2947 3362 3002 monasticnm
3386 2945 3610 3001 ordinem
3628 2939 3811 3014 profiteri.

2332 3032 2590 3101 Videant,
2621 3036 2713 3107 qui
2768 3038 3071 3108 paupertati
3104 3040 3423 3095 monasticae
3466 3038 3811 3106 derogant,quo-

2333 3128 2494 3185 modo
2542 3144 2649 3186 non
2703 3130 2882 3186 solum
2931 3130 3352 3203 archiepiscOpi,
3385 3130 3475 3187 sed
3514 3140 3562 3186 et
3596 3128 3673 3199 ipsi
3711 3138 3810 3195 reget

626 3223 856 3281 multum
886 3191 1206 3291 exercitati,
1258 3225 1486 3281 multant
1516 3224 1747 3296 opperiti
1774 3264 1791 3290 ,
1828 3240 1950 3280 cum
1983 3224 2221 3280 viderint
2248 3191 2295 3256 θ
2332 3221 2661 3278 transitoria:
2687 3223 2854 3279 vitam
2887 3232 3146 3279 aeternam
3170 3191 3538 3294 praeferentes,
3565 3221 3620 3276 ad
3652 3216 3811 3288 singula-

616 3315 733 3391 jam
764 3320 884 3392 ejus
909 3322 1088 3376 exitus
1111 3322 1299 3377 horam
1329 3319 1888 3389 imminere,cilicium
1917 3320 1983 3375 ad
2017 3330 2220 3375 terram

622 3414 958 3483 expandunt,
992 3422 1046 3469 et
1095 3414 1332 3470 cinerem
1379 3414 1433 3468 in
1464 3414 1643 3470 crucis
1672 3415 1889 3469 modum
1937 3425 2220 3486 spargunt,

621 3503 902 3561 infirmum
933 3505 999 3561 de
1027 3504 1168 3563 lecto
1190 3505 1428 3561 levatum
1454 3506 1507 3562 in
1535 3504 1773 3562 ciliciqu
1798 3516 2027 3578 ponunt.
2060 3506 2223 3563 Dein-

620 3597 692 3655 de
723 3598 1056 3656 inlirmarins
1080 3600 1242 3657 debet
1287 3601 1456 3671 priori
1498 3601 1783 3657 notiticare
1809 3603 1953 3672 quod
1982 3602 2071 3659 ille
2110 3603 2224 3677 fra-

621 3703 710 3752 ter
732 3693 812 3750 sic
863 3703 947 3753 est
972 3709 1138 3767 prope
1194 3710 1351 3751 suum
1387 3695 1569 3750 tinent.
1600 3694 1758 3750 Prior
1803 3708 1954 3762 Vt‘I‘O,
1999 3696 2043 3752 si
2074 3712 2222 3768 aeger

621 3784 876 3842 habuerit
924 3784 1270 3851 memoriam,
1321 3784 1601 3856 praicipiet
1649 3784 1812 3841 alicui
1847 3786 2077 3842 fratrum
2110 3827 2126 3854 ,
2156 3795 2219 3844 ut

615 3876 769 3949 legat
797 3893 981 3935 coram
1023 3893 1089 3934 eo
1119 3878 1445 3948 passiones:
1486 3878 1534 3934 si
1574 3887 1757 3936 autem
1788 3894 1896 3935 non
1937 3880 2214 3952 habuerit,

620 3970 901 4044 praecipiet
954 3970 1188 4037 duobus,
1216 3970 1302 4028 vel
1349 3980 1604 4041 quatuor,
1636 3980 1696 4028 ut
1742 3970 2115 4028 indesinenter
2143 3975 2217 4031 ibi

616 4071 844 4122 cantent
870 4062 1131 4134 psalmos,
1163 4064 1335 4119 donec
1364 4072 1551 4119 notum
1579 4062 1651 4120 sit
1681 4073 1735 4119 et
1759 4073 1945 4137 pateat
1977 4065 2214 4122 animam

617 4156 688 4214 de
720 4170 948 4227 corpore
967 4154 1083 4226 jam
1110 4170 1457 4229 cgressuram
1490 4156 1607 4213 sine
1636 4156 1792 4229 longa
1841 4173 2015 4214 mora.
2060 4157 2216 4227 Quod

618 4264 753 4311 cum.
777 4249 975 4306 viderit
1000 4247 1264 4315 famulus,
1290 4250 1381 4321 qui
1415 4249 1552 4307 bene
1575 4250 1766 4309 doctus
1794 4260 1849 4305 et
1890 4252 2125 4308 usitatus
2160 4253 2214 4308 in

617 4341 916 4400 taliotlicio
939 4351 1046 4409 est,
1089 4352 1203 4399 tum
1235 4344 1453 4400 demum
1486 4352 1760 4414 arreptam
1788 4344 2029 4399 tabulam
2053 4343 2216 4401 debet

616 4433 857 4501 fortiter,
921 4444 978 4490 et
1028 4448 1151 4490 cum
1208 4431 1523 4490 festinantia
1582 4432 1769 4501 multa,
1818 4442 2105 4503 percutere
2158 4434 2211 4489 in

2332 3330 2447 3371 rem
2495 3316 2783 3373 monastici
2824 3315 3035 3372 ordinis
3078 3316 3309 3372 tutelam
3347 3313 3656 3373 securissime
3688 3308 3795 3365 confu

2327 3406 2503 3480 giuut.
2541 3427 2560 3461 ι
2596 3408 2664 3465 Et
2704 3407 2843 3464 infra
2868 3409 2969 3465 sub
3006 3409 3193 3465 ﬁnem.
3225 3427 3245 3462 ι
3278 3408 3631 3481 Ριιωοὲρὶθιιιθε
3653 3417 3746 3473 ergo
3763 3407 3809 3453 la-

2326 3510 2511 3570 petum
2541 3508 2718 3569 terrai,
2752 3510 2807 3556 et
2857 3500 3075 3558 cineres
3115 3509 3300 3573 tapeto
3349 3504 3402 3557 in
3447 3499 3653 3557 meoium
3692 3491 3808 3551 crucis

2327 3592 2547 3665 deponi,
2594 3594 2796 3650 ibidem
2843 3593 3096 3652 manibus
3146 3611 3377 3652 suorum
3434 3587 3809 3667 depositusﬁisll°

2326 3695 2530 3744 sancite
2552 3689 2733 3744 crucis
2747 3688 3093 3759 praesentiam
3121 3705 3275 3746 suam
3306 3688 3567 3753 muniens,
3588 3694 3690 3748 etc.
3705 3678 3809 3751 spiti-

2327 3793 2443 3838 tum
2488 3781 2691 3839 emisit.
2737 3799 2756 3834 ι
2790 3780 2867 3838 lta
2899 3792 3047 3840 tomo
3091 3781 3162 3839 IV
3225 3782 3371 3840 Hist.
3409 3781 3589 3838 Franc.
3612 3775 3716 3833 And.
3738 3772 3808 3827 Du-

2325 3879 2550 3935 chesne.

2400 3971 2490 4044 (°°)
2529 3970 2658 4029 Car.
2716 3969 2908 4028 XXlll.
2958 4002 3029 4014 —
3068 3990 3089 4026 ι
3132 3971 3216 4026 Ad
3273 3970 3521 4029 abbatem
3566 3959 3806 4023 ωοηιειειίῐο

2322 4064 2466 4134 quod
2498 4062 2797 4119 vocabatur
2830 4064 2897 4120 de
2925 4062 3094 4119 Bello.
3133 4082 3153 4117 ι
3190 4062 3285 4119 Sic
3328 4071 3500 4118 autem
3537 4060 3806 4116 vocitatum:

2319 4155 2462 4213 bello
2492 4156 2547 4211 in
2582 4173 2689 4228 quo
2718 4156 2846 4212 vicit
2879 4156 3172 4213 Haraldnm
3198 4155 3511 4213 Guillelmus
3541 4152 3805 4221 Conqueslon

2321 4251 2388 4306 ad
2428 4250 2581 4307 littus
2621 4250 3035 4306 Sussexianum.
3076 4249 3264 4306 ltefert
3298 4247 3624 4305 Fundatiouis
3645 4240 3804 4312 diploma

2320 4343 2586 4401 Seldenus
2614 4342 2765 4399 Notis
2798 4342 2863 4398 ad
2910 4342 3169 4398 Eadmeri
3214 4341 3358 4398 Hist.
3389 4354 3642 4401 novorum,
3664 4351 3704 4406 p.
3726 4328 3801 4385 I65.

2325 4454 2344 4489 ι
2379 4434 2595 4493 Guillel.
2625 4436 2719 4492 Dei
2752 4436 2926 4508 gratia
2954 4450 3046 4491 rex
3070 4435 3254 4507 Angl.,
3281 4444 3390 4491 etc.
3427 4432 3602 4488 Notum
3631 4428 3685 4484 sit
3708 4420 3803 4478 vobis

537 4605 545 4613 υ
616 4524 859 4584 claustro
888 4533 1016 4582 ante
1043 4525 1270 4598 gradum
1305 4524 1609 4581 dormitorii
1653 4542 1665 4578 :
1695 4524 1867 4595 prius,
1896 4525 1941 4580 si
1970 4540 2077 4580 nox
2106 4533 2210 4592 est,
2248 4552 2295 4610 Β
2323 4543 2410 4585 me
2437 4529 2776 4585 concessisse
2822 4544 2887 4586 ac
2934 4528 3320 4594 confirmasse,
3366 4540 3571 4583 assensu
3597 4512 3800 4613 Laulnnri

617 4619 868 4677 accensis
892 4619 1131 4676 lucernis
1172 4618 1226 4675 in
1257 4617 1499 4674 claustro
1530 4618 1865 4682 infirmariat,
1894 4627 1949 4673 et
1976 4633 2074 4689 per
2095 4619 2211 4675 adi-
2242 4606 2283 4639 '—
2319 4623 2564 4692 archiep.
2606 4621 3049 4685 Cantuarieusis,
3080 4632 3186 4677 etc.
3220 4630 3300 4690 nt,
3336 4620 3550 4678 ecclesia
3578 4615 3628 4671 S.
3654 4606 3800 4667 llarlini

594 4720 734 4773 Jum
780 4728 881 4784 per
903 4728 1065 4786 quem
1096 4714 1205 4770 itur
1230 4712 1287 4769 in
1325 4710 1708 4780 infirmariam,
1746 4729 1765 4765 ι
1796 4721 1903 4769 etc.
1937 4709 2211 4769 Hactenus

594 4806 756 4868 liber
788 4823 892 4865 ms.

593 4956 603 4966 ,
685 4900 890 4959 Locum
929 4901 983 4958 in
1028 4914 1138 4973 quo
1163 4899 1470 4957 moribundi
1512 4914 1708 4972 corpus
1741 4899 1935 4971 deponi
1982 4901 2207 4966 soleret,

614 4993 879 5052 describit
925 4992 1124 5050 Petrus
1176 4991 1444 5049 Venerab.
1493 4991 1569 5047 De
1609 4990 1885 5048 Miraculis
1935 5006 2058 5060 cap.
2115 4992 2207 5048 19.

619 5107 639 5144 ι
681 5087 928 5146 llabetur
956 5096 1138 5144 autem
1169 5084 1459 5161 (Cluniaci)
1506 5083 1561 5139 in
1607 5083 1768 5141 domo
1824 5084 1999 5139 media
2032 5083 2207 5154 (infir-

610 5185 848 5254 morum)
878 5182 1029 5238 locus
1064 5179 1228 5236 unius
1258 5176 1504 5250 corporis
1544 5191 1751 5247 capax,
1782 5175 1850 5230 ad
1900 5175 2005 5230 hoc
2048 5184 2207 5246 apta-

612 5284 724 5340 tus,
753 5283 815 5331 ut
841 5273 1041 5330 fratres
1077 5272 1277 5329 ibidem
1304 5271 1360 5327 in
1390 5272 1575 5328 cinere
1600 5278 1655 5327 et
1685 5268 1865 5325 cilicio
1892 5269 2202 5342 compositi,

606 5376 912 5424 extremum
940 5365 1051 5423 Deo
1078 5364 1329 5437 spiritum
1359 5363 1602 5429 reddant,
1636 5379 1655 5417 ›
1689 5370 1795 5419 etc.

680 5458 846 5515 Addit
869 5469 924 5514 et
957 5457 1047 5515 ille
1080 5456 1271 5513 eodem
1296 5456 1419 5520 lib.,
1443 5469 1564 5527 cap.
1596 5454 1653 5522 ὁ,
1678 5469 1883 5510 morem
1913 5453 2058 5511 hunc
2082 5469 2206 5512 esse

2317 4719 2384 4773 de
2424 4715 2594 4785 Bello,
2626 4716 2794 4789 616
2822 4731 2983 4786 quam
3016 4714 3238 4771 fundavi
3270 4732 3342 4773 ex
3374 4723 3492 4771 voto
3510 4711 3571 4767 ob
3602 4704 3798 4762 victoriam

2314 4824 2479 4881 quam
2524 4808 2657 4863 mihi
2700 4808 2845 4863 Deus
2872 4808 2926 4862 in
2967 4808 3159 4864 eodem
3200 4806 3322 4866 loco
3359 4800 3735 4869 eontulit,libcra
3754 4792 3798 4844 sil

2315 4910 2371 4957 et
2408 4901 2589 4972 quieta
2618 4902 2688 4957 ah
2717 4901 2864 4957 omni
2899 4901 3185 4970 servitute,
3225 4920 3246 4957 ι
3280 4912 3385 4957 etc.
3414 4900 3535 4956 Eam
3558 4891 3689 4951 eximi
3724 4883 3797 4939 vult

2316 4993 2384 5048 ab
2411 4993 2561 5048 omni
2594 5008 2824 5065 prorsus
2859 5002 2968 5050 tam
2999 4992 3197 5063 laicali,
3225 5009 3388 5066 quam
3411 4984 3663 5065 episeopali
3685 4978 3796 5052 Ῑυτίε·

2311 5085 2570 5142 dictione.

2383 5182 2477 5253 (⁶¹)
2516 5181 2647 5237 Isto.
2672 5179 2949 5236 —'Missa
2976 5182 3045 5236 ad
3084 5180 3289 5237 beatam
3340 5179 3555 5236 Mariam
3587 5183 3626 5227 et
3653 5164 3699 5222 de
3719 5164 3795 5230 ipsa

2310 5275 2643 5345 quotidiana.
2676 5272 3073 5329 Laudatissima
3096 5288 3233 5329 sane
3264 5267 3574 5329 consuetudo
3599 5264 3641 5318 in
3665 5266 3792 5313 ωοηίν

2309 5368 2493 5424 steriis
2524 5364 2857 5423 Beuedictini
2883 5365 3005 5420 ord.
3036 5365 3107 5420 ab
3154 5365 3375 5436 antiquo
3398 5367 3610 5429 recepta,

2306 5463 2565 5519 nimirum
2608 5459 2851 5533 quotidie
2886 5459 3018 5515 hora
3063 5468 3216 5515 sexta
3256 5455 3505 5514 matutina
3540 5449 3596 5505 ad
3621 5439 3785 5510 Virginis

605 5550 1045 5610 Christianorum
1077 5561 1133 5608 et
1167 5569 1186 5604 ι
1224 5550 1459 5605 maxime
1480 5549 1874 5606 monachorum
1913 5568 1930 5603 ι
1964 5549 2055 5620 qui
2095 5552 2203 5617 uti-
2304 5556 2555 5625 Deipara:
2616 5552 2880 5610 honorem
2939 5552 3252 5610 decantare,
3306 5546 3540 5607 Chronic.
3588 5538 3784 5594 Becwlse

605 5660 716 5718 que
762 5645 979 5716 scriptis
1028 5645 1317 5715 verbisque
1350 5658 1457 5699 non
1501 5642 1693 5708 modo,
1733 5644 1828 5700 sed
1857 5643 2198 5715 potissimum
2303 5662 2441 5719 page
2473 5646 2556 5701 l7.

608 5738 702 5795 ubi
730 5738 798 5793 ad
839 5739 1035 5796 altiora
1065 5739 1240 5794 evecti
1271 5738 1531 5799 Ecclesiis
1556 5737 1931 5806 praesiderent,
1956 5748 2199 5796 actutum

2375 5739 2464 5811 (³³)
2504 5738 2635 5797 ΕΜ).
2669 5736 2860 5796 xxrv.
2885 5768 2955 5781 -
2978 5736 3281 5794 Cucullum.
3320 5735 3437 5793 Sive
3461 5723 3636 5788 cuculla
3656 5726 3695 5774 et
3715 5726 3781 5770 cn.

604 5828 862 5900 homines
917 5831 988 5895 ad
1042 5827 1350 5907 severiores
1396 5828 1801 5912 rigidiOresquc
1850 5830 2198 5909 antiquorum
2294 5833 2487 5898 cullio.
2514 5830 2613 5896 Est
2638 5832 2911 5912 quoddam
2936 5829 3129 5910 capitis
3151 5830 3547 5909 operimentum.
3569 5813 3777 5883 WW7
