4032 6336
240 303 382 367 ill-5

1370 294 1583 358 DOMNI
1617 294 1678 352 L.
1714 291 2056 353 D‘ACHERV
2096 296 2329 360 NOTIE.

3357 318 3495 378 HN

242 433 305 477 re
335 416 509 478 verbo
534 422 803 488 corrupto
833 429 1019 484 capere
1064 410 1413 503 appellatum,
1455 409 1658 503 gallica
1697 409 1820 503 cha-
1849 410 1897 469 Α
1921 412 2254 503 compositae,
2285 416 2480 487 quibus
2508 433 2609 490 ego
2655 420 2801 480 nulla
2851 423 3127 484 adniterer
3151 432 3493 503 auctoritate,

237 527 419 584 paron.
449 508 523 565 De
550 524 655 580 quo
684 517 869 562 noster
897 503 1184 561 Menardus
1212 501 1279 557 ad
1301 517 1422 571 cap.
1451 499 1520 554 62
1547 499 1811 573 Concord.

240 600 571 675 regularum.
596 597 775 667 Quare
801 598 973 653 isthoc
1011 592 1323 649 vestimenti
1356 606 1551 663 genere
1596 598 1819 645 utantttr

240 692 525 750 emnobitre
549 690 667 761 lege
696 689 896 744 ibidem
923 700 1056 758 page
1085 685 1209 741 887.
1239 683 1312 739 De
1334 682 1543 739 cuculla
1570 682 1723 745 item,
1754 697 1818 737 ac

239 784 453 841 diversa
484 781 833 851 usurpatione
857 778 1117 834 latissime
1157 790 1259 830 nt-c
1283 773 1549 830 inerudite
1588 772 1817 827 Benedi-

226 878 362 935 ctus
406 874 657 933 llaeften.
701 871 981 943 Disquisit.
1014 868 1301 927 monastic.
1336 875 1494 924 tract.
1520 864 1577 933 5,
1609 864 1813 936 disqui-

238 967 330 1025 sit.
366 969 414 1025 Ι.

280 1064 283 1065 ⁷
311 1060 404 1135 (⁸³)
429 1058 557 1117 CAP.
590 1056 782 1115 XXVI.
810 1088 881 1099 -—
908 1056 990 1111 Ad
1016 1053 1317 1110 Lisiardum
1347 1051 1713 1108 Belvacensem
1735 1067 1822 1105 ar-

234 1152 631 1219 chidiaconum,
687 1151 1001 1207 auunculum
1050 1164 1239 1203 meum.
1283 1147 1380 1202 Cui
1432 1146 1716 1217 epistolam
1747 1146 1820 1201 92

237 1244 628 1317 inscripsitlvo
667 1243 889 1300 Carnot.
928 1226 1065 1297 Num
1113 1256 1242 1295 vero
1287 1240 1333 1295 is
1376 1239 1491 1308 ipse
1538 1237 1821 1294 Lisiardus

234 1345 425 1413 postea
447 1337 755 1407 episcopatu
788 1331 1166 1390 Suessionensi
1198 1330 1430 1385 donatus
1460 1328 1643 1395 fuerit,
1666 1345 1818 1386 scru-

236 1431 397 1505 pulus
424 1438 601 1485 movet
648 1430 915 1493 animum;
961 1429 1069 1482 imo
1096 1426 1233 1479 duos
1277 1423 1377 1477 hac
1398 1425 1588 1479 eadem
1619 1434 1823 1495 tempe-

235 1537 380 1583 state
415 1524 729 1597 synonimos
768 1523 1065 1590 exstitisse,
1103 1521 1333 1578 alterum
1382 1522 1819 1576 Bcllovacensem

238 1621 704 1686 archidiaconum,
738 1621 803 1672 de
846 1633 955 1688 quo
989 1616 1076 1672 hic
1124 1616 1183 1672 fit
1224 1618 1449 1680 mentio,
1496 1615 1724 1669 alterum
1752 1627 1820 1669 ex

234 1710 539 1786 praepositq
559 1707 937 1763 Suessionensi
965 1708 1032 1761 ad
1058 1706 1297 1776 ejusdem
1324 1704 1519 1762 infulas
1543 1714 1814 1771 evectum,

232 1806 582 1863 statuendum
631 1804 874 1869 videtur,
904 1803 1122 1872 quando
1149 1802 1364 1872 quidem
1396 1809 1588 1857 auctor
1634 1808 1820 1854 noster

230 1914 303 1955 eo
332 1899 469 1963 loco,
514 1905 569 1953 et
609 1895 749 1951 infra
796 1895 832 1951 ι.
864 1911 948 1960 ιιι,
976 1910 1027 1951 c.
1054 1896 1142 1960 ll,
1194 1905 1357 1965 atque
1406 1894 1460 1950 in
1504 1892 1818 1965 praefatione

234 1989 377 2047 Hist.
408 1989 558 2046 Gest.
591 1989 686 2044 Dei
715 2004 811 2059 per
842 1988 1103 2054 Francos,
1134 2001 1202 2043 ne
1226 1987 1450 2043 verbulo
1482 1987 1698 2057 quidem
1723 1985 1817 2041 Li-

232 2083 480 2140 siardum
508 2080 856 2138 Suessionem
889 2081 991 2137 sibi
1014 2080 1415 2153 propinquitate
1447 2078 1816 2148 conjunctum,

232 2174 331 2231 sed
363 2173 543 2246 potius
571 2189 678 2229 non
707 2173 781 2229 ita
811 2181 993 2227 notum
1038 2183 1134 2226 aut
1150 2170 1472 2226 familiarem
1508 2170 1815 2227 innotescit.

614 2332 708 2389 AD
743 2329 1004 2388 LIBRUM
1041 2329 1437 2390 SECUNDUM.

256 2448 259 2449 ⁷
311 2444 399 2518 (⁸⁸)
438 2443 566 2501 Car.
596 2443 638 2500 l.
666 2474 737 2487 -—
782 2442 1013 2499 Vocatur
1040 2445 1295 2517 siquidem
1324 2441 1697 2516 Novigentum.
1726 2441 1821 2499 Nae.

236 2551 341 2609 ego
383 2536 578 2607 ecquid
620 2535 687 2591 de
728 2535 958 2607 lugendo
1006 2536 1095 2591 illo
1141 2538 1471 2591 monasterio
1514 2533 1821 2605 proferam?

239 2629 440 2702 quippe
467 2645 573 2684 non
608 2628 777 2684 semel
811 2628 1040 2700 idipsum
1086 2628 1268 2683 rabies
1296 2626 1642 2683 Calvinistica
1675 2625 1823 2679 labe-

242 2716 488 2783 factavit,
518 2718 760 2789 diripuit,
796 2716 1028 2772 vastavit
1060 2735 1073 2771 ε
1106 2717 1234 2786 quin
1261 2716 1425 2772 etiam
1462 2716 1685 2770 abbates
1718 2713 1822 2785 ipsi

242 2809 687 2866 commendatarii
730 2808 956 2865 nefanda
980 2810 1172 2865 hmresi
1205 2808 1305 2864 hac
1345 2806 1550 2873 infecti,
1596 2806 1822 2863 saecula-

242 2914 333 2956 res
355 2900 457 2956 viri
487 2899 736 2971 coniugio
780 2900 1036 2971 copulati,
1083 2915 1203 2971 qua:
1248 2899 1562 2956 facultatum
1609 2899 1826 2955 restite-

243 3002 369 3050 rant
427 2993 810 3065 dilapidavere,
863 3004 1045 3050 cartas
1100 2993 1379 3049 tradidere
1433 2994 1518 3049 vel
1574 2993 1827 3065 igni,vel

243 3085 457 3153 amicis,
489 3084 893 3157 parentibnsve,
916 3099 1024 3154 quo
1046 3083 1289 3139 redditus
1307 3082 1418 3138 Deo
1437 3083 1580 3138 sacri
1611 3081 1825 3137 facilius

243 3179 359 3236 suis
385 3177 814 3251 possessionibus
844 3193 947 3248 qua
978 3176 1060 3231 fas
1089 3191 1195 3246 qna
1246 3174 1398 3230 nefas
1445 3174 1821 3246 adiungerent.

244 3268 464 3325 Caztera:
507 3283 636 3324 vero
677 3267 889 3323 scheda:
924 3276 1088 3338 atque
1142 3267 1525 3331 instrumenta,
1576 3266 1710 3321 adeo
1734 3280 1827 3321 su-

246 3362 369 3434 pina
400 3360 686 3416 oscitantia
738 3360 957 3415 fuerunt
1004 3359 1056 3413 in
1093 3358 1423 3414 monasterio
1460 3355 1740 3422 derelicta,
1768 3364 1828 3411 ut

243 3454 346 3510 sub
372 3452 631 3524 impluvio
661 3462 937 3522 corrupta.
969 3465 1256 3506 corrosave
1290 3466 1319 3504 a
1344 3449 1528 3505 blattis
1570 3463 1635 3503 ac
1668 3446 1828 3503 tineis

244 3556 465 3608 exstent
484 3548 644 3603 modo
668 3560 832 3602 :cura
855 3547 1210 3602 nihilominus
1234 3548 1591 3616 permaxima,
1621 3544 1828 3615 ingenti

245 3639 431 3697 labore
459 3654 522 3695 ac
563 3640 742 3696 studio
769 3638 839 3695 ll.
867 3638 930 3694 P.
960 3639 1195 3694 Domnus
1228 3638 1448 3693 Simeon
1478 3637 1827 3692 Maubaillat'd

247 3742 449 3791 nostrae
475 3746 730 3803 congreg.
759 3731 851 3787 illo
877 3732 930 3785 in
964 3732 1214 3788 coenobio
1243 3732 1415 3802 prior,
1448 3731 1532 3785 vir
1574 3745 1679 3785 non
1718 3744 1831 3785 me-

246 3823 508 3881 diocriter
543 3824 812 3893 eruditus,
844 3823 1157 3879 chartarum
1188 3822 1466 3894 reliquias,
1490 3838 1609 3894 qua
1640 3824 1703 3877 ab
1736 3838 1832 3877 ex-

248 3914 392 3973 cidio
416 3922 566 3970 tanto
592 3923 901 3981 evaserant,
940 3915 1160 3986 eripuit.
1188 3914 1386 3969 Earum
1415 3914 1700 3969 nonnullas
1730 3929 1831 3968 no-

248 4009 380 4065 stris
406 4008 878 4065 observationibus
905 4008 1205 4063 inseremus
1235 4007 1394 4062 infra.

326 4101 497 4159 Porro
525 4101 685 4172 plura
710 4100 1007 4173 Novigenta
1031 4101 1172 4156 notis
1195 4102 1260 4155 ad
1287 4101 1450 4155 vitam
1476 4099 1537 4153 Β.
1569 4097 1830 4155 Bernardi

252 4194 460 4269 Tyron.
493 4194 765 4250 recensuit
791 4209 925 4264 page
952 4192 1058 4247 246
1084 4192 1273 4247 doctus
1305 4189 1627 4246 Souchetus.

323 4285 414 4359 (⁸⁸)
454 4285 581 4341 luto.
605 4285 830 4354 --Apud
850 4283 1042 4353 Anglos
1065 4292 1183 4337 ante
1213 4281 1488 4335 Incaruati
1518 4276 1693 4349 Verbi,
1723 4289 1832 4336 etc.

250 4374 312 4431 Si
350 4376 489 4431 mira
535 4375 627 4430 tibi
675 4389 794 4453 quae
843 4374 1009 4429 hocce
1033 4380 1145 4429 toto
1169 4372 1345 4443 capite
1384 4370 1576 4426 attexit
1623 4380 1832 4437 auctor,

1920 499 2021 555 nisi
2049 503 2295 571 quaedam
2322 519 2443 575 quae
2472 506 2760 577 plurimum
2785 512 3039 569 roborant
3074 514 3231 573 fidem
3259 499 3495 579 viderem

1921 592 2187 663 hodieque
2213 605 2481 654 constare.
2515 600 2646 668 Quae
2696 603 2919 661 historia
2948 608 3027 664 sic
3079 624 3139 665 se
3178 610 3379 670 habere
3403 630 3495 671 se-

1920 686 2153 740 cundum
2184 689 2465 756 scripturae
2505 694 2700 749 seriem
2734 697 2983 767 traditur,
3017 719 3036 752 ι
3087 710 3194 758 etc.
3238 702 3400 761 Viden
3429 706 3496 762 il-

1919 777 2029 834 lum
2056 790 2216 854 prout
2246 781 2364 837 istis
2412 786 2659 842 versibus
2685 790 2897 856 tradita,
2947 793 3086 848 haud
3141 796 3301 852 veluti
3331 800 3496 855 certis

1919 871 2150 927 certiora
2177 874 2398 945 scriptis
2420 878 2678 935 mandare
2704 881 2727 935 ’ἔ
2751 881 2809 936 In
2859 883 2963 939 fine
3002 888 3192 958 capitis
3221 890 3368 958 item,
3404 894 3494 949 tibi

1919 962 1988 1018 de
2007 964 2179 1020 sacris
2208 965 2447 1035 reliquiis
2473 984 2504 1022 a
2525 967 2702 1036 Quilio
2726 987 2850 1043 rege
2878 973 3232 1047 Novigentum
3257 981 3496 1038 advectis

1919 1057 2053 1127 egit,
2087 1058 2202 1113 haec
2232 1060 2500 1116 subinfert
2532 1081 2548 1121 :
2590 1080 2609 1114 ι
2648 1063 2776 1120 lude
2807 1067 2913 1122 Deo
2943 1082 3059 1139 post
3088 1082 3296 1143 tempus
3326 1075 3495 1144 pluri-

1919 1164 2067 1204 mum
2093 1161 2419 1219 procurante
2440 1164 2690 1224 exempta
2710 1158 2947 1227 capsula,
2963 1170 3016 1215 et
3043 1178 3070 1213 a
3094 1165 3288 1233 quibus
3314 1168 3496 1224 nescio

1920 1238 2187 1305 fidelibus,
2220 1251 2431 1298 vetusto
2460 1244 2674 1314 Opificio
2719 1247 2835 1301 auri
2886 1250 3107 1318 pretiosi
3138 1253 3368 1310 bracteis
3397 1257 3496 1310 ad-

1919 1342 2107 1401 Operta
2140 1332 2208 1387 ad
2234 1335 2404 1387 nostri
2456 1336 2711 1407 temporis
2737 1338 2951 1393 devenit
2997 1340 3240 1408 intuitus,
3268 1352 3322 1397 et
3358 1347 3499 1400 anti-

1920 1424 2043 1494 quis
2099 1425 2377 1497 hucusquc
2419 1428 2623 1498 praebet
2673 1430 2976 1485 testimonia
3029 1448 3165 1489 nova
3221 1434 3496 1489 relatibus.

1922 1516 2108 1590 Itaque
2134 1517 2236 1575 loci
2286 1519 2427 1576 illius
2469 1521 2549 1576 sic
2575 1522 2930 1593 perhibentur
2958 1538 3078 1578 sese
3112 1525 3365 1582 habuisse
3393 1526 3498 1581 ini-

1924 1614 2019 1668 tia.
2065 1632 2085 1666 ι

1996 1704 2092 1761 Sat
2123 1721 2252 1778 ergo
2299 1714 2405 1773 est,
2436 1721 2466 1761 a
2500 1705 2760 1763 Guiberto
2810 1707 2994 1764 relatis
3028 1708 3188 1765 fidem
3243 1676 3501 1766 adbibere

1851 1779 1895 1836 Β
1923 1806 2149 1867 tantam,
2180 1811 2438 1869 quantam
2468 1808 2524 1856 et
2555 1810 2750 1859 caatera
2777 1811 3056 1856 merentur
3098 1803 3165 1856 ab
3202 1803 3321 1858 aliis
3347 1803 3502 1856 bona:

1921 1901 2062 1949 nota:
2091 1893 2447 1964 scriptoribus
2475 1894 2541 1948 ad
2567 1904 2815 1966 posteros
2865 1895 3133 1949 traducta.
3164 1894 3351 1951 Nonne
3379 1912 3501 1965 per-

1920 1986 2107 2052 multi,
2141 1986 2353 2058 ipsique
2403 1986 2712 2058 gravissimi
2770 1996 3021 2042 auctores
3070 1988 3285 2057 scriptis
3334 1988 3501 2042 inter-

1920 2096 2080 2137 suere
2108 2082 2364 2137 historias
2405 2081 2555 2136 velut
2592 2081 2660 2136 ab
2689 2082 2809 2137 aliis
2841 2093 3183 2152 acceperant,
3211 2098 3304 2137 seu
3337 2084 3503 2136 inter-

1919 2172 2147 2246 legendo
2177 2175 2521 2230 didicerant?
2562 2172 2749 2230 Testes
2804 2173 2904 2230 SS.
2955 2172 3249 2246 Gregorius
3281 2175 3501 2245 Magnus

1920 2266 2073 2324 libris
2104 2268 2332 2338 Dialog.;
2364 2267 2657 2340 Gregorius
2683 2267 2889 2324 Turon.
2918 2270 2994 2325 De
3029 2269 3197 2340 gloria
3229 2267 3501 2324 confessae

1922 2374 2041 2415 rum
2069 2368 2125 2415 et
2150 2359 2297 2428 alibi,
2347 2370 2510 2431 atque
2555 2375 2669 2416 aevo
2715 2360 2959 2416 Guiberti
3014 2359 3282 2416 Venerab.
3310 2359 3503 2416 Petrus

1921 2450 2162 2508 Cluniac.
2192 2453 2381 2522 abbas,
2409 2453 2547 2511 libro
2574 2453 2651 2510 De
2671 2453 2970 2510 miraculis.

1991 2543 2258 2600 Praeterea
2278 2545 2332 2600 iu
2356 2544 2648 2601 Britanniae
2671 2545 2981 2617 regionibus
3012 2552 3089 2599 tot
3116 2545 3500 2614 propemodum

1922 2638 2197 2694 exstitisse
2250 2638 2486 2711 regulos,
2520 2646 2653 2709 quot
2699 2646 2857 2694 erant
2898 2638 3059 2692 urbes
3105 2636 3498 2698 munitissimm,

1923 2746 2083 2787 nemo
2106 2732 2305 2798 nescit;
2357 2747 2464 2787 non
2502 2732 2699 2786 mirum
2730 2731 2894 2803 igitur
2919 2731 2965 2786 si
2998 2729 3199 2785 nullam
3228 2729 3294 2785 de
3323 2728 3502 2796 Quilio

1924 2824 2160 2881 habeant
2187 2824 2516 2881 mentionem
2548 2825 2838 2880 Britannice
2873 2824 3182 2895 scriptores.

1996 2917 2091 2973 llis
2143 2919 2324 2987 itaque
2358 2917 2734 2988 prannonitmu
2764 2927 2816 2973 te
2865 2917 3004 2979 volo.
3048 2917 3219 2972 lector
3267 2916 3499 2981 erudite,

1928 3023 1996 3064 ne
2019 3010 2153 3064 tanti
2188 3009 2289 3063 viri
2324 3009 2633 3064 auctoritati
2680 3010 2951 3074 detrahas,
2982 3009 3195 3077 quando
3224 3008 3499 3075 nonnihil,

1852 3143 1897 3205 C
1930 3101 2072 3173 quod
2114 3102 2296 3156 animo
2338 3102 2545 3157 fortean
2591 3102 2825 3157 baerendi
2855 3102 3093 3172 praebeat
3137 3100 3498 3168 occasionem,

1928 3192 2298 3261 olfenderis,et
2326 3193 2448 3249 inde
2477 3193 2627 3264 parvi
2661 3194 2826 3247 facias
2850 3191 2952 3245 title
2985 3190 3325 3262 dignissima;
3348 3190 3504 3260 quin-

1930 3286 2040 3341 itno
2096 3301 2214 3355 qua:
2263 3294 2406 3339 rctro
2449 3284 2661 3339 szeculis
2706 3293 2981 3338 auctorem
3029 3297 3372 3354 prmecssere,
3406 3296 3501 3335 seu

1928 3388 2048 3444 quae
2074 3373 2173 3443 ipsi
2202 3372 2353 3427 fuere
2386 3372 2549 3445 617
2589 3387 2699 3443 prae
2724 3371 2924 3438 oculis,
2952 3381 3007 3426 et
3035 3386 3153 3441 qum
3179 3385 3270 3426 sua
3316 3384 3504 3425 creue-

1929 3483 1989 3524 re
2016 3476 2350 3539 tetnpestate,
2379 3467 2558 3521 valeas
2586 3466 2783 3521 habere
2815 3465 3041 3521 delecta.

2004 3562 2093 3634 (“)
2133 3562 2264 3617 leto.
2302 3592 2373 3603 —
2409 3560 2621 3615 Castelli
2661 3576 2780 3630 ergo
2829 3557 2976 3613 nulla
3006 3560 3315 3629 antiquitas.
3360 3555 3501 3612 Gra-

1930 3657 2090 3728 phice
2145 3656 2489 3714 Codiciacum
2543 3656 2610 3710 ad
2667 3661 2899 3709 mentem
2962 3651 3199 3707 auctoris
3249 3650 3507 3706 describit

1931 3748 2179 3821 Papirius
2214 3746 2416 3813 Masso,
2451 3747 2504 3801 in
2549 3746 2814 3815 Descript.
2863 3743 3057 3799 Franc.
3106 3758 3201 3813 per
3238 3729 3458 3795 flumina
3488 3758 3502 3795 :

1938 3861 1956 3896 ι
1993 3841 2309 3897 Codiciacns
2341 3850 2424 3895 est
2458 3840 2605 3895 locus
2637 3838 2743 3893 situ
2789 3836 2896 3891 alto
2946 3843 3104 3905 atque
3135 3834 3416 3899 eminenti,
3453 3841 3508 3888 et

1933 3932 2253 3989 naturaliter
2276 3931 2482 3985 munito
2512 3945 2573 3983 ac
2603 3928 2923 4003 despicienti
2952 3926 3185 3995 undique
3207 3923 3506 3994 subjectum

1932 4024 2208 4096 planitiem
2266 4022 2550 4077 admodum
2604 4019 2832 4075 fertilem
2863 4059 2877 4084 ,
2926 4032 3045 4088 qua:
3109 4030 3298 4070 sumen
3352 4024 3509 4067 terrm

1934 4115 2036 4170 dici
2078 4120 2275 4185 potest.
2317 4110 2662 4165 Codiciacnm
2706 4123 2864 4163 nemo
2912 4106 3057 4177 quod
3121 4105 3287 4159 sciant
3324 4100 3506 4171 appel-

1933 4207 2086 4273 lavit,
2110 4205 2201 4275 qui
2231 4211 2355 4258 ante
2379 4201 2741 4257 Flodoardum
2771 4199 2982 4254 vixerit.
3013 4197 3069 4252 ln
3102 4196 3298 4251 finibus
3325 4205 3504 4247 autem

1933 4296 2309 4353 Laudunensis
2336 4295 2485 4351 urbis
2518 4302 2574 4349 ct
2606 4294 2949 4363 episcopatus
2992 4289 3291 4345 collocatus
3321 4296 3423 4351 est,
3455 4297 3510 4343 et

1937 4389 2135 4445 finibus
2173 4385 2660 4441 Viromanduorutn
2689 4383 3015 4437 continetur.
3046 4397 3064 4431 ι

248 4468 556 4535 videantur,
574 4481 765 4523 caveas
782 4474 961 4522 tamen
989 4467 1086 4536 ipsi
1102 4465 1262 4521 velim
1287 4474 1467 4519 notam
1484 4469 1565 4523 vel
1584 4467 1825 4533 inscitize,

2012 4481 2101 4553 (‘7)
2138 4480 2267 4535 lato.
2297 4508 2368 4517 --
2404 4473 2616 4541 Fluvio,
2660 4488 2809 4541 quem
2854 4488 3014 4541 supra
3056 4468 3510 4538 dixintus,’Aqui-

250 4558 338 4615 vel
361 4559 586 4625 fraudis,
602 4567 695 4613 aut
721 4559 1004 4614 calumniae
1026 4557 1506 4631 inurere.Natnque
1529 4559 1832 4616 licetaltum

251 4653 398 4725 apud
451 4654 747 4723 scriptores
789 4666 910 4707 cum
966 4667 1174 4717 sacros,
1216 4652 1416 4708 Lucam
1479 4653 1831 4723 apostolicum

250 4747 564 4821 praecipue,
604 4757 717 4802 tum
754 4747 1065 4813 steculares,
1116 4762 1178 4801 ac
1218 4762 1328 4817 prae
1367 4747 1578 4803 caeteris
1631 4748 1723 4818 qui
1766 4748 1833 4803 de

252 4840 587 4935 Britannicis
609 4840 880 4909 scripsere
909 4840 1091 4906 rebus,
1125 4839 1285 4894 fuerit
1305 4830 1607 4907 silentium;
1638 4848 1690 4895 et
1714 4841 1833 4896 ani-

253 4932 403 4993 inus"
420 4934 677 4991 nonnulla
717 4936 941 4990 credere
969 4932 1190 5002 hujusce
1214 4934 1541 4987 narrationis
1575 4935 1837 5005 quodam-

260 5028 425 5085 modo
454 5025 719 5097 refugiat,
766 5042 886 5097 qua:
918 5026 1114 5080 litteris
1153 5025 1240 5080 ille
1269 5042 1299 5080 a
1331 5026 1624 5093 majoribus
1658 5029 1837 5084 consi-

254 5128 425 5192 gnata
442 5119 643 5190 reperit
675 5133 797 5173 cum
829 5120 1036 5189 aperiat
1076 5120 1633 5189 nude,quid,amabo,
1657 5122 1840 5176 crimi-

263 5209 379 5278 nls,
412 5210 583 5281 culpa:
606 5204 736 5281 qtiid
783 5211 1090 5267 commisit?
1132 5213 1287 5283 plane
1335 5214 1487 5268 nihil.
1534 5215 1744 5269 Etenim
1775 5230 1839 5270 ea

261 5300 489 5373 minime
516 5309 767 5371 tanquam
792 5299 1106 5356 indubitata:
1131 5302 1251 5357 fidei
1278 5305 1543 5360 credenda
1567 5305 1836 5375 proponit.

259 5392 532 5450 Bistorica
560 5402 723 5460 sunt;
755 5392 976 5448 absurdi
1007 5393 1161 5460 nihil,
1191 5410 1363 5465 neque
1391 5406 1574 5467 aperte
1594 5397 1706 5451 falsi
1731 5412 1841 5467 prae

1933 4575 2008 4643 la,
2031 4584 2137 4629 etc.
2184 4571 2383 4643 Vulgus
2418 4583 2562 4624 nunc
2612 4564 2802 4630 Elette,
2854 4572 2909 4620 et
2951 4562 3172 4631 Ailette,
3212 4561 3509 4632 antiquitas

1932 4681 2062 4722 vero
2094 4664 2312 4735 Aiglette
2334 4661 2586 4732 appellat.

2005 4758 2097 4829 (“)
2142 4757 2275 4811 lein.
2310 4784 2381 4795 —
2414 4753 2471 4809 Si
2502 4752 2708 4823 femina:
2746 4750 2977 4804 nomium
3015 4756 3153 4804 nata:
3191 4764 3307 4820 qua:
3343 4746 3508 4801 Deum

1934 4858 1983 4904 et
2028 4846 2285 4902 hominem
2334 4854 2463 4899 esset
2509 4841 2768 4913 genitura.
2819 4840 3027 4896 Similis
3075 4840 3141 4895 de
3194 4839 3387 4909 insigni
3419 4837 3511 4892 illo

1936 4939 2254 5006 Carnotensi
2288 4938 2486 5007 templo
2525 4934 2744 4990 traditio
2766 4945 2871 5000 est,
2900 4934 3043 5004 quod
3076 4947 3269 5001 nempe
3294 4950 3320 4984 a
3358 4929 3512 4983 Drui-

1937 5032 2022 5088 dis
2047 5038 2171 5086 ante
2200 5030 2361 5084 Verbi
2394 5029 2661 5084 lncarnati
2702 5030 2987 5082 adventum
3028 5023 3231 5095 Virgini
3260 5022 3512 5093 paritura:

1941 5124 2103 5178 fuerit
2148 5121 2473 5178 dedicatum.
2533 5118 2647 5188 Qua
2706 5119 2774 5175 de
2834 5132 2893 5173 re
2942 5116 3283 5171 statuendum
3342 5114 3512 5169 habeo

1939 5214 2094 5271 nihil.

2016 5311 2108 5381 (θ’)
2158 5310 2288 5364 Car.
2339 5307 2402 5362 ll.
2450 5337 2519 5348 —
2562 5304 2777 5360 Castelli
2826 5312 2995 5358 autent
3046 5303 3209 5371 ipsius
3263 5300 3358 5355 sub
3412 5300 3509 5370 ﬁo.

1944 5400 2256 5455 rentissimis
2299 5398 2652 5467 principibus,
2696 5407 2801 5450 etc.
2842 5394 3302 5450 Cudiriacensium
3344 5393 3515 5447 domi-

260 5501 323 5543 se
349 5486 551 5549 ferunt,
583 5484 793 5542 sufﬁcit.
830 5486 939 5540 lmo
978 5487 1128 5540 testis
1169 5488 1412 5543 oculatus
1441 5498 1629 5543 Ctzllt'la
1666 5490 1825 5560 sepul«

1943 5510 2135 5549 norum
2166 5493 2446 5547 historiam
2472 5494 2639 5547 texuit
2662 5491 2918 5544 Amineas
2944 5489 3224 5542 Dttrhcsne
3248 5506 3259 5542 :
3284 5502 3514 5557 quorum

260 5593 379 5647 cro,
414 5578 642 5647 aliisque
667 5580 1050 5633 vetustioribus
1077 5595 1195 5648 quae
1236 5592 1609 5636 remanserant
1650 5599 1840 5638 monito

263 5672 460 5727 mentis
508 5672 777 5741 quadrare
823 5681 1107 5728 attestatur
1150 5672 1438 5729 Guibrrtus
1482 5694 1494 5729 :
1535 5696 1551 5726 ι
1590 5676 1842 5743 Quaedam

1943 5587 1987 5642 si
2014 5584 2139 5655 quid
2169 5589 2307 5639 scire
2332 5593 2602 5653 pemptus,
2634 5582 2774 5636 hunc
2806 5583 2913 5645 adi,
2949 5582 3107 5634 fariet
3140 5595 3289 5635 sats.

2016 5682 2108 5754 (⁷ο)
2161 5680 2287 5735 Ιιιιι).
2341 5709 2411 5719 -—
2470 5677 2846 5732 Humiliarensi
2901 5674 3213 5729 monasterio
3275 5682 3517 5743 ιιι-θεῖαι.

263 5772 447 5826 autem
466 5772 613 5832 sunt,
638 5764 712 5820 ait
734 5764 865 5840 ipse,
891 5765 947 5820 in
974 5768 1160 5823 eadem
1187 5766 1419 5824 Ecclesia
1454 5768 1646 5827 littera:
1674 5779 1845 5827 metro
1947 5770 2241 5830 Historiam
2297 5771 2409 5826 sive
2456 5771 2649 5827 seriem
2696 5768 2949 5831 abbatum
2997 5768 3309 5824 tnotnisterii
3363 5768 3519 5852 huius
