4032 6326
583 327 724 386 1⁸115

1473 321 1564 377 AD
1595 320 1746 378 ore.
1783 307 1937 376 van.
1969 303 2298 378 cumam:
2327 323 2415 380 ne
2453 315 2849 393 NOVIGENTO

3709 317 3827 408 ml.

577 439 1053 501 observatiOnlhits
1077 437 1281 495 nostris
1315 431 1559 494 ltilekere
1595 439 1775 533 aetum
1813 441 1972 506 agerc
2017 421 2154 533 vide-
2185 434 2227 492 Α
2259 433 2497 496 l‘arisios
2515 453 2767 512 precatus
2781 443 2863 502 est
2885 437 3201 520 praedictum
3219 437 3826 533 Patrem(Cuillelttttitii)

571 551 696 603 rer;
725 537 987 606 siquidem
1015 535 1068 589 in
1091 535 1191 588 hoc
1215 541 1534 604 argumento
1559 529 1735 602 ample
1757 547 1818 584 ac
1847 530 2153 600 pererudite

575 629 843 684 laberavit
893 637 1108 682 nostras
1144 625 1399 682 Claudius
1436 615 1747 680 “cincta-ns
1781 625 1989 688 dector,
2025 623 2150 678 dum

569 724 870 787 adviveret,
905 719 1218 776 Sorhonica:
1247 719 1556 781 societatis,
1585 703 1854 782 ~llisttiria,
1888 717 1972 770 cui
2025 711 2153 770 titti-

566 813 670 881 lus,
705 817 942 884 Angusta
990 802 1470 867 Virommtduorum
1507 811 1797 878 illustrant,
1830 827 1952 882 pag.
1985 797 2077 874 65,
2099 807 2152 862 et

565 919 594 960 ο
633 919 756 977 pag.
790 906 857 961 9t
883 905 950 961 ad
975 905 1065 961 99.

639 997 838 1054 Verum
889 1015 955 1054 ne
1005 997 1222 1070 penitus
1257 985 1498 1069 jejunum
1530 995 1758 1065 legentis
1797 994 2037 1050 animum
2068 999 2152 1048 re-

564 1090 846 1163 linquam,
893 1093 1221 1164 paucissima
1268 1109 1333 1148 ex
1386 1095 1507 1164 ‘pag.
1556 1092 1623 1146 65
1660 1097 1932 1162 apponere
1975 1089 2149 1146 visum

564 1195 688 1244 est:
726 1208 744 1242 ι
769 1188 854 1262 Ad
887 1189 1032 1261 ipsos
1062 1205 1201 1261 pene
1239 1197 1425 1244 muros
1469 1187 1725 1258 Augusta:
1757 1183 1838 1259 (S.
1883 1173 2149 1256 Quintilli)

564 1284 960 1340 monasterium
1004 1277 1450 1349 Humolariense,
1485 1277 1657 1356 Eligio
1700 1291 1924 1356 regente
1966 1271 2154 1337 cathe-

565 1377 719 1434 dram
777 1377 1232 1445 Noviomensem,
1291 1377 1428 1432 mira
1497 1393 1800 1432 nonnarum
1858 1378 2152 1433 sanctitate

565 1469 843 1534 inclaruit,
880 1477 989 1523 tum
1042 1483 1170 1522 vero
1220 1468 1474 1534 maxime,
1524 1475 1645 1523 cum
1696 1479 1780 1525 est
1828 1467 2151 1540 prtefectu’ra

563 1564 680 1631 ejus
746 1561 1063 1634 llunegundi
1127 1559 1322 1633 virgini
1387 1561 1784 1616 commendata.
1848 1557 1974 1618 llaec
2031 1545 2152 1617 orta

562 1653 876 1709 Lambaidis
931 1653 1273 1716 domicellis,
1332 1655 1476 1709 binis
1535 1653 1859 1709 milliarihus
1917 1653 1984 1709 ab
2037 1653 2151 1707 Au-

561 1757 743 1818 gusta,
776 1756 883 1802 etc.
931 1731 1164 1818 Scripsit
1205 1745 1321 1818 ejus
1357 1745 1522 1800 vitam
1568 1747 1837 1801 Bernerus
1877 1735 2063 1812 abbas,
2097 1753 2154 1800 ct

561 1841 969 1912 chorographus
1013 1839 1414 1896 refm'mationis
1451 1842 1567 1914 ejus
1612 1837 1740 1906 loci,
1782 1839 1884 1894 sub
1929 1829 2152 1895 Alberto

561 1931 658 1988 Pio
682 1932 880 1987 comite
909 1929 1426 2000 Viromanduorum,
1454 1943 1543 1988 an.
1572 1930 1675 1988 948
1701 1929 1888 2005 ejectis
1935 1932 2149 1997 nonnis,

563 2040 682 2096 qua:
722 2041 749 2079 a
792 2025 975 2097 regula
1020 2025 1366 2082 defecissent.
1402 2047 1419 2078 ι
1476 2023 1532 2082 8.
1586 2019 1940 2098 llunegnndis
1971 2017 2150 2081 Vitam

562 2118 708 2173 inter
739 2117 1004 2174 Surianas
1049 2130 1364 2176 sanctorum
1399 2115 1573 2181 Vitas,
1623 2119 1708 2172 die
1756 2117 1828 2173 25
1874 2115 2149 2188 Augusti:

560 2211 895 2286 Prmceptum
927 2230 1057 2270 vero
1087 2213 1348 2269 Ludovici
1381 2203 1752 2276 Ultramariui,
1791 2213 1855 2267 de
1887 2213 2152 2266 inducen-

562 2303 645 2360 dis
675 2305 959 2360 monachis
1009 2306 1062 2360 in
1110 2305 1421 2360 coenobium
1473 2301 1906 2368 lluinolariet'tse,
1950 2303 2156 2358 sancti-

557 2395 883 2451 monialibus
937 2396 1197 2467 expulsis,
1235 2412 1333 2451 nec
1378 2397 1484 2452 non
1514 2397 1759 2451 diversas
1811 2395 1930 2467 quae
1979 2393 2046 2450 ad
2098 2395 2153 2450 id

558 2500 806 2560 spectant
845 2491 1160 2545 t'nonastcrii
1203 2489 1426 2546 chartas
1462 2491 1704 2560 reperies
1739 2489 1792 2544 in
1828 2497 2045 2561 regesto
2085 2490 2155 2546 ad

559 2581 760 2638 calcem
787 2582 1024 2653 prtel'atze
1057 2582 1208 2646 hist.,
1233 2598 1356 2654 pag.
1379 2577 1450 2636 29
1475 2593 1529 2636 et
1555 2597 1673 2651 seq.
2049 2573 2054 2578 ’

633 2667 724 2739 (⁷⁸)
775 2667 905 2722 Intn.
945 2698 1016 2709 —
1050 2665 1340 2723 Heuricum
1376 2666 1660 2722 cwnobiolo
1709 2666 1867 2722 etiam
1915 2665 2156 2738 pi'mﬁte—

561 2771 696 2818 renl.
739 2760 896 2830 Quod
937 2761 1232 2817 llenricum
1281 2761 1457 2816 tribus
1508 2761 1794 2816 asceteriis
1839 2757 2156 2832 prtefectut‘n

560 2856 772 2921 audias,
797 2855 1020 2910 minime
1053 2855 1146 2910 tibi
1186 2853 1523 2910 suadendum
1559 2861 1660 2916 est,
1691 2869 1880 2909 eorum
1913 2853 2158 2910 redditus

559 2953 624 3008 ac
679 2947 1020 3004 substantias
1065 2947 1117 3003 in
1165 2947 1433 3018 privatam
1485 2945 1780 3001 utilitatem
1842 2960 2154 3017 usurpasse,

561 3043 717 3116 quasi
766 3039 1040 3112 sacrilegii
1092 3040 1215 3096 labe
1254 3058 1317 3096 ac
1361 3045 1534 3112 peste,
1567 3053 1732 3112 atque
1777 3039 2049 3097 obstinata
2094 3041 2157 3095 ea

559 3133 899 3205 malignitate
955 3132 1277 3200 laborasset,
1329 3149 1449 3206 quae
1501 3140 1557 3188 et
1608 3134 1898 3190 subsecuta
1955 3133 2151 3190 Stecula

561 3227 697 3284 adeo
727 3227 934 3295 infecit,
985 3235 1042 3282 ut
1081 3242 1463 3300 quamcunque
1503 3225 1832 3282 medicinam
1888 3230 2152 3284 hactenus

561 3320 856 3394 respuisse,
887 3319 1195 3391 vicissetjue
1227 3319 1512 3386 videatur;
1545 3334 1738 3390 nempe
1770 3319 2005 3374 nefanda
2037 3317 2148 3386 illa,

561 3431 750 3487 regum
782 3415 1154 3486 principumve
1185 3413 1560 3481 concessione,
1604 3413 1945 3468 abbatiarum
1981 3413 2156 3470 cccle-

561 3507 883 3579 siarutnque
917 3503 1225 3561 reddituum
1274 3505 1326 3560 in
1358 3506 1498 3562 laica
1529 3506 1645 3562 sive
1675 3505 1962 3562 smcularia
1991 3507 2155 3563 bene-

561 3585 684 3653 ﬁcia
735 3595 993 3663 divulsio;
1049 3595 1240 3652 centra
1303 3597 1430 3651 vero
1482 3595 1599 3651 inec
1657 3612 1824 3651 onera
1873 3597 1976 3652 sibi
2027 3598 2153 3668 poni

559 3689 892 3764 patiebatur,
939 3705 1114 3761 eaque
1163 3689 1357 3745 lubens
1403 3687 1639 3752 subibat,
1689 3689 1934 3759 exempla
1967 3677 2158 3745 subse-

563 3792 721 3839 cutus
779 3779 1166 3854 praeclarorum
1219 3779 1482 3850 religione
1531 3787 1587 3835 et
1638 3780 1934 3835 Sanctitate
1981 3779 2158 3836 archi-

563 3873 998 3938 mamlritarum,
1048 3869 1326 3927 Benedicti
1374 3871 1722 3937 Anianensis,
1769 3889 1835 3927 ac
1882 3869 2157 3927 Guillelmi

563 3965 909 4024 Divionensis
937 3965 1052 4022 sive
1082 3965 1453 4033 Fiscanensis,
1486 3967 1576 4037 qui
1613 3981 1852 4022 canones
1895 3965 2158 4022 monasti-

564 4075 680 4125 cos,
712 4059 889 4115 anatis
916 4059 1049 4114 vitio
1088 4057 1440 4126 deformatos,
1485 4057 1554 4113 ad
1597 4057 1882 4130 antiquum
1923 4057 2156 4115 nitorem

564 4162 922 4210 revocarunt.

634 4247 713 4304 De
769 4247 970 4321 priori,
1024 4229 1282 4302 Ludovici
1327 4247 1408 4304 Pii
1457 4247 1586 4320 imp.
1639 4248 1879 4320 diploma
1939 4259 2070 4306 tom.
2113 4243 2159 4306 ll

561 4340 770 4398 Concil.
805 4340 948 4407 Gal.,
989 4348 1044 4395 et
1089 4340 1318 4410 epistola
1362 4341 1583 4398 Patrum
1615 4327 1804 4398 lndani
1837 4343 2158 4400 monasterii

561 4435 630 4492 ad
665 4436 962 4492 monachos
989 4423 1328 4492 Anianenses
1360 4436 1414 4490 in
1442 4435 1591 4492 calce
1623 4433 1786 4504 Vitae,
1833 4451 1956 4508 qua:
1991 4453 2158 4508 opera

560 4529 804 4602 ejusdem
829 4530 887 4586 S.
919 4529 1191 4588 Benedicti
1224 4533 1504 4603 praecedit.

636 4625 712 4678 De
774 4633 964 4680 sancto
1007 4623 1297 4680 Guillelmo
1339 4625 1647 4680 Chronicon
1698 4638 1802 4679 ms.
1860 4623 2152 4682 Besuensis

563 4718 880 4776 monasterii
919 4716 1073 4789 cujus
1093 4726 1150 4774 et.
1176 4716 1345 4774 abbas
1377 4716 1477 4772 fuit
1507 4735 1519 4772 :
1558 4735 1576 4768 ‹
1609 4715 1806 4772 Verum
1836 4717 1962 4787 quia
1992 4733 2156 4788 super

561 4825 784 4883 gregem
807 4811 910 4864 sibi
934 4811 1286 4866 commissum
1309 4810 1496 4865 solerti
1522 4810 1767 4881 vigilavit
1791 4827 1944 4876 cura,
1970 4811 2154 4882 divina

563 4905 864 4978 promeruit
906 4906 1078 4976 gratia
1109 4905 1176 4961 de
1207 4903 1385 4959 fructu
1416 4918 1641 4977 operum
1685 4921 1907 4960 suorum
1956 4905 2010 4960 in
2050 4906 2154 4961 hac

563 4999 801 5070 gaudere
831 4999 942 5055 vita
968 5017 982 5054 :
1015 5014 1140 5054 nam
1173 4997 1474 5069 regularem
1501 4998 1867 5070 disciplinam,
1899 5016 2018 5070 qute
2038 5000 2152 5070 jam

563 5090 844 5160 deciderat
871 5107 968 5162 per
1001 5101 1244 5148 veterum
1280 5093 1704 5164 negligentiam,
1739 5103 1900 5164 prout
1933 5103 2157 5150 sanctus

563 5184 895 5243 Benedictus
950 5201 1072 5240 eam
1131 5189 1440 5257 composuit
1495 5187 1546 5242 in
1610 5188 1900 5258 pristinum
1955 5195 2155 5244 statum

565 5279 888 5350 corrigendo
923 5279 1272 5346 restauravit,
1307 5295 1372 5336 ac
1409 5295 1508 5352 per
1535 5282 1780 5337 diversas
1813 5282 1996 5337 mundi
2033 5299 2158 5354 par-

565 5380 680 5443 tes,
713 5388 808 5443 per
841 5372 994 5444 plura
1025 5374 1354 5429 monasteria
1401 5389 1431 5430 a
1460 5375 1692 5446 regulari
1727 5377 1946 5431 tramite
1976 5377 2154 5441 devia,

566 5474 677 5522 tam
717 5481 814 5537 per
847 5481 908 5523 se
936 5481 1098 5536 quam
1129 5482 1226 5538 per
1269 5482 1418 5530 suos,
1454 5484 1590 5537 quos
1616 5468 1842 5524 abbates
1873 5469 2158 5524 ordinave-
2187 5467 2201 5484 '

568 5567 674 5628 rat,
702 5559 1004 5618 monastico
1033 5560 1212 5616 ordini
1243 5560 1500 5616 subdidit.
1536 5581 1556 5613 ι
1589 5561 1656 5617 Et
1687 5561 1826 5617 infra
1871 5561 2039 5618 refert
2064 5562 2157 5633 qui

567 5660 758 5724 rogatu
827 5651 1089 5707 Richardi
1142 5650 1644 5708 Northmannorum
1705 5654 1857 5730 ducis
1917 5656 2158 5726 regimen

567 5743 871 5814 susceperit
891 5743 1502 5802 abbatiatFiscanensis.
1517 5744 1648 5800 Item
1673 5744 1799 5801 aliis
1823 5744 2155 5815 interjectis:

577 5834 900 5908 tﬁobertus
935 5834 1110 5912 etiam
1143 5851 1242 5901 rex
1290 5834 1561 5896 abbatiam
1606 5837 1664 5898 Β.
1710 5837 1968 5898 Germani
2017 5841 2160 5912 apud

2263 546 2318 590 ut
2355 538 2668 608 susriperct,
2701 550 2753 594 et
2784 545 3082 599 secundum
3115 546 3422 617 regularem
3451 549 3830 610 institutionem

2257 621 2560 714 ordinaret,
2581 635 2722 702 (ιιιΟιΙ
2745 643 2802 690 ct
2831 635 2976 714 fecit.
3009 637 3117 693 Nec
3149 654 3257 694 non
3289 650 3346 696 et
3376 640 3496 697 Odo
3520 658 3702 698 comes
3727 649 3832 713 pati

2257 723 2544 780 devotione
2603 725 2780 782 locum
2836 713 2892 784 S.
2944 730 3176 788 Faronis
3226 734 3283 790 in
3330 735 3467 791 urbe
3520 735 3832 806 Meldorum,

2255 817 2429 870 eidem
2459 820 2728 894 commisit
2762 823 3058 879 venerabili
3089 823 3274 894 Patri;
3307 827 3400 883 sed
3431 837 3487 882 et
3517 829 3833 888 honorabilis

2254 907 2453 976 prtesul
2500 891 2754 965 bletensis
2794 911 3053 968 Ecclesiae
3099 901 3477 974 Theudoricus
3506 921 3834 978 Gorsicnsem

2255 1002 2766 1090 abbatiameodem
2813 1006 2932 1062 zelo
2977 1006 3074 1066 Dei
3122 1012 3532 1070 commodavit
3565 993 3664 1079 illi,
3691 1033 3712 1067 ο
3745 1026 3834 1070 etc.

2256 1087 2497 1169 Denique
2533 1087 2592 1156 S.
2623 1101 2848 1174 Benigni
2880 1101 3190 1160 Chronicon
3221 1103 3434 1160 calamo
3463 1113 3768 1184 exaratum,
3791 1106 3836 1160 in

2255 1193 2512 1252 Brunone
2551 1198 2788 1267 episcop.
2831 1197 3064 1269 Lingou.
3111 1217 3130 1250 ι
3163 1198 3404 1254 Domuus
3451 1211 3636 1254 autem
3675 1199 3838 1255 Bruno

2257 1287 2612 1344 considerans
2659 1286 2877 1344 Patrem
2929 1288 3260 1344 Willelmum
3313 1290 3389 1346 ita
3447 1290 3746 1347 ferventem
3793 1295 3837 1346 in

2259 1378 2521 1452 religione
2551 1396 2615 1436 ac
2643 1381 2942 1437 monastica
2979 1382 3344 1448 institutione,
3379 1394 3434 1439 et
3461 1383 3582 1439 loca
3614 1385 3663 1439 ei
3692 1385 3841 1458 618

2259 1471 2550 1526 commissa
2581 1472 2646 1526 de
2673 1471 2759 1527 die
2795 1472 2848 1528 in
2876 1472 3020 1528 diem
3049 1473 3102 1528 in
3131 1475 3328 1530 melius
3353 1475 3650 1545 proficere,
3678 1476 3838 1531 omnia

2261 1563 2313 1618 in
2353 1580 2454 1620 suo
2499 1565 2815 1637 episcopatu
2845 1567 3178 1624 monasteria
3209 1567 3381 1637 ipsius
3413 1553 3710 1640 delegavit,
3733 1584 3840 1640 pro-

2258 1656 2537 1724 videntiae,
2569 1679 2587 1710 ι
2624 1667 2732 1714 etc.

2331 1753 2422 1824 (τ’)
2457 1751 2587 1808 IBID.
2613 1783 2682 1792 —
2715 1749 2783 1806 Et
2832 1751 2943 1808 San
2977 1752 3342 1819 Quinrineusis
3379 1752 3468 1807 dei
3493 1749 3704 1818 Monte,
3745 1763 3837 1809 etc.

2259 1843 2316 1901 ln
2358 1854 2566 1911 monte,
2603 1845 2672 1900 ab
2708 1846 2844 1900 urbe
2877 1844 3086 1900 Perona
3116 1845 3294 1916 primo
3328 1845 3530 1916 lapide,
3558 1846 3836 1914 disparata,

2259 1938 2521 1994 collocata
2565 1947 2648 1994 est
2678 1936 2896 1994 abbatia
2942 1937 3002 1992 S.
3047 1936 3326 2006 Quintilii;
3361 1945 3446 1994 est
3470 1939 3621 1994 enim
3655 1938 3752 1993 alia
3785 1939 3835 1995 S.

2260 2033 2522 2100 Quintino
2570 2048 2727 2088 sacra
2775 2030 3031 2102 Augustae
3087 2029 3584 2087 Viromanduorum
3613 2074 3628 2097 ,
3673 2034 3834 2106 vulgo,

2258 2125 2507 2196 l‘Abbuye
2544 2125 2702 2193 d’Ile,
2752 2140 2846 2181 seu
2878 2128 2943 2179 de
2973 2121 3122 2188 l’lle,
3175 2125 3394 2180 abbatia
3424 2125 3485 2180 S.
3525 2125 3764 2194 Quintini
3791 2129 3837 2183 in

2257 2218 2468 2280 lnsula,
2501 2218 2579 2271 sic
2613 2229 2956 2289 nuncupata,
2989 2217 3135 2287 quod
3166 2229 3460 2288 antequam
3505 2220 3637 2274 urbs
3667 2221 3838 2274 eadem

2259 2324 2290 2362 a
2339 2308 2589 2379 Philippo
2623 2308 2674 2366 ,11
2719 2309 3108 2380 ﬂispanlarum
3153 2319 3279 2380 rege
3324 2319 3647 2379 caperetur,
3697 2325 3839 2366 secus

2262 2395 2558 2456 Somonaiit
2603 2398 2825 2476 lluv‘ntm
2872 2408 3158 2456 exstaret:
3209 2415 3352 2454 nunc
3400 2414 3533 2456 vero
3583 2401 3751 2455 media
3789 2401 3840 2455 in

2260 2493 2394 2548 urbe
2423 2494 2677 2563 Augusta;
2704 2476 3219 2548 Viromanduorum.
3245 2489 3324 2548 De
3351 2506 3457 2562 qua
3483 2491 3750 2564 Sigebert.
3777 2493 3842 2550 ad

2262 2598 2352 2636 an.
2384 2581 2508 2636 964.
3799 2647 3802 2650 .

2337 2673 2653 2730 Monasterii
2707 2672 2895 2732 Sancti
2947 2673 3194 2743 Quintini
3247 2675 3316 2731 de
3363 2674 3589 2742 Monte,
3625 2674 3844 2732 soloab

2261 2763 2656 2823 Northmanuis
2686 2768 2980 2838 adaequati,
3009 2767 3171 2824 nulla:
3197 2768 3354 2824 nobis
3385 2767 3706 2838 superstites.
3729 2781 3846 2825 sunt

2261 2855 2534 2927 primaevae
2557 2855 2897 2914 fundationis
2925 2866 3086 2926 uotae,
3120 2869 3317 2930 praeter
3345 2858 3560 2915 litteras
3582 2860 3845 2916 Adalberti

2265 2947 2760 3012 Viromanduorum
2797 2951 3052 3008 comitis:
3095 2967 3127 3008 e
3165 2953 3364 3024 quibus
3407 2954 3842 3010 instaurationem

2265 3043 2470 3114 pariter
2515 3052 2568 3100 et
2615 3044 3012 3116 aliquantulam
3057 3046 3290 3119 originis
3332 3045 3580 3116 ejusdem
3621 3050 3843 3108 emnobii

2181 3163 2228 3230 ρ
2265 3136 2517 3193 notitiam
2549 3140 2832 3211 percipere
2860 3149 2967 3196 est.

2336 3247 2355 3284 ‹
2396 3231 2509 3302 Ego
2557 3232 2888 3289 Adalhertus
2934 3249 3121 3290 comes
3167 3243 3357 3290 notum
3408 3251 3534 3292 esse
3584 3235 3701 3292 volo
3741 3247 3845 3292 tam

2256 3323 2622 3394 praesentibus
2669 3340 2830 3394 quam
2887 3324 3116 3392 futuris,
3169 3326 3223 3382 in
3275 3342 3398 3383 meo
3481 3327 3845 3384 \‘irodumensi

2257 3417 2518 3472 comitatu
2569 3417 2638 3472 ab
2682 3419 2908 3489 antiquo
2955 3427 3202 3489 tempore
3238 3421 3518 3476 exstitisse
3567 3421 3840 3477 ecclesiam

2259 3508 2312 3563 in
2359 3508 2572 3565 honore
2611 3510 2789 3565 sancti
2833 3509 3078 3580 Quintini
3123 3512 3380 3582 martyris
3417 3512 3746 3580 dedicatam,
3797 3513 3844 3570 iu

2253 3611 2442 3658 monte
2487 3604 2674 3668 sitam,
2702 3601 2859 3672 juxta
2905 3603 3086 3660 vicum
3129 3603 3400 3662 Perusiam
3427 3643 3445 3670 ,
3485 3621 3652 3675 quam
3681 3621 3844 3676 qun-

2259 3693 2385 3748 dam
2425 3693 2720 3765 Dagoberti
2759 3695 2902 3764 regis
2950 3697 3301 3763 auctoritate,
3348 3695 3678 3754 Erchenaldi
3717 3714 3848 3769 pra:-

2259 3785 2387 3842 feeti
2407 3787 2729 3854 donatione,
2753 3789 2926 3846 sancti
2959 3788 3116 3861 Eligii
3145 3777 3420 3860 pontiﬁcis
3453 3791 3846 3858 benedictione,

2266 3877 2492 3933 Ultanus
2523 3878 2744 3949 quidam
2781 3894 2984 3950 genere
3027 3879 3257 3947 Scotus,
3289 3881 3636 3953 professione
3673 3900 3848 3940 mona-

2262 3969 2436 4036 chus,
2498 3971 2885 4028 ecclesiasticis
2939 3973 3360 4040 sanctionibus,
3413 3990 3484 4030 ac
3545 3979 3849 4038 monasticis

2261 4063 2496 4120 instituit
2549 4064 3018 4133 institutionibus,
3065 4066 3280 4124 abbatis
3337 4068 3553 4124 honore
3603 4070 3846 4138 fruntus;

2261 4166 2386 4227 post
2412 4156 2566 4227 cujus
2603 4159 2730 4214 vitae
2765 4174 3085 4227 excessum,
3123 4160 3359 4227 incuria,
3393 4177 3462 4217 ac
3498 4163 3848 4226 barbarorum

2263 4251 2624 4310 insectatione
2669 4252 2738 4308 ad
2777 4262 2982 4310 tantam
3023 4253 3418 4311 desolationem
3460 4256 3580 4327 ipsa
3615 4260 3850 4328 pervenit

2213 4425 2216 4428 ἢ
2261 4343 2495 4401 ecclesia
2521 4355 2580 4401 ut
2602 4346 2692 4401 vix
2715 4361 2842 4403 rara
2873 4347 3114 4419 antiqua:
3143 4348 3504 4407 habitationis
3533 4362 3848 4424 apparerent

2263 4439 2514 4509 vestigia.

2183 4554 2240 4618 ι)
2341 4548 2358 4582 ι
2387 4529 2540 4586 lianc
2559 4531 2730 4601 igitur
2755 4547 2856 4604 pro
2885 4547 3020 4590 mea;
3045 4532 3286 4590 remedio
3311 4534 3531 4602 animae,
3563 4538 3850 4608 praleees-

2260 4641 2443 4683 sorum
2478 4627 2592 4684 sive
2632 4627 2910 4682 lueredtnn
2955 4643 3199 4683 meorum
3247 4629 3455 4696 salute,
3485 4633 3673 4688 divina
3711 4647 3851 4687 com-

2257 4731 2492 4792 punctus
2513 4721 2893 4792 inspiratione,
2913 4721 3052 4792 iussi
3073 4738 3104 4776 a
3121 4721 3481 4780 fundamento
3499 4727 3845 4794 readilieare,

2257 4826 2314 4872 et
2337 4816 2537 4872 abbate
2565 4816 2886 4881 constituto,
2913 4831 3035 4872 cum
3061 4817 3292 4872 consilio
3317 4816 3563 4874 ﬁdelium
3591 4836 3845 4886 meorum,

2257 4908 2534 4963 abbatiam
2568 4908 2748 4964 studui
2798 4909 3019 4976 dotare;
3073 4908 3262 4980 sicque
3297 4911 3351 4966 in
3389 4923 3714 4983 perpetuum
3759 4928 3846 4968 rs-

2259 5008 2406 5067 tum,
2435 5013 2488 5056 et
2519 5000 2895 5056 inconvulsum
2925 5015 3266 5071 permanere.

2335 5114 2355 5147 (
2387 5093 2555 5163 llujus
2583 5104 2768 5150 autem
2807 5095 2950 5150 dotis
2990 5110 3080 5150 res
3121 5095 3203 5150 hic
3227 5104 3398 5150 sunt:
3434 5094 3493 5151 lu
3535 5112 3675 5168 pago
3700 5097 3849 5154 γεω.

2260 5187 2488 5244 duuensi
2519 5187 2704 5242 villula
2753 5203 2880 5254 una,
2922 5201 3044 5258 quae
3085 5189 3286 5246 dicitur
3327 5191 3657 5260 Aisilcourt;
3699 5200 3756 5247 et
3797 5193 3847 5247 ia

2259 5281 2378 5352 ipso
2421 5295 2595 5352 pago,
2645 5281 2697 5335 in
2747 5279 2870 5333 villa
2919 5279 3237 5338 CurtiCulus
3279 5293 3628 5354 nuncupata,
3679 5283 3845 5337 ωειηεί

2260 5384 2504 5448 septem,
2551 5383 2608 5430 et
2656 5375 2918 5430 medietas
2968 5375 3216 5430 ecclesia:
3266 5376 3333 5432 de
3385 5376 3654 5442 Duriaco,
3707 5375 3846 5446 apud

2257 5467 2554 5524 Castellum
2603 5466 2869 5538 Nigellum
2915 5481 3080 5537 super
3111 5467 3330 5523 [luvium
3369 5468 3600 5538 l'lngnn,
3637 5479 3843 5539 pontem

2260 5577 2384 5616 cum
2424 5569 2568 5615 terra
2612 5560 2946 5631 appemlenle
2990 5559 3082 5614 ibi.
3134 5559 3191 5614 In
3233 5559 3428 5631 Tcgeri
3466 5564 3629 5616 hamo
3676 5561 3845 5616 mansi

2263 5653 2398 5718 duo;
2444 5661 2497 5708 et
2541 5653 2592 5706 in
2645 5653 2766 5707 villa
2813 5661 2932 5723 qua:
2975 5653 3176 5708 dicitur
3221 5653 3438 5709 Sanctae
3477 5653 3840 5725 Radegundis,

2263 5749 2438 5806 mansi
2463 5758 2592 5806 tres.
2619 5746 2675 5802 ln
2707 5763 2726 5801 \
2742 5749 2826 5804 ieo
2845 5747 3108 5804 medietas
3131 5747 3354 5818 capella:
3377 5747 3562 5808 Sancti
3579 5748 3840 5816 Quintiai.

2263 5859 2388 5900 cum
2414 5841 2828 5915 quatuordecim
2851 5840 3413 5921 ltospitibus._lnvilla
3437 5841 3652 5911 Alanis,
3679 5855 3844 5912 super
