4032 6326
269 333 408 395 1117

1437 327 1646 401 DOMNl
1673 331 1761 400 ιτ
1781 331 2129 399 D'ACHERY
2166 321 2391 398 NOTE.

3405 341 3545 406 tus

263 456 488 514 ﬂuvium
532 453 707 524 Halle,
745 454 1032 516 duodecim
1075 457 1341 532 hOSpites,
1389 475 1514 516 cum
1565 469 1707 517 terra
1752 474 1849 516 co-
1876 461 1928 523 Α
1953 453 2157 530 praedia
2201 453 2600 532 facultatesque
2643 448 2923 515 monachis
2967 453 3127 516 desse
3155 460 3542 548 ‘volult)‘anno
3593 515 3598 520 .

265 549 448 618 lenda,
479 561 537 606 et
567 559 722 622 prato
755 567 884 608 uno.
913 549 996 605 Ad
1031 552 1316 609 ecclesiam
1363 553 1606 623 ejusdem
1651 555 1850 611 montis
1954 553 2208 608 videlicet
2236 552 2397 610 1028.

263 646 489 716 respicit
519 646 670 708 villa.
699 662 820 717 qua:
851 649 1112 712 vivarius,
1145 663 1268 702 cum
1301 647 1414 703 suis
1450 646 1846 715 adjacentibus,

259 750 425 808 super
454 736 672 794 ﬂuvium
720 737 1084 796 Grinsionem.
1119 740 1173 796 In
1211 739 1355 804 villa,
1396 755 1515 811 qua:
1546 741 1716 796 Donin
1747 757 1847 798 vo-

257 839 438 894 catur,
473 831 842 888 molendinum
891 850 1090 896 unum,
1143 851 1264 889 cum
1307 835 1469 890 tertia
1517 846 1670 906 parte
1705 835 1846 906 prati

255 920 332 978 ibi
361 925 737 993 appendentis.
766 925 824 980 ln
860 941 998 997 pago
1045 926 1414 994 Suessionico,
1472 928 1524 983 in
1572 929 1694 983 villa
1727 944 1846 1001 qua

251 1012 536 1071 Allemans
563 1026 808 1085 vocatur,
839 1027 952 1074 tres
979 1020 1176 1088 mansi,
1202 1035 1325 1077 cum
1362 1021 1513 1077 curia
1554 1021 1844 1078 indomini-

249 1117 401 1165 cata.

329 1218 350 1253 ι
391 1199 448 1256 In
495 1201 579 1259 his
623 1218 754 1276 ergo
798 1205 1018 1262 domino
1068 1217 1259 1264 sancto
1301 1207 1563 1277 Quintino
1613 1209 1840 1281 martyri

249 1294 397 1352 datis
453 1297 648 1365 rebus,
703 1298 882 1356 nullus
939 1301 1210 1358 hmrednm
1267 1302 1351 1358 vel
1412 1303 1840 1375 propinquorum

247 1403 521 1454 meorum,
549 1407 654 1446 non
679 1408 886 1458 comes,
909 1409 1015 1450 nec
1037 1396 1358 1460 vicecomes,
1386 1413 1485 1452 nec
1507 1397 1628 1469 ejus
1654 1399 1839 1456 libera:

2021 644 2106 700 lll.
2137 645 2431 704 Balduinus
2472 663 2541 705 ex
2584 647 2752 704 nobili
2798 649 3056 706 comitum
3102 647 3372 712 Flandriaa
3421 652 3535 714 Na-

1950 739 2234 808 nturcique
2262 741 2512 810 prosapia
2551 739 2731 796 clarus
2758 740 2914 798 l028.

2021 829 2110 912 ιγ.
2141 830 2488 888 Walteranus
2516 833 2651 888 obiit
2682 831 2836 889 1040.

2023 924 2087 980 ν.
2122 923 2467 980 Walteranus
2517 915 2598 993 ll,
2651 943 2794 983 anno
2852 926 3008 983 1040.
3056 927 3236 1001 Hujus
3285 929 3535 992 Ecclesia:

1949 1004 2091 1089 (fert
2135 1015 2544 1088 Nerrologium)
2586 1017 3003 1088 sapientissimus
3048 1021 3348 1089 ordinator,
3402 1036 3450 1080 et
3499 1044 3533 1082 a

1948 1107 2306 1178 fundamentis
2336 1107 2646 1179 a'diﬁcator.
2703 1095 2902 1164 Verum
2952 1112 3054 1181 piie
3083 1115 3531 1188 peregrinationis

1947 1191 2120 1272 gratia
2145 1215 2267 1255 cum
2301 1197 2528 1255 Romam
2552 1199 2813 1265 venisset,
2850 1195 2983 1257 inibi
3009 1205 3132 1261 vita:
3165 1206 3324 1264 finem
3358 1207 3532 1281 impo-

1945 1293 2075 1358 suit,
2116 1303 2172 1349 et
2196 1309 2392 1364 corpus
2421 1293 2784 1366 sepeliendum
2813 1293 3051 1365 reliquit.

2017 1391 2104 1448 Vl.
2137 1390 2528 1455 Gandefridus,
2557 1391 2714 1447 1058.
2749 1391 2885 1447 Eum
2919 1390 3262 1448 commendat
3301 1395 3355 1450 in
3384 1396 3530 1456 hunc'

1945 1483 2164 1539 modum
2213 1481 2464 1538 Nicolans
2495 1485 2792 1538 monachus
2823 1481 2962 1538 Vita:
2998 1483 3170 1538 sancti
3213 1483 3530 1545 Gaudel’ridi

245 1478 602 1550 ingenuitatis
657 1483 852 1568 homo,
898 1485 1099 1557 aliquid
1146 1488 1340 1544 amodo
1383 1490 1616 1561 accipiat
1672 1507 1837 1547 causa

243 1575 683 1643 consuetudinis,
709 1567 804 1632 seu
838 1579 1231 1648 advocationis,
1261 1598 1368 1636 non
1413 1582 1682 1649 bannum,
1728 1601 1816 1640 n0t

1944 1574 2056 1646 (qui
2103 1573 2353 1630 abbatem
2399 1572 2547 1628 illum
2580 1573 2927 1628 educatorem
2977 1573 3183 1645 habuit)
3215 1573 3310 1631 lib.
3338 1592 3377 1640 t,
3407 1567 3528 1648 cap.

237 1665 538 1737 justitiam,
594 1685 699 1724 non
750 1671 1185 1739 districtionem,
1245 1673 1349 1728 nisi
1405 1673 1548 1728 ﬁdeli
1611 1687 1836 1747 precatu
1940 1657 2012 1722 2:
2051 1684 2069 1720 ι
2105 1665 2200 1721 Est
2243 1663 2459 1720 celebre
2507 1664 2896 1721 monasterium
2946 1663 2998 1719 in
3038 1653 3528 1723 Viromanduoruni

243 1759 416 1831 ipsius
462 1762 696 1818 abbatite
734 1765 962 1820 abbatis.
991 1765 1160 1838 .Quod
1205 1767 1295 1837 qui
1347 1768 1646 1840 infringere
1696 1787 1817 1841 ριίει

1944 1760 2088 1825 solo,
2123 1760 2174 1814 in
2224 1759 2283 1814 Β.
2319 1757 2562 1827 Quintini
2610 1757 2864 1830 martyris
2913 1757 3173 1813 honorem
3225 1759 3524 1830 conditum,

241 1855 572 1923 sumpserit,
615 1870 715 1924 pro
751 1871 863 1912 sum
893 1858 1217 1914 temeritatis
1256 1860 1479 1916 ausibus
1509 1862 1679 1917 ternis
1703 1861 1817 1918 sub

1944 1850 2161 1907 Peronze
2197 1851 2396 1922 oppido
2421 1849 2800 1920 propinquum.
2832 1848 2900 1904 Et
2929 1865 3028 1920 per
3066 1849 3116 1904 id
3150 1857 3362 1922 tempus
3391 1865 3527 1922 pras-

234 1941 422 2014 jaeeat
470 1947 988 2018 maledictionibus,
1037 1960 1093 2006 et
1139 1951 1372 2022 publicis
1419 1963 1641 2012 coactus
1692 1957 1817 2012 resi-

1944 1951 2056 1999 erat
2101 1941 2184 1996 vir
2230 1939 2351 2012 pius
2393 1938 2718 1995 Godefridus
2760 1947 2814 1994 et
2863 1953 3073 1994 morum
3109 1938 3439 2008 integritate,
3471 1951 3526 1998 et

238 2037 456 2108 piseere
483 2049 734 2096 teneatur
764 2043 993 2112 legibus.
1031 2043 1202 2116 Cujus
1235 2044 1473 2102 actionis
1515 2055 1682 2105 testes
1713 2048 1834 2105 lau-

237 2129 457 2187 datores
485 2134 907 2190 confirmarunt:

316 2240 336 2274 ι
363 2222 478 2296 Ego
513 2225 842 2282 Adalbertus
887 2240 1093 2293 comes,
1122 2227 1215 2299 qui
1245 2224 1383 2298 jussi
1435 2227 1585 2297 ﬁeri,
1626 2230 1825 2287 contir-

233 2331 381 2374 mavr

315 2426 336 2460 ς
371 2408 429 2464 s.
458 2408 734 2466 Heriberti
765 2425 906 2465 com.
941 2393 1000 2466 's.
1027 2409 1252 2467 Vidonis
1280 2428 1420 2468 com.
1448 2399 1505 2469 s‘.
1537 2413 1821 2472 Philberti.

235 2500 294 2556 S.
326 2500 632 2559 Lnntberti.
665 2504 723 2559 S.
758 2503 1044 2560 Walchisi.
1081 2505 1140 2561 S.
1177 2505 1398 2562 Odonis.
1436 2507 1492 2562 S.
1537 2509 1733 2564 lvonis.
1763 2499 1821 2566 S.

232 2590 468 2650 Boslevi.
508 2595 568 2652 S.
597 2594 904 2653 Walcelini.
933 2598 994 2656 S.
1037 2599 1322 2656 Amalrici.
1365 2598 1424 2658 S.
1457 2599 1726 2656 Walneri.
1759 2600 1818 2657 S.

233 2683 457 2742 Odonis.
493 2671 550 2743 S.
578 2688 860 2746 Macharii.

309 2797 328 2830 ι
358 2779 469 2848 Ego
497 2777 846 2853 Leudulphus
875 2782 1320 2840 Wermandensis
1351 2800 1413 2841 ac
1444 2783 1822 2844 Noviomensis

229 2868 492 2926 Ecclesiae
521 2873 805 2944 episcopus
832 2877 1148 2948 subscripsi,
1173 2877 1512 2934 conﬁrmavi.
1797 2935 1802 2940 .

307 2979 327 3012 ι
361 2961 554 3018 Actum
605 2964 659 3018 in
707 2967 864 3022 curia
907 2964 1097 3023 Sancti
1127 2967 1371 3036 Quintini
1415 2969 1505 3026 die
1551 2970 1822 3044 passionis

227 3053 492 3125 ejusdem.
515 3074 536 3107 1

303 3146 648 3216 Subjieienda
681 3157 947 3222 praeterea
974 3161 1059 3208 est
1081 3153 1339 3210 abbatum
1382 3155 1562 3211 brevis
1585 3155 1819 3211 chrono-

1935 2033 2152 2107 generis
2193 2032 2479 2089 nobilitate
2532 2033 2732 2087 clarus.
2783 2027 2908 2086 Fuit
2954 2030 3099 2086 enim
3153 2039 3376 2102 patruus
3421 2029 3526 2088 ldaé

1849 2193 1852 2196 ί
1933 2129 2061 2186 illia:
2111 2127 2318 2184 Alberti
2372 2125 2697 2182 nobilissimi
2743 2125 2959 2181 comitis
2997 2121 3367 2189 Namnrensis,
3404 2131 3526 2197 qua!

1925 2221 2115 2294 juncta
2148 2219 2497 2278 matrimonio
2527 2219 2746 2290 egregio
2785 2205 2992 2274 consuli
3039 2217 3373 2275 Boloniensis
3400 2234 3524 2290 pro-

1930 2319 2127 2376 vinciae
2171 2317 2495 2385 Eustachio,
2541 2327 2650 2371 etc.
2700 2317 2830 2385 Quae
2877 2315 3094 2387 quidem
3139 2317 3348 2372 idcirco
3385 2307 3520 2370 mihi

1931 2419 2360 2466 commemorata
2393 2419 2520 2466 sunt
2552 2419 2608 2464 ut
2637 2407 2810 2479 possit
2844 2407 3069 2482 intelligi
3111 2425 3284 2476 genus
3313 2408 3522 2502 illus?

1931 2506 2062 2558 tanti
2103 2504 2301 2570 Patris,
2332 2518 2491 2573 quem
2543 2512 2759 2558 constat
2797 2503 2960 2558 etiam
3003 2499 3152 2574 gregi
3184 2513 3281 2558 sne
3324 2499 3521 2576 magna

1927 2611 2057 2652 cura
2089 2595 2419 2668 invigilasse,
2452 2596 2714 2667 religione
2745 2595 3182 2663 celeberrimum,
3210 2595 3519 2652 litterarum

1927 2690 2156 2746 scientia
2179 2729 2194 2757 ,
2223 2700 2279 2745 et
2309 2705 2490 2746 rerum
2539 2687 2756 2760 quoque
2798 2700 3148 2764 externarum
3189 2697 3246 2746 et
3275 2683 3519 2762 politica-

1923 2799 2044 2838 rum
2091 2783 2289 2853 peritia
2339 2782 2660 2854 cumprimis
2713 2783 3034 2838 instructum
3085 2780 3272 2837 fuisse.
3331 2801 3350 2835 1
3383 2781 3518 2837 ltetn

1924 2873 2092 2928 multa
2120 2889 2243 2944 cap.
2271 2874 2327 2941 3,
2359 2873 2393 2928 4
2421 2882 2474 2928 et
2517 2889 2633 2944 seq.
2669 2871 2911 2943 ejusdem
2943 2873 3064 2930 libri
3096 2875 3162 2930 de
3202 2861 3516 2930 Godefridol

1994 2966 2192 3022 Anima
2219 2966 2472 3021 exhalata
2509 2965 2785 3020 caelestem
2810 2965 3040 3037 patriam
3065 2965 3198 3019 adiit
3228 2964 3384 3022 l098.

1995 3041 2103 3112 Vit.
2141 3057 2441 3125 llenricus,
2477 3057 2635 3124 l098,
2666 3073 2894 3114 summa:
2940 3055 3156 3129 pietatis
3187 3057 3270 3110 vir
3304 3061 3367 3111 ac
3413 3056 3514 3112 do-

1922 3149 2112 3203 ctrinte
2145 3139 2378 3204 decessit
2409 3145 2566 3203 1153.

227 3240 370 3312 logia
408 3256 442 3296 ε
483 3219 715 3299 vetustis
744 3242 986 3312 ejusdem
1011 3245 1246 3302 cmnobii
1273 3247 1477 3326 chartis
1505 3262 1568 3304 ac
1595 3248 1816 3304 ruderi-
1844 3228 1886 3288 (Τί
1993 3237 2126 3295 Vill.
2160 3227 2340 3310 Hngo,
2372 3236 2528 3292 1155.
2559 3231 2730 3292 Desiit
2761 3252 2904 3292 anno
2932 3219 3087 3292 1148.
3126 3233 3256 3292 Jttra
3297 3249 3514 3305 posscs-

225 3333 328 3390 btts
365 3335 434 3388 ah
461 3336 676 3392 erudito
705 3351 858 3408 teque
895 3353 960 3392 ac
999 3338 1232 3394 facundo
1277 3339 1340 3393 li.
1371 3338 1431 3394 P.
1465 3340 1666 3396 domno
1695 3327 1816 3397 Ste-

224 3427 493 3498 phano'lc
517 3426 681 3493 Gris,
709 3445 876 3486 .nunc
911 3445 1114 3486 nostrae
1157 3432 1592 3503 congregationis
1633 3435 1816 3508 priore

223 3521 609 3587 ateritissitno,
641 3521 987 3593 deprompta;
1019 3531 1095 3588 et,
1134 3538 1204 3578 ne
1232 3524 1536 3579 institutum
1569 3535 1812 3580 nostrum

223 3613 759 3682 praetergrediamnr,
789 3613 1025 3670 breviori
1055 3629 1162 3684 quo
1195 3615 1494 3686 poterimus
1523 3616 1664 3688 ston
1690 3633 1812 3674 eam

221 3702 632 3758 contrahemus.

218 3857 660 3932 Chronologt'cum
683 3844 931 3932 abbatum
955 3863 1256 3917 monasterii
1273 3861 1454 3920 Sancti
1481 3862 1720 3931 Quintini
1751 3866 1816 3922 de

721 3929 900 3988 Monte
945 3935 1310 3990 summarium.

289 4067 631 4126 Protoabbas
678 4080 899 4127 sanctus
956 4071 1212 4136 Ultanus,
1260 4071 1313 4128 in
1359 4057 1618 4128 llibernia
1664 4074 1814 4140 regio

216 4163 490 4234 sanguine
535 4174 871 4234 procreatus,
918 4166 1118 4220 eximia
1173 4175 1283 4221 tum
1331 4167 1644 4236 sanctitate,
1697 4178 1810 4228 tum

215 4255 384 4311 etiam
437 4256 752 4312 monasticae
796 4256 1097 4326 disciplina:
1127 4258 1322 4328 peritia
1357 4258 1614 4325 illustris,
1669 4277 1814 4318 anno

215 4357 488 4418 reparata:
530 4348 721 4406 salutis
750 4349 855 4406 665
894 4349 1124 4406 abbatiac
1161 4350 1347 4406 Sancti
1381 4351 1627 4422 Quintini
1661 4343 1813 4412 Lion-

218 4439 391 4496 tensis
429 4440 498 4496 ab
540 4439 880 4496 Erchenaldo
913 4441 1402 4520 Viromandnornm
1439 4433 1642 4504 comite
1669 4463 1810 4518 prat-

215 4533 434 4596 ﬁcitur;
460 4533 916 4603 quemadmodum
937 4548 1006 4590 ex
1029 4519 1272 4606 praefatis
1301 4519 1583 4595 Adalberti
1611 4539 1810 4596 litteris

213 4634 562 4696 perspectum
594 4624 842 4704 liabetnr.

284 4717 369 4772 Ad
398 4732 626 4787 superos
653 4717 890 4774 excessit
922 4732 1066 4776 anno
1090 4718 1293 4775 Christi
1326 4705 1450 4776 680.

286 4809 352 4864 ll.
394 4809 706 4878 Evraldum,
747 4811 1052 4866 instaurate
1081 4811 1440 4876 monasterio,
1473 4811 1528 4866 in
1557 4805 1809 4868 abbatem

210 4914 578 4971 assumptum,
609 4901 814 4958 eadem
841 4903 1059 4974 signant
1099 4903 1297 4960 litterae
1331 4919 1476 4960 anno
1502 4919 1624 4959 mra:
1651 4891 1807 4960 Chri-

211 4997 406 5053 stianae
436 4993 560 5060 945.
595 4993 794 5050 Verum
835 4994 1117 5050 enimvero
1168 5011 1340 5066 pauco
1393 5005 1517 5067 post
1567 5006 1809 5066 tempore

212 5088 319 5160 (sic
349 5086 606 5142 nimirum
638 5085 1002 5141 vicissitudini
1032 5094 1195 5157 atque
1227 5087 1557 5144 detrimento
1587 5098 1802 5143 terrena

212 5179 444 5237 subsunt
465 5179 635 5251 619
665 5178 942 5249 universa)
981 5195 1197 5236 rursum
1226 5195 1291 5236 eo
1335 5197 1504 5251 usque
1553 5181 1804 5238 decidere

209 5288 242 5326 a
287 5269 518 5340 pristina
563 5268 958 5324 instauratione
997 5251 1250 5337 aedilicia,
1295 5279 1349 5326 ut
1382 5261 1532 5326 cella:
1583 5288 1800 5339 nomen,

210 5363 414 5420 nedum
473 5360 706 5418 abbatis:
771 5361 990 5418 titulum
1043 5363 1348 5434 praeferret.
1411 5351 1482 5420 Ᾱι
1537 5351 1804 5422 itobertus

215 5457 368 5514 urbis
393 5456 622 5514 Perona:
649 5456 962 5530 praefectus,
991 5458 1255 5530 religione
1285 5460 1574 5530 prteelarus
1605 5443 1717 5530 (qui
1751 5462 1802 5516 id

213 5551 322 5610 Ioui
360 5549 485 5620 iure
529 5551 777 5610 beneficii
803 5552 1163 5626 possidebat),
1201 5553 1436 5610 obtentis
1483 5571 1512 5609 a
1567 5541 1804 5611 Roberto

212 5644 554 5702 Francorum
589 5662 717 5718 rege
740 5647 962 5711 litteris.
987 5631 1168 5718 inique
1197 5662 1540 5719 possessores
1573 5648 1802 5706 faculta-

214 5749 330 5799 tum
361 5741 678 5798 monasterii
707 5741 887 5814 ablata
932 5742 1222 5821 restituere
1255 5743 1418 5814 cogit,
1460 5758 1524 5824 ac
1559 5753 1801 5814 postmo-

211 5835 344 5892 dum
397 5834 512 5894 suis
565 5834 872 5906 sumptibus
937 5836 1249 5894 ctenobium
1297 5837 1526 5894 resarcit
1587 5829 1802 5909 (neque

1923 3332 2213 3401 sionesque
2258 3332 2522 3402 approbat
2559 3331 2832 3402 Engenius
2869 3345 3004 3401 papa
3044 3327 3109 3384 lll
3159 3330 3242 3384 his
3282 3329 3510 3386 verbis:

1991 3421 2263 3493 Eugenius
2289 3422 2594 3493 episcopus,
2629 3437 2816 3477 servus
2844 3431 3124 3478 servorum
3153 3420 3269 3486 Dei,
3302 3417 3510 3492 liugoni

1921 3511 2107 3570 abbati
2148 3514 2465 3569 monasterii
2515 3511 2702 3569 Sancti
2735 3511 2974 3582 Quintini
3020 3513 3085 3569 dc
3131 3511 3334 3576 Monte,
3367 3513 3511 3583 quod

1917 3607 1973 3663 in
2023 3622 2161 3678 pago
2199 3593 2590 3662 Vermandensi
2636 3608 2799 3663 situm
2829 3615 2960 3672 cst,
2989 3591 3216 3678 ejusque
3247 3607 3510 3664 fratribus

1923 3709 2032 3756 tam
2063 3699 2426 3771 praasentibus
2459 3717 2622 3772 quam
2670 3693 2891 3766 futuris,
2919 3710 3025 3756 etc.
3052 3699 3349 3772 Apustoliei
3395 3713 3511 3755 mo-

1917 3793 2216 3848 deraminis
2237 3793 2540 3848 clementia:
2562 3781 2817 3850 convenit
2841 3793 3118 3866 religiosos
3138 3791 3382 3864 diligere,
3401 3789 3507 3849 etc.

1930 3873 2058 3938 Vide
2084 3883 2138 3938 in
2167 3873 2406 3956 Eugenio
2437 3881 2536 3940 III
2561 3883 2632 3938 ad
2661 3901 2749 3940 an.
2781 3879 2938 3940 H55.

2203 3973 2291 4034 ίΧο
2343 3977 2608 4051 Rogcrius
2662 3996 2728 4034 ex
2786 3977 3190 4050 Aquicinclensi
3243 3979 3509 4035 monacho

1915 4059 2085 4123 abbas
2121 4059 2318 4125 Montis
2348 4063 2405 4125 Β.
2433 4069 2677 4139 Quinlini
2705 4077 2924 4125 creatur
2961 4069 3117 4124 1148.
3151 4067 3226 4124 De
3254 4083 3361 4140 quo
3388 4067 3509 4126 Bio-

1915 4159 2156 4232 graphus
2183 4153 2244 4215 Β.
2285 4157 2505 4218 Gosvini
2538 4159 2629 4217 lib.
2667 4179 2734 4230 n,
2777 4178 2898 4234 cap.
2947 4161 3032 4225 12,
3090 4161 3180 4216 ubi
3217 4161 3508 4232 discipulu-

1916 4265 2036 4306 rum
2067 4249 2398 4308 venerabilis
2443 4249 2684 4322 ejusdem
2733 4254 2834 4309 viri
2884 4253 3209 4308 mentionem
3261 4251 3503 4308 faciens:

1919 4360 1940 4396 ι
1976 4337 2262 4414 Rogerins,
2289 4333 2484 4418 inquit,
2511 4335 2748 4401 Montem
2777 4346 2836 4399 S.
2865 4343 3108 4411 Quintini
3133 4357 3238 4398 non
3266 4343 3506 4415 segniter

1913 4433 2252 4491 observabat.
2296 4457 2315 4490 1
2347 4435 2588 4492 llurnana
2619 4436 2836 4508 reliquit
2865 4452 2954 4492 an.
2987 4429 3144 4490 1150.

1986 4527 2054 4586 X.
2097 4517 2250 4602 llugo
2285 4529 2357 4600 ll,
2392 4529 2482 4586 an.
2514 4525 2672 4586 1150.
2713 4549 2731 4582 t
2769 4529 2922 4601 liug'o
2954 4527 3122 4584 abbas
3158 4517 3502 4587 Corbcicnsis

1915 4631 1972 4679 et
1999 4621 2159 4692 hujus
2188 4621 2646 4695 congregationis.
2683 4627 2699 4673 i
2731 4619 3098 4677 Obituarittm.

1985 4715 2137 4771 anii
2171 4713 2234 4771 111
2285 4713 2558 4788 pontifieis
2608 4714 2827 4770 maximi
2877 4715 3138 4785 Scriptum
3184 4713 3414 4785 l-lugoni,
3448 4715 3499 4770 in

1917 4827 2024 4882 quo
2051 4810 2282 4865 ecenobii
2315 4807 2716 4864 immunitatem
2758 4811 2810 4862 et
2844 4807 3219 4877 exceptionem
3257 4805 3502 4860 sancitur

1913 4906 2234 4973 auctoritas,
2271 4897 2529 4961 traditum
2560 4919 2641 4961 εει
2666 4905 2766 4959 hac
2790 4904 2986 4958 forma.
3453 4915 3455 4920 ί

1986 5000 2204 5068 Lucius,
2236 5013 2426 5055 servus
2462 4997 2742 5054 servorum
2777 4996 2890 5064 Dei,
2920 4995 3129 5052 dilectis
3157 4993 3280 5049 filiis
3315 4989 3498 5049 abbati

1913 5085 2110 5146 Montis
2144 5087 2203 5145 S.
2233 5083 2496 5158 Quintini,
2533 5087 2756 5160 ejusque
2803 5087 3063 5143 fratribus
3113 5095 3218 5142 tam
3262 5099 3501 5156 praesen-

1915 5179 2056 5238 tibus
2093 5179 2253 5252 tjitam
2294 5175 2510 5248 futuris,
2557 5185 2662 5235 'elc;
2714 5169 2975 5234 Eli'eetum
3018 5177 3170 5248 justa
3222 5177 3502 5249 postulan-

1914 5271 2058 5333 tibus
2095 5271 2392 5346 indulgere,
2417 5283 2524 5330 etc.
2567 5272 2691 5328 γῖιιε
2723 5273 2776 5326 in
2807 5257 2969 5326 'Luc'to
2994 5263 3087 5326 ut
3119 5271 3191 5326 ad
3213 5281 3300 5326 an.
3336 5269 3496 5327 uss.

2179 5368 2498 5440 Defnngitnr
2524 5365 2676 5438 llugo
2707 5361 2865 5432 1132,
2899 5367 3010 5422 sive
3039 5355 3196 5421 1185.
3443 5363 3448 5370 ’

1988 5462 2077 5516 111.
2111 5461 2403 5516 Baltlninus
2434 5461 2494 5514 ll.
2529 5460 2649 5530 Egit
2678 5461 2915 5515 animam
2947 5459 3103 5516 1188.

1990 5537 2102 5610 Χ11.
2136 5541 2423 5611 1101)οΓ1118.
2469 5545 2636 5624 l-lnju's
2663 5545 3025 5611 defudetibnis
3057 5557 3232 5610 annus
3266 5551 3318 5608 ili
3359 5551 3498 5606 Mar-

1915 5649 2186 5726 tyrologio‘
2211 5637 2366 5704 1192.

1985 5731 2120 5796 ΧΙΙΙ.
2154 5733 2450 5808 Waltern's,
2483 5731 2635 5796 1199..
2653 5739 2701 5797 ls
2729 5741 3120 5800 monachorum
3149 5747 3338 5801 'coactu
3362 5747 3499 5812 prte-

1876 5899 1884 5908 _
1913 5836 2135 5894 factura:
2164 5837 2329 5894 cessit
2355 5851 2500 5894 anno
2525 5835 2682 5893 1198.
