4032 6326
535 246 673 306 IIIS)

1387 242 1472 298 AD
1502 241 1654 299 OPP.
1696 239 1857 302 VEN.
1910 244 2238 305 GUIBEIITI
2279 247 2367 304 DE
2408 245 2805 307 NOVIGENTO

3662 255 3773 311 It‘zb

606 365 721 423 XIII
762 360 1044 422 Walteras
1072 358 1132 418 II.
1163 358 1218 416 Itt
1245 364 1418 416 {etatis
1456 355 1615 425 IIUI’e,
1649 360 1835 429 stirpis
1871 368 1926 414 et
1957 360 2122 415 animi
2157 365 2201 419 Α
2300 361 2487 417 XXIV.
2524 362 2717 417 Petrus
2762 362 2826 415 de
2857 360 3087 417 Barville
3114 377 3205 417 an.
3253 360 3412 417 I579.
3441 360 3566 431 Quze
3591 378 3777 438 sapere.

537 459 855 531 prwclarus,
887 458 1127 510 omnium
1172 470 1274 507 una
1314 468 1443 506 voce
1469 451 1707 523 eligitur.
1743 449 2123 504 Mouasterium

537 562 761 607 strenue
792 551 927 603 adeo
974 549 1135 608 rexit,
1170 555 1225 599 ut
1265 562 1411 615 spem
1459 544 1733 615 superavit
1785 555 1839 598 et
1885 554 2122 598 tetatem.

540 640 847 710 Disciplina:
896 636 1185 707 regularis,
1246 644 1675 704 cwterarumque
1713 635 1974 688 virtutum
2010 644 2126 687 stu-

538 732 881 787 diosissimus
916 729 1035 782 fuit.
1080 727 1389 783 Facultatcs
1435 728 1623 791 auxit;
1660 728 1919 782 excitavit
1956 726 2128 781 sacel-

539 827 647 881 lum
684 824 862 881 Bcatze
891 823 1148 895 Virginis.
1186 822 1461 892 Ingentem
1488 821 1834 890 pecuniarum
1860 836 2128 875 summam

542 935 649 992 quo
689 934 901 973 sacram
953 916 1227 972 basilicam
1279 934 1306 971 a
1357 917 1722 972 fundamentis
1787 925 2123 983 exstrueret,

545 1013 875 1083 aggregavit,
908 1011 1022 1075 sed,
1058 1020 1231 1066 morte
1262 1022 1667 1082 prmoccupatus
1700 1012 1855 1064 anno
1886 1009 2039 1076 1241,
2076 1010 2128 1064 id

538 1106 719 1182 operis
768 1105 1068 1162 successori
1121 1104 1509 1176 perficiendum
1553 1104 1793 1173 reliquit.
1851 1103 1987 1157 Sunt
2038 1102 2129 1172 qui

539 1200 839 1256 Walterum
873 1216 938 1255 ex
965 1198 1160 1254 illustri
1190 1197 1389 1253 familia
1416 1199 1479 1253 de
1501 1197 1838 1253 Hardccourt
1863 1198 2129 1269 originem

542 1294 742 1354 ducere
783 1292 1071 1349 aliirmant.

615 1386 755 1442 XIV.
791 1385 979 1443 Simon
1025 1388 1089 1440 de
1124 1384 1439 1440 Valencourt
1482 1383 1639 1437 1211.
1677 1382 2003 1447 Ecclesium,
2041 1398 2133 1438 ve-

544 1480 719 1554 stigiis
758 1493 1129 1550 supremaique
1189 1476 1451 1532 voluntati
1503 1477 1773 1530 inhzcrcns
1816 1475 1899 1530 sui
1948 1474 2133 1529 deces-

545 1576 683 1634 soris
704 1618 718 1643 ,
749 1578 884 1629 mira
918 1581 1190 1628 structura
1217 1612 1231 1637 ,
1259 1586 1379 1642 qure
1422 1585 1565 1624 nunc
1614 1569 1824 1625 dierum
1871 1568 2129 1633 cernitur,

542 1665 919 1722 exwdiﬁcavit.
947 1662 1083 1720 Cum
1116 1670 1292 1718 morte
1324 1661 1489 1716 vitam
1517 1659 1874 1717 commutavit
1906 1674 1935 1713 a
1975 1668 2131 1729 partu

544 1755 783 1829 Virginis
821 1756 980 1812 1257.

616 1850 731 1906 XV.
788 1848 1061 1907 Gerardus
1102 1846 1414 1903 Peronemis
1459 1845 1617 1901 1257.
1668 1843 1876 1899 Jurium
1904 1884 1917 1907 ,
1974 1853 2134 1913 atque

546 1944 950 2002 immunitatum
998 1941 1297 1998 acerrimus
1326 1947 1715 2012 propugnator,
1745 1935 2132 1993 mortalitatem

546 2037 782 2110 explevit
816 2035 973 2091 1267.

623 2127 759 2184 XVI.
792 2127 1058 2182 Itobertus
1085 2125 1244 2180 I267.
1276 2124 1465 2179 Itidem
1506 2122 1633 2178 forti
1664 2136 1783 2178 sese
1820 2121 2034 2187 animo,
2068 2135 2137 2176 ne

548 2223 827 2297 privilegia
867 2221 1181 2277 monasterii
1232 2218 1679 2289 iufringerentur,
1726 2214 1997 2286 opposuit.
2028 2212 2138 2267 Ex-

549 2326 721 2372 trema
754 2324 913 2370 relate
966 2316 1247 2375 suadente,
1282 2311 1424 2365 ultro
1455 2324 1649 2365 munus
1685 2307 1958 2362 abdicavit
1996 2321 2137 2360 anno

550 2400 689 2469 £75
716 2417 773 2465 et
800 2407 988 2476 paucis
1014 2414 1136 2476 post
1168 2405 1358 2459 diebus
1385 2403 1549 2457 cessit
1580 2416 1609 2454 e
1640 2400 1773 2454 vita.

618 2501 783 2559 XVII.
809 2497 1215 2560 Balduinuslll,
1257 2494 1400 2551 haud
1448 2494 1698 2565 religiose
1741 2490 1907 2564 gessit
1952 2488 2141 2562 praefe-

550 2602 781 2651 cturam.
811 2592 1036 2647 Mortem
1070 2590 1298 2662 oppetiit
1325 2570 1484 2643 I280.

622 2681 807 2738 XVIII.
842 2681 1141 2737 Matthazus.
1184 2680 1310 2734 Fuit
1350 2678 1496 2733 mitis
1542 2686 1599 2732 et
1635 2682 1983 2741 mansuetus,
2015 2690 2143 2732 nec-

551 2789 663 2830 non
710 2785 766 2831 et
811 2772 1104 2830 multorum
1135 2771 1490 2827 :edificiorum
1534 2779 1743 2825 auctor.
1780 2767 1975 2838 Migrat
2000 2783 2142 2824 anno

554 2866 717 2922 1295.

791 2954 1024 3012 Joannes
1046 2955 1110 3010 de
1135 2954 1443 3018 Villaribus,
1464 2954 1573 3009 San
1596 2953 1979 3022 Quintinianus
1999 2953 2144 3010 haud

554 3050 777 3121 ignobili
804 3065 1000 3121 genere
1030 3048 1313 3104 oriundus.
1346 3047 1456 3102 Hac
1488 3048 1601 3119 ipsa
1637 3055 1983 3116 tempestate,
2017 3061 2141 3102 cum

2231 467 2351 509 rant
2385 456 2695 510 facultatum
2722 456 3044 525 absumpsit,
3067 454 3401 526 obligurivit.
3426 453 3625 510 Occidit
3646 459 3775 516 1598.

2299 547 2461 619 622
2486 545 2654 602 XXV.
2688 547 2973 603 Matthrrus
3012 548 3076 601 de
3118 547 3300 618 Dury,
3335 547 3490 603 1598.
3541 547 3776 621 Singulaﬁ

2230 641 2473 710 signatur
2503 642 2855 712 parcimonia.
2894 628 3106 695 Etenim
3136 656 3259 694 cum
3290 639 3578 709 perniciem
3602 657 3782 711 posses.

2230 734 2490 794 sionibus,
2544 734 2715 787 labem
2773 732 3040 799 aedificiis,
3074 733 3315 801 antiquae
3352 730 3617 801 splendori
3649 733 3782 790 disci-

2231 824 2391 896 plina:
2420 826 2738 880 obnubilmn
2774 825 2977 879 illatum
3024 824 3385 892 conspiceret,
3430 823 3668 878 universa
3694 828 3785 882 diu-

2234 927 2393 973 turno
2421 919 2623 985 labore,
2654 918 2919 973 industria
2952 933 3187 985 summa,
3227 917 3523 989 reparavit,
3557 918 3784 974 restituit-

2232 1027 2355 1084 que.
2396 1010 2609 1067 Natura:
2635 1013 2906 1067 concessit
2939 1011 3101 1067 1415.

2305 1106 2492 1162 XXVI.
2526 1104 2759 1161 Joannes
2784 1106 2827 1162 V
2857 1107 2921 1159 de
2946 1103 3194 1159 Ifeunon.
3229 1105 3389 1161 1415.
3418 1102 3565 1160 Obiit
3588 1104 3729 1161 1158.

2308 1197 2517 1254 XXVII.
2565 1197 2800 1253 Jaco‘ous
2862 1197 3123 1253 Hannon.
3178 1197 3337 1252 Prius
3394 1212 3423 1250 a
3478 1197 3642 1251 sacris
3690 1197 3787 1254 duci

2232 1293 2593 1365 Burgundize;
2646 1294 2841 1348 deinde
2875 1294 3213 1348 monasticen
3244 1290 3548 1363 professus,
3584 1291 3788 1361 prioratu

2234 1389 2299 1445 de
2346 1388 2569 1445 Lebuno
2616 1388 2669 1444 in
2718 1389 2980 1459 sanguine
3029 1397 3175 1443 terso
3216 1386 3410 1458 (Lihon
3456 1401 3523 1439 en
3562 1385 3790 1453 Santem)

2235 1482 2501 1549 donatur;
2542 1492 2655 1536 tum
2688 1480 2746 1536 Ξ.
2792 1480 3034 1548 Quintini
3077 1479 3376 1534 Montensis
3422 1476 3591 1542 1461,
3634 1492 3689 1530 ac
3717 1493 3793 1548 po-

2236 1584 2440 1631 stremo
2468 1574 2713 1631 Corbeia:
2741 1574 2940 1628 veteris
2966 1574 3134 1628 abbas
3163 1574 3403 1641 eligitur.
3437 1572 3794 1641 Octogenarius

2237 1681 2378 1721 anno
2427 1664 2566 1720 I480
2618 1665 2892 1720 occubuit.
2927 1683 2944 1714 ι
2978 1663 3101 1718 Fuit
3147 1664 3345 1732 ubique
3390 1663 3478 1715 vir
3518 1661 3796 1716 mitissimus

2166 1751 2210 1806 B
2238 1757 2402 1827 (quod
2437 1756 2605 1811 refert
2633 1756 2941 1812 Cbronicon
2979 1756 3310 1810 Corbeiense
3352 1758 3489 1821 ms.)
3517 1763 3670 1822 atque
3695 1768 3794 1823 per-

2240 1850 2529 1915 bumanus,
2554 1858 2606 1903 et
2629 1847 2853 1921 scientia
2880 1846 3271 1917 grammaticali
3292 1846 3544 1916 apprime
3568 1846 3798 1910 ertnlitus,

2238 1943 2475 2013 Optimus
2503 1942 2771 2012 scriptor;
2796 1940 3229 2010 magnitlcusque
3252 1953 3315 1992 ac
3340 1937 3799 2008 splendidissimus,

2239 2036 2331 2106 qui
2362 2035 2487 2089 licet
2532 2034 2721 2090 humili
2757 2034 2874 2089 loco
2914 2044 3076 2088 natus
3126 2040 3306 2096 esset,
3354 2029 3613 2086 omnibus
3654 2039 3799 2085 tamen

2240 2129 2293 2183 in
2347 2130 2512 2184 rebus
2561 2128 3012 2199 prmclarissimus
3054 2126 3246 2181 evasit.
3287 2125 3386 2180 Hic
3438 2124 3717 2178 admodum
3762 2127 3804 2178 in

2240 2226 2566 2281 communiis
2595 2234 2650 2280 et
2692 2224 2864 2279 cmuis
2913 2223 3142 2285 facetus,
3190 2229 3245 2275 et
3276 2220 3330 2275 in
3375 2219 3525 2289 jocis
3564 2218 3807 2273 cavillator

2236 2318 2685 2390 jucundissimus.
2729 2336 2747 2368 ›
2781 2317 2933 2385 Quod
2967 2325 3169 2371 sancta:
3207 2313 3406 2385 regulm
3447 2313 3803 2379 monachorum

2242 2422 2406 2483 atque
2439 2413 2812 2468 institutorum
2856 2409 3351 2466 ecclesiasticorum
3391 2404 3645 2477 gravitati
3680 2402 3808 2473 longe

2242 2516 2529 2577 repugnat.

2313 2599 2549 2655 XXVIII.
2589 2600 2827 2655 Joannes
2868 2596 2929 2654 VI
2969 2597 3327 2668 Dausquenel.
3373 2593 3562 2649 Vitam
3594 2606 3705 2646 cum
3731 2591 3808 2645 ah-

2242 2693 2390 2750 batia
2421 2692 2599 2762 posuit
2628 2691 2787 2746 1181.

2315 2781 2510 2837 XXIX.
2536 2782 2773 2837 Joannes
2801 2780 2889 2836 VII
2924 2778 3306 2850 Karquendlan
3339 2775 3643 2831 canonicus
3668 2773 3814 2829 Picta-

2245 2878 2452 2942 vensis,
2508 2886 2563 2931 et
2615 2875 3024 2947 protonotarius
3079 2870 3433 2945 apostolicus.
3493 2866 3595 2923 Hic
3642 2868 3816 2939 primus

2246 2968 2518 3024 abbatiam
2567 2966 2838 3037 subripuit
2882 2965 2935 3019 in
2984 2961 3361 3019 commendam
3402 2961 3568 3016 1181.
3623 2960 3687 3013 At
3724 2972 3817 3011 mo-

2251 3061 2408 3115 nacbi
2461 3059 2628 3115 multa
2677 3059 2754 3113 illi
2818 3057 3097 3114 facessunt
3160 3057 3419 3128 negotia;
3488 3053 3630 3107 unde
3689 3051 3818 3105 tedio

552 3143 730 3218 prisca
765 3142 1019 3213 majestas
1069 3139 1313 3195 ecclesia:
1346 3138 1546 3193 montis
1590 3138 1647 3193 S.
1692 3136 1932 3205 Quintini
1980 3138 2141 3191 obso-

2244 3167 2467 3225 pressus
2493 3167 2835 3222 mmrorequc
2862 3150 3145 3206 confectus
3173 3125 3315 3205 diem
3339 3147 3546 3203 clausit
3568 3145 3716 3202 I487.

553 3237 794 3305 levisset,
822 3245 879 3293 et
908 3234 1361 3308 possessionibus,
1390 3231 1459 3286 ob
1486 3232 1664 3287 debita
1705 3246 1733 3285 a
1773 3230 2144 3302 praedecesso-

556 3332 707 3390 ribus
733 3338 1038 3394 contracta,
1070 3327 1137 3382 ad
1174 3338 1394 3382 exteros
1424 3325 1720 3391 translatis,
1746 3326 2145 3396 oppigttoratis-

554 3437 682 3495 que,
712 3422 958 3478 omnium
997 3435 1176 3475 rerum
1214 3428 1428 3489 egestas
1469 3416 1755 3473 emnobitis
1789 3418 2141 3488 obrepsisset,

555 3515 956 3571 calamitatibus
988 3512 1203 3568 tandem
1251 3525 1541 3583 oppressus
1577 3508 1841 3565 Peronam
1891 3525 1950 3564 se
1997 3526 2146 3565 rece-

554 3607 656 3679 pit,
685 3607 797 3670 ubi,
826 3605 935 3659 vita
967 3606 1021 3660 in
1063 3605 1247 3660 cinere
1272 3614 1327 3660 et
1357 3603 1534 3660 cilicio
1565 3613 1807 3673 peracta,
1837 3613 2144 3659 extremum

555 3701 804 3773 spiritum
827 3699 1099 3757 exhalavit
1130 3699 1284 3754 1515.

627 3790 750 3847 XX.
803 3791 1039 3848 Joannes
1086 3791 1150 3847 II.
1200 3790 1490 3862 Splendida
1539 3790 1605 3846 de
1653 3788 1888 3845 IIincliin
1941 3789 2147 3847 familia

536 3892 740 3943 gnatus.
775 3882 873 3937 Rei
909 3883 1221 3940 domesticae
1265 3883 1676 3937 administrator
1725 3882 2022 3938 industrius
2052 3899 2149 3938 no-

563 3982 728 4029 tatur.
772 3974 1052 4046 Siquidem
1087 3976 1219 4046 ipse,
1259 3989 1367 4030 aere
1413 3975 1589 4030 alieno
1636 3983 1917 4045 gravatum
1964 3990 2150 4032 mona-

562 4066 809 4134 sterium,
838 4067 1095 4139 singulari
1146 4066 1485 4137 providentia
1532 4067 1871 4121 exoneravit.
1904 4066 2151 4124 Resareit

561 4158 851 4231 plerasque
893 4161 1037 4215 (edes
1072 4158 1241 4214 ruinis
1291 4159 1625 4229 detnrpatas.
1656 4158 1761 4215 Sev
1812 4160 2045 4216 maxime
2074 4162 2150 4231 illi

562 4266 653 4307 res
698 4252 1114 4319 ecclesiastica,
1169 4252 1517 4322 divinumque
1578 4254 1812 4305 οῑῐιριιιιιι
1869 4228 2150 4311 decentius

560 4353 724 4415 atque
758 4345 1021 4399 attentius
1050 4344 1485 4414 persolvendum,
1518 4342 1667 4398 cordi
1714 4342 1882 4397 fuere.
1918 4343 2151 4401 Paterna

562 4439 777 4495 detnum
833 4440 885 4494 in
935 4439 1229 4494 monachos
1267 4447 1322 4493 et
1371 4452 1637 4507 pauperes
1678 4436 1889 4493 viscera
1925 4438 2152 4496 demon-

562 4535 774 4591 stravit.
809 4533 863 4588 In
892 4534 1086 4590 cmlum
1126 4534 1418 4589 translatus
1444 4544 1525 4588 est
1556 4532 1713 4588 1557.

635 4626 777 4683 XXI.
804 4625 1039 4683 Joannes
1067 4626 1151 4692 IlI,
1180 4627 1247 4680 ah
1294 4626 1569 4695 equitandi
1614 4625 1806 4696 peritia
1841 4624 2016 4697 Eques
2058 4643 2150 4697 ap-

563 4721 814 4796 pellatus.
882 4720 1137 4791 Deposito
1208 4719 1509 4775 canonieali
1572 4719 1793 4783 habitu,
1860 4720 2150 4776 collobium

565 4812 741 4869 induit
772 4812 1089 4867 monacbalc
1140 4813 1191 4865 in
1241 4812 1511 4868 asceterio
1560 4810 1863 4877 Montensi,
1892 4822 1946 4867 et
1986 4813 2152 4869 abbas

566 4915 782 4964 creatur
817 4905 977 4960 1557.
1006 4905 1317 4959 Dentoritur
1356 4905 1507 4959 1501.

636 4998 796 5055 XXII.
824 4998 1059 5055 Joannes
1091 4995 1178 5063 IV,
1202 4999 1265 5051 de
1299 4997 1559 5051 Ilercourt
1598 4997 1662 5051 de
1703 4994 1962 5063 Combles,
1994 4998 2152 5057 1561.

566 5090 1017 5165 Magndicentiori
1049 5101 1309 5161 apparatu
1339 5105 1503 5159 quant
1537 5089 1741 5143 humile
1767 5090 1970 5145 Christi
2002 5107 2156 5146 man-

565 5183 768 5256 cipium
819 5186 1036 5239 deceret
1088 5182 1419 5238 incedebat:
1471 5180 1561 5236 hic
1602 5180 1952 5237 nihilominus
1998 5183 2156 5257 longe

567 5275 767 5331 charus
794 5277 908 5331 suis
932 5275 1145 5332 exstitit
1171 5285 1227 5330 et
1257 5273 1564 5330 familiaris.
1597 5272 1962 5332 Novissimum
2009 5277 2140 5333 dien‘

567 5366 762 5423 clausit
791 5369 949 5425 1570.

640 5458 827 5515 XXIII.
863 5461 1015 5535 Ilugo
1056 5462 1117 5518 IlI
1164 5463 1422 5534 Augusta:
1469 5461 1996 5527 Viromanduorum,
2039 5461 2154 5517 sive

572 5550 631 5607 S.
665 5552 909 5621 Quintini
940 5556 1093 5612 civis.
1130 5556 1274 5612 Bona
1314 5558 1630 5612 monasterii
1653 5596 1665 5619 ,
1704 5538 1895 5611 'utrum
1934 5554 2153 5624 volens,

572 5664 640 5704 an
672 5649 742 5704 ob
773 5648 940 5718 ipsius
966 5653 1326 5708 reconomiam
1355 5652 1535 5713 minus
1556 5650 1863 5726 providam,
1894 5648 2157 5723 dilapida-

574 5744 671 5809 vit.
702 5743 869 5809 Desiit
900 5758 1042 5801 anno
1069 5745 1229 5807 1579.
1617 5817 1643 5827 ν,
1700 5795 1722 5827 ,ς
1856 5772 1859 5775 ·

2317 3240 2488 3297 XXX.
2522 3240 2758 3297 Joannes
2792 3240 2905 3296 VIII
2952 3239 3228 3305 d‘Estre‘e,
3261 3254 3330 3293 ex
3370 3238 3524 3292 avita
3571 3234 3821 3291 nobilitate

2245 3336 2511 3406 originem
2557 3334 2805 3399 trahens,
2865 3348 2929 3387 ac
2976 3331 3295 3387 monasticis
3347 3329 3651 3385 obstrictus
3686 3325 3817 3379 rotis.

2244 3428 2427 3500 Ipsum
2457 3428 2509 3481 in
2546 3424 2762 3480 Patrem
2793 3433 3077 3480 assumunt
3102 3422 3335 3489 fratres;
3370 3422 3464 3492 qui
3499 3432 3558 3475 et
3582 3435 3609 3473 a
3640 3431 3820 3474 summo

2247 3520 2506 3590 pontifice
2551 3533 2692 3573 anno
2725 3517 2861 3573 1187
2897 3517 3182 3580 asseritur,
3217 3525 3380 3584 atque
3417 3512 3671 3583 iusigniis
3713 3523 3821 3580 pon-

2249 3609 2536 3664 tificalibus
2584 3610 2881 3663 adornatur
2928 3606 3086 3662 I505.
3139 3605 3339 3662 Terras
3398 3603 3658 3676 migravit
3705 3615 3823 3657 anno

2249 3702 2555 3774 Insequenti
2584 3701 2745 3757 I506.

2676 3793 2899 3848 Abbales
2942 3790 3397 3847 commendatam.

2322 3887 2514 3943 XXXI.
2547 3887 2856 3943 Ludovicus
2884 3889 2948 3943 de
2978 3885 3195 3942 Conuiu
3227 3884 3444 3940 abbatia
3480 3882 3645 3939 simul
3675 3878 3826 3936 Souil-

2251 3980 2453 4037 lacensi
2485 3978 2765 4051 (Souillac)
2798 3979 2954 4034 titulo
2978 3978 3315 4034 eommendm
3346 3976 3562 4048 potitus
3588 3984 3671 4031 est
3694 3971 3824 4029 1506.

2322 4072 2541 4129 XXXII.
2573 4072 2843 4128 Antonius
2886 4071 3140 4143 Rogault,
3182 4069 3442 4127 Ludovici
3485 4084 3688 4141 nepos,
3719 4080 3824 4138 pos-

2254 4166 2550 4221 SCSSIOIICIII
2587 4163 2717 4218 adiit
2748 4163 2906 4217 I527.

2327 4257 2562 4314 XXXIII.
2595 4256 2832 4312 Joannes
2858 4255 2928 4311 IX
2953 4257 3017 4311 de
3043 4255 3373 4322 Genouillar,
3405 4254 3570 4311 1552.

2325 4350 2567 4406 XXXIV.
2596 4350 2813 4406 Verdun
2840 4350 2910 4403 du
2939 4348 3078 4415 Max,
3106 4348 3264 4403 1544.
3298 4348 3467 4403 Desiit
3501 4362 3649 4402 anno
3693 4343 3828 4401 1565.

2327 4442 2546 4499 XXXV.
2576 4442 2809 4499 Jacobus
2852 4441 3237 4513 d'Aplr'uconrt,
3268 4440 3433 4497 1565.
3468 4441 3513 4497 Ε
3537 4440 3714 4496 medio
3746 4438 3830 4495 tol-

2178 4500 2232 4559 ί)
2257 4532 2387 4589 Iitur
2415 4534 2571 4589 1575.

2331 4626 2569 4683 XXXVI.
2606 4626 2932 4684 Franciscus
2963 4626 3246 4682 Pa‘scanet.
3276 4625 3411 4698 Regi
3458 4624 3531 4681 ab
3557 4626 3832 4695 eleemosy-

2260 4721 2365 4785 nis,
2397 4729 2452 4775 et
2492 4720 2746 4775 Ecclesia:
2790 4720 3147 4776 Bituricensis
3184 4719 3484 4776 canonicus
3523 4735 3671 4773 anno
3696 4717 3830 4771 I575.

2259 4814 2330 4867 At
2356 4825 2483 4866 vero
2516 4811 2833 4867 Mareseallo
2858 4815 2921 4866 de
2950 4812 3003 4866 In
3042 4809 3295 4878 Chastre,
3323 4826 3487 4882 quem
3526 4812 3633 4867 sibi
3662 4825 3835 4882 procu-

2258 4914 2496 4962 ratorem
2519 4905 2809 4976 delegerat,
2839 4915 3131 4969 annuente,
3156 4906 3373 4961 abdicat
3398 4906 3676 4960 abbatiam
3700 4901 3833 4957 I596.

2336 4995 2594 5051 XXXVII.
2622 4996 2977 5052 Sebastianus
3007 4995 3225 5051 Robeh‘n
3270 4996 3603 5051 Parisiensis
3642 5004 3836 5049 senatus

2263 5089 2503 5159 supremi
2555 5088 2827 5159 princeps.
2868 5087 3127 5142 Nicolaus
3172 5086 3461 5142 Damerval
3489 5086 3740 5142 dominus
3782 5082 3835 5135 de

2262 5183 2578 5249 Liencourt,
2606 5192 2758 5238 actor
2788 5183 2959 5255 ipsius
2982 5183 3211 5240 exstitit.
3241 5182 3391 5237 Abiit
3413 5197 3445 5237 e
3470 5182 3582 5235 vita
3628 5179 3777 5235 1615.

2332 5274 2616 5330 XXXVIII.
2648 5275 2907 5331 Claudius
2934 5274 3289 5345 d'Argouges,
3328 5288 3437 5343 quo
3465 5287 3681 5327 morum
3707 5273 3836 5322 viue-

2262 5381 2369 5437 que
2398 5368 2789 5422 consuetudine
2815 5380 2976 5421 nemo
3005 5364 3207 5421 clarior
3234 5366 3337 5421 hac
3366 5374 3528 5421 aetate
3564 5362 3691 5418 fuit.
3717 5360 3836 5416 Inita

2260 5459 2603 5529 possessione
2638 5458 2797 5527 1615,
2837 5457 3227 5513 monasterium
3270 5457 3516 5512 aediliciis
3562 5458 3832 5517 caducum,

2260 5555 2372 5609 imo
2400 5569 2561 5608 ruens
2590 5554 2642 5608 in
2676 5553 2925 5608 ultimum
2957 5566 3126 5623 prope
3154 5565 3363 5615 casum,
3396 5550 3621 5626 escitat.
3650 5547 3838 5603 Instau-

2262 5660 2349 5708 rat
2386 5667 2577 5722 nempe
2615 5669 2643 5706 a
2698 5650 3064 5706 fundamentis
3094 5649 3489 5712 dormitorimn,
3527 5648 3831 5707 claustrum,

2264 5742 2561 5813 capitulum
2623 5741 3009 5812 refectorium,
3059 5751 3119 5798 ut
3167 5741 3332 5799 verbo
3381 5740 3667 5805 claudam,
3706 5738 3834 5795 aedes
