  <div class='ocr_page' id='page_1' title='image "/cluster/home/n/w/nwhite01/storage/ocr_20150623/156/hvd.32044010683712/566.png"; bbox 0 0 4032 6326; ppageno 0'>
   <div class='ocr_carea' id='block_1_1' title="bbox 218 402 345 464">
    <p class='ocr_par' dir='ltr' id='par_1_1' title="bbox 218 402 345 464">
     <span class='ocr_line' id='line_1_1' title="bbox 218 402 345 464; baseline -0.016 0"><span class='ocrx_word' id='word_1_1' title='bbox 218 402 345 464; x_wconf 72' lang='grc'><strong>1121</strong></span> 
     </span>
    </p>
   </div>
   <div class='ocr_carea' id='block_1_2' title="bbox 1372 400 2342 478">
    <p class='ocr_par' dir='ltr' id='par_1_2' title="bbox 1372 400 2342 478">
     <span class='ocr_line' id='line_1_2' title="bbox 1372 400 2342 478; baseline 0.004 -17"><span class='ocrx_word' id='word_1_2' title='bbox 1372 400 1580 478; x_wconf 75' lang='grc' dir='ltr'><strong>ὓΟΜΝΙ</strong></span> <span class='ocrx_word' id='word_1_3' title='bbox 1619 403 1683 460; x_wconf 90' lang='lat' dir='ltr'><strong>L.</strong></span> <span class='ocrx_word' id='word_1_4' title='bbox 1727 402 2067 462; x_wconf 80' lang='lat' dir='ltr'><strong>D&#39;ACHERY</strong></span> <span class='ocrx_word' id='word_1_5' title='bbox 2109 405 2342 465; x_wconf 75' lang='grc' dir='ltr'><strong>ΝΟΤᾹΞ.</strong></span> 
     </span>
    </p>
   </div>
   <div class='ocr_carea' id='block_1_3' title="bbox 3310 416 3452 474">
    <p class='ocr_par' dir='ltr' id='par_1_3' title="bbox 3310 416 3452 474">
     <span class='ocr_line' id='line_1_3' title="bbox 3310 416 3452 474; baseline 0.028 -4"><span class='ocrx_word' id='word_1_6' title='bbox 3310 416 3452 474; x_wconf 61' lang='lat' dir='ltr'><strong>HQ!</strong></span> 
     </span>
    </p>
   </div>
   <div class='ocr_carea' id='block_1_4' title="bbox 219 509 3451 599">
    <p class='ocr_par' dir='ltr' id='par_1_4' title="bbox 219 509 3451 599">
     <span class='ocr_line' id='line_1_4' title="bbox 219 509 3451 599; baseline 0.005 -29"><span class='ocrx_word' id='word_1_7' title='bbox 219 524 486 573; x_wconf 78' lang='lat' dir='ltr'><strong>universas</strong></span> <span class='ocrx_word' id='word_1_8' title='bbox 507 509 800 579; x_wconf 82' lang='lat' dir='ltr'><strong>regulares,</strong></span> <span class='ocrx_word' id='word_1_9' title='bbox 830 516 889 566; x_wconf 91' lang='lat' dir='ltr'><strong>ut</strong></span> <span class='ocrx_word' id='word_1_10' title='bbox 912 521 1127 579; x_wconf 87' lang='lat' dir='ltr'><strong>vocant,</strong></span> <span class='ocrx_word' id='word_1_11' title='bbox 1151 512 1266 571; x_wconf 87' lang='lat' dir='ltr'><strong>suis</strong></span> <span class='ocrx_word' id='word_1_12' title='bbox 1292 521 1345 570; x_wconf 90' lang='lat' dir='ltr'><strong>et</strong></span> <span class='ocrx_word' id='word_1_13' title='bbox 1374 513 1460 571; x_wconf 89' lang='lat' dir='ltr'><strong>his</strong></span> <span class='ocrx_word' id='word_1_14' title='bbox 1508 515 1777 587; x_wconf 80' lang='lat' dir='ltr'><strong>permaxi-</strong></span> <span class='ocrx_word' id='word_1_15' title='bbox 1804 515 1850 573; x_wconf 89' lang='lat' dir='ltr'><strong>A</strong></span> <span class='ocrx_word' id='word_1_16' title='bbox 1912 520 2150 579; x_wconf 63' lang='lat' dir='ltr'><strong>&quot;.Addam</strong></span> <span class='ocrx_word' id='word_1_17' title='bbox 2208 528 2261 575; x_wconf 90' lang='lat' dir='ltr'><strong>et</strong></span> <span class='ocrx_word' id='word_1_18' title='bbox 2310 521 2589 590; x_wconf 86' lang='lat' dir='ltr'><strong>antiquam</strong></span> <span class='ocrx_word' id='word_1_19' title='bbox 2640 518 2920 581; x_wconf 75' lang='lat' dir='ltr'><strong>electionis</strong></span> <span class='ocrx_word' id='word_1_20' title='bbox 2959 523 3118 582; x_wconf 82' lang='lat' dir='ltr'><strong>factae</strong></span> <span class='ocrx_word' id='word_1_21' title='bbox 3140 527 3451 599; x_wconf 90' lang='lat' dir='ltr'><strong>formulam,</strong></span> 
     </span>
    </p>
   </div>
   <div class='ocr_carea' id='block_1_5' title="bbox 214 604 1775 677">
    <p class='ocr_par' dir='ltr' id='par_1_5' title="bbox 214 604 1775 677">
     <span class='ocr_line' id='line_1_5' title="bbox 214 604 1775 677; baseline -0.002 -13"><span class='ocrx_word' id='word_1_22' title='bbox 214 612 311 664; x_wconf 88' lang='lat' dir='ltr'><strong>mis</strong></span> <span class='ocrx_word' id='word_1_23' title='bbox 357 604 611 673; x_wconf 78' lang='lat' dir='ltr'><strong>impensis</strong></span> <span class='ocrx_word' id='word_1_24' title='bbox 637 605 844 659; x_wconf 77' lang='lat' dir='ltr'><strong>exstrui</strong></span> <span class='ocrx_word' id='word_1_25' title='bbox 877 606 1106 661; x_wconf 86' lang='lat' dir='ltr'><strong>curavit.</strong></span> <span class='ocrx_word' id='word_1_26' title='bbox 1139 606 1301 663; x_wconf 79' lang='lat' dir='ltr'><strong>Novis</strong></span> <span class='ocrx_word' id='word_1_27' title='bbox 1350 607 1603 677; x_wconf 79' lang='lat' dir='ltr'><strong>operibus</strong></span> <span class='ocrx_word' id='word_1_28' title='bbox 1632 608 1775 662; x_wconf 87' lang='lat' dir='ltr'><strong>basi-</strong></span> 
     </span>
    </p>
   </div>
   <div class='ocr_carea' id='block_1_6' title="bbox 215 694 1770 771">
    <p class='ocr_par' dir='ltr' id='par_1_6' title="bbox 215 694 1770 771">
     <span class='ocr_line' id='line_1_6' title="bbox 215 694 1770 771; baseline 0.001 -18"><span class='ocrx_word' id='word_1_29' title='bbox 215 698 361 753; x_wconf 77' lang='lat' dir='ltr'><strong>licznn</strong></span> <span class='ocrx_word' id='word_1_30' title='bbox 417 694 678 759; x_wconf 79' lang='lat' dir='ltr'><strong>suilulsit,</strong></span> <span class='ocrx_word' id='word_1_31' title='bbox 738 696 1011 751; x_wconf 76' lang='lat' dir='ltr'><strong>decoravit</strong></span> <span class='ocrx_word' id='word_1_32' title='bbox 1078 699 1271 754; x_wconf 80' lang='lat' dir='ltr'><strong>diversi</strong></span> <span class='ocrx_word' id='word_1_33' title='bbox 1339 700 1552 771; x_wconf 77' lang='lat' dir='ltr'><strong>generis</strong></span> <span class='ocrx_word' id='word_1_34' title='bbox 1617 717 1770 757; x_wconf 87' lang='lat' dir='ltr'><strong>sacra</strong></span> 
     </span>
    </p>
   </div>
   <div class='ocr_carea' id='block_1_7' title="bbox 212 784 1771 866">
    <p class='ocr_par' dir='ltr' id='par_1_7' title="bbox 212 784 1771 866">
     <span class='ocr_line' id='line_1_7' title="bbox 212 784 1771 866; baseline 0.004 -23"><span class='ocrx_word' id='word_1_35' title='bbox 212 784 548 857; x_wconf 76' lang='lat' dir='ltr'><strong>supellectili,</strong></span> <span class='ocrx_word' id='word_1_36' title='bbox 598 787 742 843; x_wconf 81' lang='lat' dir='ltr'><strong>vasis</strong></span> <span class='ocrx_word' id='word_1_37' title='bbox 787 790 1058 857; x_wconf 71' lang='lat' dir='ltr'><strong>argenteis</strong></span> <span class='ocrx_word' id='word_1_38' title='bbox 1098 791 1474 863; x_wconf 80' lang='lat' dir='ltr'><strong>locupletavit,</strong></span> <span class='ocrx_word' id='word_1_39' title='bbox 1522 807 1577 849; x_wconf 90' lang='lat' dir='ltr'><strong>et</strong></span> <span class='ocrx_word' id='word_1_40' title='bbox 1628 792 1771 866; x_wconf 90' lang='lat' dir='ltr'><strong>quod</strong></span> 
     </span>
    </p>
   </div>
   <div class='ocr_carea' id='block_1_8' title="bbox 211 880 1769 954">
    <p class='ocr_par' dir='ltr' id='par_1_8' title="bbox 211 880 1769 954">
     <span class='ocr_line' id='line_1_8' title="bbox 211 880 1769 954; baseline 0.004 -19"><span class='ocrx_word' id='word_1_41' title='bbox 211 891 469 935; x_wconf 89' lang='lat' dir='ltr'><strong>summum</strong></span> <span class='ocrx_word' id='word_1_42' title='bbox 523 886 646 941; x_wconf 91' lang='lat' dir='ltr'><strong>est,</strong></span> <span class='ocrx_word' id='word_1_43' title='bbox 691 880 940 950; x_wconf 86' lang='lat' dir='ltr'><strong>quodque</strong></span> <span class='ocrx_word' id='word_1_44' title='bbox 987 882 1084 951; x_wconf 77' lang='lat' dir='ltr'><strong>ipsi</strong></span> <span class='ocrx_word' id='word_1_45' title='bbox 1131 885 1526 954; x_wconf 86' lang='lat' dir='ltr'><strong>amplissimum</strong></span> <span class='ocrx_word' id='word_1_46' title='bbox 1574 903 1769 943; x_wconf 89' lang='lat' dir='ltr'><strong>nomen</strong></span> 
     </span>
    </p>
   </div>
   <div class='ocr_carea' id='block_1_9' title="bbox 209 953 1770 1049">
    <p class='ocr_par' dir='ltr' id='par_1_9' title="bbox 209 953 1770 1049">
     <span class='ocr_line' id='line_1_9' title="bbox 209 953 1770 1049; baseline 0.006 -25"><span class='ocrx_word' id='word_1_47' title='bbox 209 986 324 1031; x_wconf 88' lang='lat' dir='ltr'><strong>eum</strong></span> <span class='ocrx_word' id='word_1_48' title='bbox 372 953 856 1041; x_wconf 46' lang='lat' dir='ltr'><strong>immortali&#39;gloria</strong></span> <span class='ocrx_word' id='word_1_49' title='bbox 902 977 1139 1043; x_wconf 81' lang='lat' dir='ltr'><strong>peperit,</strong></span> <span class='ocrx_word' id='word_1_50' title='bbox 1171 977 1433 1047; x_wconf 78' lang='lat' dir='ltr'><strong>regularis</strong></span> <span class='ocrx_word' id='word_1_51' title='bbox 1474 979 1770 1049; x_wconf 72' lang='lat' dir='ltr'><strong>disciplina:</strong></span> 
     </span>
    </p>
   </div>
   <div class='ocr_carea' id='block_1_10' title="bbox 208 1049 1768 1140">
    <p class='ocr_par' dir='ltr' id='par_1_10' title="bbox 208 1049 1768 1140">
     <span class='ocr_line' id='line_1_10' title="bbox 208 1049 1768 1140; baseline 0.007 -26"><span class='ocrx_word' id='word_1_52' title='bbox 208 1060 373 1116; x_wconf 86' lang='lat' dir='ltr'><strong>lucem</strong></span> <span class='ocrx_word' id='word_1_53' title='bbox 405 1058 566 1113; x_wconf 83' lang='lat' dir='ltr'><strong>Monti</strong></span> <span class='ocrx_word' id='word_1_54' title='bbox 598 1049 779 1115; x_wconf 82' lang='lat' dir='ltr'><strong>Sancti</strong></span> <span class='ocrx_word' id='word_1_55' title='bbox 807 1062 1046 1128; x_wconf 86' lang='lat' dir='ltr'><strong>Quintini</strong></span> <span class='ocrx_word' id='word_1_56' title='bbox 1079 1065 1281 1121; x_wconf 85' lang='lat' dir='ltr'><strong>inferre</strong></span> <span class='ocrx_word' id='word_1_57' title='bbox 1304 1079 1615 1140; x_wconf 86' lang='lat' dir='ltr'><strong>peruptans,</strong></span> <span class='ocrx_word' id='word_1_58' title='bbox 1650 1086 1768 1125; x_wconf 89' lang='lat' dir='ltr'><strong>mo-</strong></span> 
     </span>
    </p>
   </div>
   <div class='ocr_carea' id='block_1_11' title="bbox 208 1151 1765 1224">
    <p class='ocr_par' dir='ltr' id='par_1_11' title="bbox 208 1151 1765 1224">
     <span class='ocr_line' id='line_1_11' title="bbox 208 1151 1765 1224; baseline 0.008 -19"><span class='ocrx_word' id='word_1_59' title='bbox 208 1151 388 1206; x_wconf 88' lang='lat' dir='ltr'><strong>nachis</strong></span> <span class='ocrx_word' id='word_1_60' title='bbox 431 1152 860 1220; x_wconf 73' lang='lat' dir='ltr'><strong>congregationis</strong></span> <span class='ocrx_word' id='word_1_61' title='bbox 911 1154 1092 1211; x_wconf 84' lang='lat' dir='ltr'><strong>Sancti</strong></span> <span class='ocrx_word' id='word_1_62' title='bbox 1141 1158 1352 1224; x_wconf 77' lang='lat' dir='ltr'><strong>Mauri,</strong></span> <span class='ocrx_word' id='word_1_63' title='bbox 1384 1162 1574 1216; x_wconf 89' lang='lat' dir='ltr'><strong>eadem</strong></span> <span class='ocrx_word' id='word_1_64' title='bbox 1600 1162 1765 1217; x_wconf 90' lang='lat' dir='ltr'><strong>disci-</strong></span> 
     </span>
    </p>
   </div>
   <div class='ocr_carea' id='block_1_12' title="bbox 206 1241 1769 1314">
    <p class='ocr_par' dir='ltr' id='par_1_12' title="bbox 206 1241 1769 1314">
     <span class='ocr_line' id='line_1_12' title="bbox 206 1241 1769 1314; baseline 0.01 -20"><span class='ocrx_word' id='word_1_65' title='bbox 206 1241 341 1312; x_wconf 90' lang='lat' dir='ltr'><strong>plina</strong></span> <span class='ocrx_word' id='word_1_66' title='bbox 379 1244 620 1313; x_wconf 87' lang='lat' dir='ltr'><strong>apprime</strong></span> <span class='ocrx_word' id='word_1_67' title='bbox 644 1244 940 1314; x_wconf 88' lang='lat' dir='ltr'><strong>instructis,</strong></span> <span class='ocrx_word' id='word_1_68' title='bbox 973 1247 1110 1303; x_wconf 90' lang='lat' dir='ltr'><strong>idem</strong></span> <span class='ocrx_word' id='word_1_69' title='bbox 1135 1252 1525 1307; x_wconf 84' lang='lat' dir='ltr'><strong>monasterium</strong></span> <span class='ocrx_word' id='word_1_70' title='bbox 1553 1254 1769 1311; x_wconf 76' lang='lat' dir='ltr'><strong>tradidit</strong></span> 
     </span>
    </p>
   </div>
   <div class='ocr_carea' id='block_1_13' title="bbox 204 1333 594 1403">
    <p class='ocr_par' dir='ltr' id='par_1_13' title="bbox 204 1333 594 1403">
     <span class='ocr_line' id='line_1_13' title="bbox 204 1333 594 1403; baseline 0.008 -17"><span class='ocrx_word' id='word_1_71' title='bbox 204 1333 594 1403; x_wconf 64' lang='lat' dir='ltr'><strong>possidendum.</strong></span> 
     </span>
    </p>
   </div>
   <div class='ocr_carea' id='block_1_14' title="bbox 269 1446 1765 1535">
    <p class='ocr_par' dir='ltr' id='par_1_14' title="bbox 269 1446 1765 1535">
     <span class='ocr_line' id='line_1_14' title="bbox 269 1446 1765 1535; baseline 0.011 -34"><span class='ocrx_word' id='word_1_72' title='bbox 269 1446 509 1503; x_wconf 70' lang='lat' dir='ltr'><strong>XXXIX.</strong></span> <span class='ocrx_word' id='word_1_73' title='bbox 560 1448 882 1507; x_wconf 87' lang='lat' dir='ltr'><strong>Franciscus</strong></span> <span class='ocrx_word' id='word_1_74' title='bbox 920 1453 1278 1535; x_wconf 59' lang='lat' dir='ltr'><strong>d’Argpuges,</strong></span> <span class='ocrx_word' id='word_1_75' title='bbox 1327 1455 1534 1515; x_wconf 89' lang='lat' dir='ltr'><strong>Claudii</strong></span> <span class='ocrx_word' id='word_1_76' title='bbox 1577 1475 1765 1532; x_wconf 88' lang='lat' dir='ltr'><strong>nepos,</strong></span> 
     </span>
    </p>
   </div>
   <div class='ocr_carea' id='block_1_15' title="bbox 200 1540 1768 1613">
    <p class='ocr_par' dir='ltr' id='par_1_15' title="bbox 200 1540 1768 1613">
     <span class='ocr_line' id='line_1_15' title="bbox 200 1540 1768 1613; baseline 0.008 -17"><span class='ocrx_word' id='word_1_77' title='bbox 200 1548 253 1596; x_wconf 89' lang='lat' dir='ltr'><strong>et</strong></span> <span class='ocrx_word' id='word_1_78' title='bbox 278 1540 534 1595; x_wconf 89' lang='lat' dir='ltr'><strong>virtutum</strong></span> <span class='ocrx_word' id='word_1_79' title='bbox 562 1542 807 1610; x_wconf 78' lang='lat' dir='ltr'><strong>proxime</strong></span> <span class='ocrx_word' id='word_1_80' title='bbox 845 1544 1100 1613; x_wconf 86' lang='lat' dir='ltr'><strong>imitator,</strong></span> <span class='ocrx_word' id='word_1_81' title='bbox 1130 1547 1415 1604; x_wconf 80' lang='lat' dir='ltr'><strong>Sucietatis</strong></span> <span class='ocrx_word' id='word_1_82' title='bbox 1455 1549 1768 1608; x_wconf 72' lang='lat' dir='ltr'><strong>Sorbonicze</strong></span> 
     </span>
    </p>
   </div>
   <div class='ocr_carea' id='block_1_16' title="bbox 200 1630 1763 1716">
    <p class='ocr_par' dir='ltr' id='par_1_16' title="bbox 200 1630 1763 1716">
     <span class='ocr_line' id='line_1_16' title="bbox 200 1630 1763 1716; baseline 0.01 -31"><span class='ocrx_word' id='word_1_83' title='bbox 200 1630 406 1698; x_wconf 89' lang='lat' dir='ltr'><strong>doctor,</strong></span> <span class='ocrx_word' id='word_1_84' title='bbox 463 1634 530 1689; x_wconf 88' lang='lat' dir='ltr'><strong>de</strong></span> <span class='ocrx_word' id='word_1_85' title='bbox 584 1649 719 1703; x_wconf 91' lang='lat' dir='ltr'><strong>quo,</strong></span> <span class='ocrx_word' id='word_1_86' title='bbox 774 1644 833 1690; x_wconf 92' lang='lat' dir='ltr'><strong>ut</strong></span> <span class='ocrx_word' id='word_1_87' title='bbox 887 1652 1044 1691; x_wconf 84' lang='lat' dir='ltr'><strong>sacro</strong></span> <span class='ocrx_word' id='word_1_88' title='bbox 1108 1641 1361 1696; x_wconf 88' lang='lat' dir='ltr'><strong>vaticinio</strong></span> <span class='ocrx_word' id='word_1_89' title='bbox 1418 1659 1697 1716; x_wconf 85' lang='lat' dir='ltr'><strong>assurgam</strong></span> <span class='ocrx_word' id='word_1_90' title='bbox 1747 1664 1763 1702; x_wconf 89' lang='lat'><strong>:</strong></span> 
     </span>
    </p>
   </div>
   <div class='ocr_carea' id='block_1_17' title="bbox 203 1722 1767 1803">
    <p class='ocr_par' dir='ltr' id='par_1_17' title="bbox 203 1722 1767 1803">
     <span class='ocr_line' id='line_1_17' title="bbox 203 1722 1767 1803; baseline 0.013 -29"><span class='ocrx_word' id='word_1_91' title='bbox 203 1739 222 1773; x_wconf 78' lang='grc' dir='ltr'>ι</span> <span class='ocrx_word' id='word_1_92' title='bbox 255 1722 434 1777; x_wconf 88' lang='lat' dir='ltr'><strong>Lauda</strong></span> <span class='ocrx_word' id='word_1_93' title='bbox 462 1734 586 1794; x_wconf 90' lang='lat' dir='ltr'><strong>post</strong></span> <span class='ocrx_word' id='word_1_94' title='bbox 628 1726 828 1793; x_wconf 89' lang='lat' dir='ltr'><strong>vitam,</strong></span> <span class='ocrx_word' id='word_1_95' title='bbox 854 1730 1137 1801; x_wconf 77' lang='lat' dir='ltr'><strong>magniﬁca</strong></span> <span class='ocrx_word' id='word_1_96' title='bbox 1173 1744 1294 1803; x_wconf 90' lang='lat' dir='ltr'><strong>post</strong></span> <span class='ocrx_word' id='word_1_97' title='bbox 1344 1740 1767 1795; x_wconf 84' lang='lat' dir='ltr'><strong>consummatio-</strong></span> 
     </span>
    </p>
   </div>
   <div class='ocr_carea' id='block_1_18' title="bbox 198 1818 859 1878">
    <p class='ocr_par' dir='ltr' id='par_1_18' title="bbox 198 1818 859 1878">
     <span class='ocr_line' id='line_1_18' title="bbox 198 1818 859 1878; baseline 0.011 -9"><span class='ocrx_word' id='word_1_98' title='bbox 198 1829 335 1878; x_wconf 89' lang='lat' dir='ltr'><strong>nem,</strong></span> <span class='ocrx_word' id='word_1_99' title='bbox 368 1835 387 1867; x_wconf 78' lang='grc' dir='ltr'><strong><em>ι</em></strong></span> <span class='ocrx_word' id='word_1_100' title='bbox 423 1832 549 1873; x_wconf 87' lang='lat' dir='ltr'><strong>reor</strong></span> <span class='ocrx_word' id='word_1_101' title='bbox 570 1818 859 1876; x_wconf 87' lang='lat' dir='ltr'><strong>silendum.</strong></span> 
     </span>
    </p>
   </div>
   <div class='ocr_carea' id='block_1_19' title="bbox 262 1931 1762 2018">
    <p class='ocr_par' dir='ltr' id='par_1_19' title="bbox 262 1931 1762 2018">
     <span class='ocr_line' id='line_1_19' title="bbox 262 1931 1762 2018; baseline 0.013 -33"><span class='ocrx_word' id='word_1_102' title='bbox 262 1931 351 2001; x_wconf 80' lang='grc'><strong>(⁷³)</strong></span> <span class='ocrx_word' id='word_1_103' title='bbox 382 1931 510 1986; x_wconf 77' lang='lat' dir='ltr'><strong>CAP.</strong></span> <span class='ocrx_word' id='word_1_104' title='bbox 554 1933 617 1987; x_wconf 88' lang='lat' dir='ltr'><strong>ll.</strong></span> <span class='ocrx_word' id='word_1_105' title='bbox 644 1964 714 1975; x_wconf 93' lang='lat'><strong>--</strong></span> <span class='ocrx_word' id='word_1_106' title='bbox 736 1934 908 2006; x_wconf 82' lang='lat' dir='ltr'><strong>Igitur</strong></span> <span class='ocrx_word' id='word_1_107' title='bbox 932 1938 1093 1994; x_wconf 85' lang='lat' dir='ltr'><strong>electo</strong></span> <span class='ocrx_word' id='word_1_108' title='bbox 1132 1940 1241 2006; x_wconf 88' lang='lat' dir='ltr'><strong>illo,</strong></span> <span class='ocrx_word' id='word_1_109' title='bbox 1275 1951 1378 1999; x_wconf 90' lang='lat' dir='ltr'><strong>etc.</strong></span> <span class='ocrx_word' id='word_1_110' title='bbox 1409 1944 1762 2018; x_wconf 86' lang='lat' dir='ltr'><strong>Quandoqui-</strong></span> 
     </span>
    </p>
   </div>
   <div class='ocr_carea' id='block_1_20' title="bbox 195 2021 1764 2107">
    <p class='ocr_par' dir='ltr' id='par_1_20' title="bbox 195 2021 1764 2107">
     <span class='ocr_line' id='line_1_20' title="bbox 195 2021 1764 2107; baseline 0.013 -31"><span class='ocrx_word' id='word_1_111' title='bbox 195 2021 308 2076; x_wconf 85' lang='lat' dir='ltr'><strong>dem</strong></span> <span class='ocrx_word' id='word_1_112' title='bbox 335 2023 638 2091; x_wconf 87' lang='lat' dir='ltr'><strong>elcctionis,</strong></span> <span class='ocrx_word' id='word_1_113' title='bbox 674 2026 1172 2101; x_wconf 87' lang='lat' dir='ltr'><strong>benedictionisque</strong></span> <span class='ocrx_word' id='word_1_114' title='bbox 1201 2040 1519 2107; x_wconf 77' lang='lat' dir='ltr'><strong>peragenda:</strong></span> <span class='ocrx_word' id='word_1_115' title='bbox 1548 2039 1764 2095; x_wconf 91' lang='lat' dir='ltr'><strong>modum</strong></span> 
     </span>
    </p>
   </div>
   <div class='ocr_carea' id='block_1_21' title="bbox 195 2114 1762 2195">
    <p class='ocr_par' dir='ltr' id='par_1_21' title="bbox 195 2114 1762 2195">
     <span class='ocr_line' id='line_1_21' title="bbox 195 2114 1762 2195; baseline 0.013 -26"><span class='ocrx_word' id='word_1_116' title='bbox 195 2114 453 2170; x_wconf 87' lang='lat' dir='ltr'><strong>subticeat</strong></span> <span class='ocrx_word' id='word_1_117' title='bbox 504 2125 714 2186; x_wconf 88' lang='lat' dir='ltr'><strong>auctor,</strong></span> <span class='ocrx_word' id='word_1_118' title='bbox 767 2119 895 2175; x_wconf 89' lang='lat' dir='ltr'><strong>libet</strong></span> <span class='ocrx_word' id='word_1_119' title='bbox 941 2138 1060 2192; x_wconf 72' lang='lat' dir='ltr'><strong>qum</strong></span> <span class='ocrx_word' id='word_1_120' title='bbox 1105 2125 1156 2179; x_wconf 95' lang='lat' dir='ltr'><strong>in</strong></span> <span class='ocrx_word' id='word_1_121' title='bbox 1204 2143 1396 2184; x_wconf 86' lang='lat' dir='ltr'><strong>manus</strong></span> <span class='ocrx_word' id='word_1_122' title='bbox 1433 2146 1601 2195; x_wconf 88' lang='lat' dir='ltr'><strong>meas,</strong></span> <span class='ocrx_word' id='word_1_123' title='bbox 1640 2149 1762 2189; x_wconf 90' lang='lat' dir='ltr'><strong>cum</strong></span> 
     </span>
    </p>
   </div>
   <div class='ocr_carea' id='block_1_22' title="bbox 194 2206 1765 2294">
    <p class='ocr_par' dir='ltr' id='par_1_22' title="bbox 194 2206 1765 2294">
     <span class='ocr_line' id='line_1_22' title="bbox 194 2206 1765 2294; baseline 0.011 -32"><span class='ocrx_word' id='word_1_124' title='bbox 194 2207 300 2262; x_wconf 69' lang='lat' dir='ltr'><strong>haec</strong></span> <span class='ocrx_word' id='word_1_125' title='bbox 348 2206 689 2275; x_wconf 89' lang='lat' dir='ltr'><strong>adnotarem,</strong></span> <span class='ocrx_word' id='word_1_126' title='bbox 742 2210 1098 2281; x_wconf 88' lang='lat' dir='ltr'><strong>devenerunt,</strong></span> <span class='ocrx_word' id='word_1_127' title='bbox 1143 2219 1414 2288; x_wconf 90' lang='lat' dir='ltr'><strong>evulgare.</strong></span> <span class='ocrx_word' id='word_1_128' title='bbox 1471 2221 1537 2278; x_wconf 88' lang='lat' dir='ltr'><strong>Et</strong></span> <span class='ocrx_word' id='word_1_129' title='bbox 1588 2225 1765 2294; x_wconf 91' lang='lat' dir='ltr'><strong>primo</strong></span> 
     </span>
    </p>
   </div>
   <div class='ocr_carea' id='block_1_23' title="bbox 194 2296 1768 2383">
    <p class='ocr_par' dir='ltr' id='par_1_23' title="bbox 194 2296 1768 2383">
     <span class='ocr_line' id='line_1_23' title="bbox 194 2296 1768 2383; baseline 0.013 -34"><span class='ocrx_word' id='word_1_130' title='bbox 194 2296 401 2366; x_wconf 83' lang='lat' dir='ltr'><strong>quidem</strong></span> <span class='ocrx_word' id='word_1_131' title='bbox 454 2298 854 2355; x_wconf 88' lang='lat' dir='ltr'><strong>observandum</strong></span> <span class='ocrx_word' id='word_1_132' title='bbox 903 2302 1221 2360; x_wconf 88' lang='lat' dir='ltr'><strong>electionem</strong></span> <span class='ocrx_word' id='word_1_133' title='bbox 1277 2308 1531 2365; x_wconf 81' lang='lat' dir='ltr'><strong>abbatum</strong></span> <span class='ocrx_word' id='word_1_134' title='bbox 1586 2314 1768 2383; x_wconf 88' lang='lat' dir='ltr'><strong>(velut</strong></span> 
     </span>
    </p>
   </div>
   <div class='ocr_carea' id='block_1_24' title="bbox 190 2387 1765 2473">
    <p class='ocr_par' dir='ltr' id='par_1_24' title="bbox 190 2387 1765 2473">
     <span class='ocr_line' id='line_1_24' title="bbox 190 2387 1765 2473; baseline 0.012 -32"><span class='ocrx_word' id='word_1_135' title='bbox 190 2387 344 2441; x_wconf 90' lang='lat' dir='ltr'><strong>etiam</strong></span> <span class='ocrx_word' id='word_1_136' title='bbox 375 2387 781 2459; x_wconf 82' lang='lat' dir='ltr'><strong>episcOporum)</strong></span> <span class='ocrx_word' id='word_1_137' title='bbox 827 2407 979 2462; x_wconf 89' lang='lat' dir='ltr'><strong>reges</strong></span> <span class='ocrx_word' id='word_1_138' title='bbox 1013 2408 1109 2449; x_wconf 89' lang='lat' dir='ltr'><strong>seu</strong></span> <span class='ocrx_word' id='word_1_139' title='bbox 1153 2397 1423 2468; x_wconf 88' lang='lat' dir='ltr'><strong>principes</strong></span> <span class='ocrx_word' id='word_1_140' title='bbox 1460 2401 1587 2456; x_wconf 90' lang='lat' dir='ltr'><strong>olim</strong></span> <span class='ocrx_word' id='word_1_141' title='bbox 1617 2407 1765 2473; x_wconf 90' lang='lat' dir='ltr'><strong>prius</strong></span> 
     </span>
    </p>
   </div>
   <div class='ocr_carea' id='block_1_25' title="bbox 189 2478 1764 2553">
    <p class='ocr_par' dir='ltr' id='par_1_25' title="bbox 189 2478 1764 2553">
     <span class='ocr_line' id='line_1_25' title="bbox 189 2478 1764 2553; baseline 0.013 -21"><span class='ocrx_word' id='word_1_142' title='bbox 189 2484 444 2549; x_wconf 86' lang='lat' dir='ltr'><strong>potestate</strong></span> <span class='ocrx_word' id='word_1_143' title='bbox 473 2478 727 2551; x_wconf 86' lang='lat' dir='ltr'><strong>eligendi,</strong></span> <span class='ocrx_word' id='word_1_144' title='bbox 761 2491 871 2538; x_wconf 91' lang='lat' dir='ltr'><strong>tum</strong></span> <span class='ocrx_word' id='word_1_145' title='bbox 914 2485 1126 2543; x_wconf 89' lang='lat' dir='ltr'><strong>clericis</strong></span> <span class='ocrx_word' id='word_1_146' title='bbox 1176 2497 1287 2544; x_wconf 92' lang='lat' dir='ltr'><strong>tum</strong></span> <span class='ocrx_word' id='word_1_147' title='bbox 1337 2494 1615 2550; x_wconf 86' lang='lat' dir='ltr'><strong>monachis</strong></span> <span class='ocrx_word' id='word_1_148' title='bbox 1667 2497 1764 2553; x_wconf 88' lang='lat' dir='ltr'><strong>tri-</strong></span> 
     </span>
    </p>
   </div>
   <div class='ocr_carea' id='block_1_26' title="bbox 190 2572 1762 2645">
    <p class='ocr_par' dir='ltr' id='par_1_26' title="bbox 190 2572 1762 2645">
     <span class='ocr_line' id='line_1_26' title="bbox 190 2572 1762 2645; baseline 0.014 -22"><span class='ocrx_word' id='word_1_149' title='bbox 190 2572 342 2636; x_wconf 86' lang='lat' dir='ltr'><strong>bula,</strong></span> <span class='ocrx_word' id='word_1_150' title='bbox 382 2572 713 2630; x_wconf 83' lang='lat' dir='ltr'><strong>continuare</strong></span> <span class='ocrx_word' id='word_1_151' title='bbox 751 2575 971 2643; x_wconf 87' lang='lat' dir='ltr'><strong>solitos;</strong></span> <span class='ocrx_word' id='word_1_152' title='bbox 1013 2581 1153 2636; x_wconf 92' lang='lat' dir='ltr'><strong>unde</strong></span> <span class='ocrx_word' id='word_1_153' title='bbox 1191 2598 1258 2637; x_wconf 81' lang='lat' dir='ltr'><strong>ex</strong></span> <span class='ocrx_word' id='word_1_154' title='bbox 1295 2587 1585 2643; x_wconf 86' lang='lat' dir='ltr'><strong>neotericis</strong></span> <span class='ocrx_word' id='word_1_155' title='bbox 1625 2590 1762 2645; x_wconf 75' lang='lat' dir='ltr'><strong>scri—</strong></span> 
     </span>
    </p>
   </div>
   <div class='ocr_carea' id='block_1_27' title="bbox 189 2664 1761 2751">
    <p class='ocr_par' dir='ltr' id='par_1_27' title="bbox 189 2664 1761 2751">
     <span class='ocr_line' id='line_1_27' title="bbox 189 2664 1761 2751; baseline 0.013 -35"><span class='ocrx_word' id='word_1_156' title='bbox 189 2664 421 2733; x_wconf 89' lang='lat' dir='ltr'><strong>ptoribus</strong></span> <span class='ocrx_word' id='word_1_157' title='bbox 461 2667 737 2733; x_wconf 88' lang='lat' dir='ltr'><strong>nonnulli,</strong></span> <span class='ocrx_word' id='word_1_158' title='bbox 768 2670 1151 2728; x_wconf 66' lang='lat' dir='ltr'><strong>ecclesiastica:</strong></span> <span class='ocrx_word' id='word_1_159' title='bbox 1183 2675 1259 2730; x_wconf 88' lang='lat' dir='ltr'><strong>rei</strong></span> <span class='ocrx_word' id='word_1_160' title='bbox 1308 2692 1529 2746; x_wconf 89' lang='lat' dir='ltr'><strong>prorsus</strong></span> <span class='ocrx_word' id='word_1_161' title='bbox 1568 2682 1761 2751; x_wconf 89' lang='lat' dir='ltr'><strong>ignari,</strong></span> 
     </span>
    </p>
   </div>
   <div class='ocr_carea' id='block_1_28' title="bbox 189 2756 1766 2831">
    <p class='ocr_par' dir='ltr' id='par_1_28' title="bbox 189 2756 1766 2831">
     <span class='ocr_line' id='line_1_28' title="bbox 189 2756 1766 2831; baseline 0.014 -23"><span class='ocrx_word' id='word_1_162' title='bbox 189 2756 297 2810; x_wconf 84' lang='lat' dir='ltr'><strong>ausi</strong></span> <span class='ocrx_word' id='word_1_163' title='bbox 328 2765 452 2811; x_wconf 89' lang='lat' dir='ltr'><strong>sunt</strong></span> <span class='ocrx_word' id='word_1_164' title='bbox 509 2758 728 2827; x_wconf 86' lang='lat' dir='ltr'><strong>inferre,</strong></span> <span class='ocrx_word' id='word_1_165' title='bbox 779 2762 832 2817; x_wconf 91' lang='lat' dir='ltr'><strong>in</strong></span> <span class='ocrx_word' id='word_1_166' title='bbox 878 2780 1066 2821; x_wconf 86' lang='lat' dir='ltr'><strong>omnes</strong></span> <span class='ocrx_word' id='word_1_167' title='bbox 1114 2766 1369 2824; x_wconf 89' lang='lat' dir='ltr'><strong>ecclesias</strong></span> <span class='ocrx_word' id='word_1_168' title='bbox 1418 2780 1472 2825; x_wconf 91' lang='lat' dir='ltr'><strong>et</strong></span> <span class='ocrx_word' id='word_1_169' title='bbox 1521 2773 1766 2831; x_wconf 87' lang='lat' dir='ltr'><strong>abbatias</strong></span> 
     </span>
    </p>
   </div>
   <div class='ocr_carea' id='block_1_29' title="bbox 190 2842 1765 2937">
    <p class='ocr_par' dir='ltr' id='par_1_29' title="bbox 190 2842 1765 2937">
     <span class='ocr_line' id='line_1_29' title="bbox 190 2842 1765 2937; baseline 0.014 -36"><span class='ocrx_word' id='word_1_170' title='bbox 190 2863 444 2903; x_wconf 89' lang='lat' dir='ltr'><strong>summam</strong></span> <span class='ocrx_word' id='word_1_171' title='bbox 476 2861 799 2920; x_wconf 88' lang='lat' dir='ltr'><strong>potestatem</strong></span> <span class='ocrx_word' id='word_1_172' title='bbox 840 2854 1035 2927; x_wconf 84' lang='lat' dir='ltr'><strong>jusque</strong></span> <span class='ocrx_word' id='word_1_173' title='bbox 1064 2842 1334 2916; x_wconf 85' lang='lat' dir='ltr'><strong>summum</strong></span> <span class='ocrx_word' id='word_1_174' title='bbox 1362 2863 1580 2919; x_wconf 89' lang='lat' dir='ltr'><strong>eosdem</strong></span> <span class='ocrx_word' id='word_1_175' title='bbox 1611 2881 1765 2937; x_wconf 88' lang='lat' dir='ltr'><strong>reges</strong></span> 
     </span>
    </p>
   </div>
   <div class='ocr_carea' id='block_1_30' title="bbox 189 2939 1599 3026">
    <p class='ocr_par' dir='ltr' id='par_1_30' title="bbox 189 2939 1599 3026">
     <span class='ocr_line' id='line_1_30' title="bbox 189 2939 1599 3026; baseline 0.013 -32"><span class='ocrx_word' id='word_1_176' title='bbox 189 2939 403 3007; x_wconf 87' lang='lat' dir='ltr'><strong>habere,</strong></span> <span class='ocrx_word' id='word_1_177' title='bbox 428 2951 599 3014; x_wconf 91' lang='lat' dir='ltr'><strong>atque</strong></span> <span class='ocrx_word' id='word_1_178' title='bbox 623 2962 722 3016; x_wconf 89' lang='lat' dir='ltr'><strong>pro</strong></span> <span class='ocrx_word' id='word_1_179' title='bbox 751 2946 904 3003; x_wconf 89' lang='lat' dir='ltr'><strong>libitu</strong></span> <span class='ocrx_word' id='word_1_180' title='bbox 941 2965 1005 3005; x_wconf 90' lang='lat' dir='ltr'><strong>ac</strong></span> <span class='ocrx_word' id='word_1_181' title='bbox 1040 2953 1197 3022; x_wconf 90' lang='lat' dir='ltr'><strong>genio</strong></span> <span class='ocrx_word' id='word_1_182' title='bbox 1232 2952 1298 3009; x_wconf 93' lang='lat' dir='ltr'><strong>iis</strong></span> <span class='ocrx_word' id='word_1_183' title='bbox 1321 2956 1395 3009; x_wconf 90' lang='lat' dir='ltr'><strong>uti</strong></span> <span class='ocrx_word' id='word_1_184' title='bbox 1424 2971 1599 3026; x_wconf 91' lang='lat' dir='ltr'><strong>posse.</strong></span> 
     </span>
    </p>
   </div>
   <div class='ocr_carea' id='block_1_31' title="bbox 250 3034 1762 3111">
    <p class='ocr_par' dir='ltr' id='par_1_31' title="bbox 250 3034 1762 3111">
     <span class='ocr_line' id='line_1_31' title="bbox 250 3034 1762 3111; baseline 0.015 -24"><span class='ocrx_word' id='word_1_185' title='bbox 250 3034 316 3087; x_wconf 85' lang='lat' dir='ltr'><strong>At</strong></span> <span class='ocrx_word' id='word_1_186' title='bbox 345 3038 682 3105; x_wconf 84' lang='lat' dir='ltr'><strong>ejuscemodi</strong></span> <span class='ocrx_word' id='word_1_187' title='bbox 717 3040 1118 3111; x_wconf 88' lang='lat' dir='ltr'><strong>approbationis</strong></span> <span class='ocrx_word' id='word_1_188' title='bbox 1147 3048 1581 3107; x_wconf 87' lang='lat' dir='ltr'><strong>concessionisve</strong></span> <span class='ocrx_word' id='word_1_189' title='bbox 1602 3067 1762 3109; x_wconf 74' lang='lat' dir='ltr'><strong>causa</strong></span> 
     </span>
    </p>
   </div>
   <div class='ocr_carea' id='block_1_32' title="bbox 188 3120 1765 3214">
    <p class='ocr_par' dir='ltr' id='par_1_32' title="bbox 188 3120 1765 3214">
     <span class='ocr_line' id='line_1_32' title="bbox 188 3120 1765 3214; baseline 0.016 -39"><span class='ocrx_word' id='word_1_190' title='bbox 188 3120 237 3175; x_wconf 88' lang='lat' dir='ltr'><strong>in</strong></span> <span class='ocrx_word' id='word_1_191' title='bbox 284 3136 546 3196; x_wconf 87' lang='lat' dir='ltr'><strong>promptu</strong></span> <span class='ocrx_word' id='word_1_192' title='bbox 599 3138 719 3194; x_wconf 87' lang='lat' dir='ltr'><strong>est;</strong></span> <span class='ocrx_word' id='word_1_193' title='bbox 770 3147 962 3201; x_wconf 91' lang='lat' dir='ltr'><strong>nempe</strong></span> <span class='ocrx_word' id='word_1_194' title='bbox 1003 3137 1145 3203; x_wconf 86' lang='lat' dir='ltr'><strong>quod</strong></span> <span class='ocrx_word' id='word_1_195' title='bbox 1199 3153 1304 3192; x_wconf 89' lang='lat' dir='ltr'><strong>non</strong></span> <span class='ocrx_word' id='word_1_196' title='bbox 1351 3141 1510 3195; x_wconf 91' lang='lat' dir='ltr'><strong>modo</strong></span> <span class='ocrx_word' id='word_1_197' title='bbox 1559 3144 1765 3214; x_wconf 89' lang='lat' dir='ltr'><strong>amplas</strong></span> 
     </span>
    </p>
   </div>
   <div class='ocr_carea' id='block_1_33' title="bbox 186 3219 1834 3314">
    <p class='ocr_par' dir='ltr' id='par_1_33' title="bbox 186 3219 1834 3314">
     <span class='ocr_line' id='line_1_33' title="bbox 186 3219 1834 3314; baseline 0.015 -44"><span class='ocrx_word' id='word_1_198' title='bbox 186 3219 575 3287; x_wconf 71' lang='lat' dir='ltr'><strong>pOSSessiones,</strong></span> <span class='ocrx_word' id='word_1_199' title='bbox 627 3225 721 3278; x_wconf 88' lang='lat' dir='ltr'><strong>sed</strong></span> <span class='ocrx_word' id='word_1_200' title='bbox 770 3224 1002 3282; x_wconf 90' lang='lat' dir='ltr'><strong>ditiones</strong></span> <span class='ocrx_word' id='word_1_201' title='bbox 1068 3243 1280 3300; x_wconf 89' lang='lat' dir='ltr'><strong>quoque</strong></span> <span class='ocrx_word' id='word_1_202' title='bbox 1328 3233 1764 3303; x_wconf 84' lang='lat' dir='ltr'><strong>opulentissimas</strong></span> <span class='ocrx_word' id='word_1_203' title='bbox 1792 3255 1834 3314; x_wconf 69' lang='grc' dir='ltr'><strong>ε</strong></span> 
     </span>
    </p>
   </div>
   <div class='ocr_carea' id='block_1_34' title="bbox 186 3308 1759 3399">
    <p class='ocr_par' dir='ltr' id='par_1_34' title="bbox 186 3308 1759 3399">
     <span class='ocr_line' id='line_1_34' title="bbox 186 3308 1759 3399; baseline 0.015 -37"><span class='ocrx_word' id='word_1_204' title='bbox 186 3317 238 3362; x_wconf 88' lang='lat' dir='ltr'><strong>et</strong></span> <span class='ocrx_word' id='word_1_205' title='bbox 258 3308 379 3379; x_wconf 88' lang='lat' dir='ltr'><strong>jura</strong></span> <span class='ocrx_word' id='word_1_206' title='bbox 413 3312 715 3381; x_wconf 64' lang='lat' dir='ltr'><strong>clientelae,</strong></span> <span class='ocrx_word' id='word_1_207' title='bbox 744 3319 894 3374; x_wconf 89' lang='lat' dir='ltr'><strong>verbi</strong></span> <span class='ocrx_word' id='word_1_208' title='bbox 937 3320 1109 3389; x_wconf 88' lang='lat' dir='ltr'><strong>gratia</strong></span> <span class='ocrx_word' id='word_1_209' title='bbox 1142 3325 1481 3395; x_wconf 89' lang='lat' dir='ltr'><strong>toparchias,</strong></span> <span class='ocrx_word' id='word_1_210' title='bbox 1512 3330 1759 3399; x_wconf 87' lang='lat' dir='ltr'><strong>ducatus,</strong></span> 
     </span>
    </p>
   </div>
   <div class='ocr_carea' id='block_1_35' title="bbox 184 3399 1762 3478">
    <p class='ocr_par' dir='ltr' id='par_1_35' title="bbox 184 3399 1762 3478">
     <span class='ocr_line' id='line_1_35' title="bbox 184 3399 1762 3478; baseline 0.015 -27"><span class='ocrx_word' id='word_1_211' title='bbox 184 3399 494 3466; x_wconf 84' lang='lat' dir='ltr'><strong>comitatus,</strong></span> <span class='ocrx_word' id='word_1_212' title='bbox 521 3413 576 3457; x_wconf 89' lang='lat' dir='ltr'><strong>et</strong></span> <span class='ocrx_word' id='word_1_213' title='bbox 604 3414 798 3460; x_wconf 67' lang='lat' dir='ltr'><strong>caetera</strong></span> <span class='ocrx_word' id='word_1_214' title='bbox 830 3407 882 3461; x_wconf 91' lang='lat' dir='ltr'><strong>id</strong></span> <span class='ocrx_word' id='word_1_215' title='bbox 927 3422 1097 3478; x_wconf 88' lang='lat' dir='ltr'><strong>genus</strong></span> <span class='ocrx_word' id='word_1_216' title='bbox 1135 3411 1379 3469; x_wconf 67' lang='lat' dir='ltr'><strong>ecclesiae</strong></span> <span class='ocrx_word' id='word_1_217' title='bbox 1405 3427 1460 3470; x_wconf 90' lang='lat' dir='ltr'><strong>et</strong></span> <span class='ocrx_word' id='word_1_218' title='bbox 1488 3430 1762 3476; x_wconf 89' lang='lat' dir='ltr'><strong>monaste-</strong></span> 
     </span>
    </p>
   </div>
   <div class='ocr_carea' id='block_1_36' title="bbox 185 3488 1758 3576">
    <p class='ocr_par' dir='ltr' id='par_1_36' title="bbox 185 3488 1758 3576">
     <span class='ocr_line' id='line_1_36' title="bbox 185 3488 1758 3576; baseline 0.016 -35"><span class='ocrx_word' id='word_1_219' title='bbox 185 3488 256 3542; x_wconf 87' lang='lat' dir='ltr'><strong>ria</strong></span> <span class='ocrx_word' id='word_1_220' title='bbox 311 3493 659 3561; x_wconf 88' lang='lat' dir='ltr'><strong>potirentur,</strong></span> <span class='ocrx_word' id='word_1_221' title='bbox 711 3511 776 3551; x_wconf 89' lang='lat' dir='ltr'><strong>ac</strong></span> <span class='ocrx_word' id='word_1_222' title='bbox 824 3498 1050 3567; x_wconf 89' lang='lat' dir='ltr'><strong>proinde</strong></span> <span class='ocrx_word' id='word_1_223' title='bbox 1102 3501 1339 3573; x_wconf 80' lang='lat' dir='ltr'><strong>episeOpi</strong></span> <span class='ocrx_word' id='word_1_224' title='bbox 1395 3515 1449 3561; x_wconf 88' lang='lat' dir='ltr'><strong>et</strong></span> <span class='ocrx_word' id='word_1_225' title='bbox 1500 3508 1758 3576; x_wconf 88' lang='lat' dir='ltr'><strong>abbates,</strong></span> 
     </span>
    </p>
   </div>
   <div class='ocr_carea' id='block_1_37' title="bbox 183 3590 1763 3671">
    <p class='ocr_par' dir='ltr' id='par_1_37' title="bbox 183 3590 1763 3671">
     <span class='ocr_line' id='line_1_37' title="bbox 183 3590 1763 3671; baseline 0.015 -37"><span class='ocrx_word' id='word_1_226' title='bbox 183 3590 502 3639; x_wconf 87' lang='lat' dir='ltr'><strong>cunctorum</strong></span> <span class='ocrx_word' id='word_1_227' title='bbox 530 3601 650 3640; x_wconf 91' lang='lat' dir='ltr'><strong>cum</strong></span> <span class='ocrx_word' id='word_1_228' title='bbox 682 3598 864 3643; x_wconf 87' lang='lat' dir='ltr'><strong>essent</strong></span> <span class='ocrx_word' id='word_1_229' title='bbox 888 3591 1283 3659; x_wconf 88' lang='lat' dir='ltr'><strong>moderatores,</strong></span> <span class='ocrx_word' id='word_1_230' title='bbox 1313 3605 1476 3666; x_wconf 88' lang='lat' dir='ltr'><strong>atque</strong></span> <span class='ocrx_word' id='word_1_231' title='bbox 1514 3600 1581 3654; x_wconf 89' lang='lat' dir='ltr'><strong>ah</strong></span> <span class='ocrx_word' id='word_1_232' title='bbox 1618 3602 1763 3671; x_wconf 92' lang='lat' dir='ltr'><strong>ipso-</strong></span> 
     </span>
    </p>
   </div>
   <div class='ocr_carea' id='block_1_38' title="bbox 184 3675 1759 3761">
    <p class='ocr_par' dir='ltr' id='par_1_38' title="bbox 184 3675 1759 3761">
     <span class='ocr_line' id='line_1_38' title="bbox 184 3675 1759 3761; baseline 0.017 -38"><span class='ocrx_word' id='word_1_233' title='bbox 184 3686 295 3728; x_wconf 85' lang='lat' dir='ltr'><strong>rum</strong></span> <span class='ocrx_word' id='word_1_234' title='bbox 325 3675 593 3744; x_wconf 87' lang='lat' dir='ltr'><strong>penderet</strong></span> <span class='ocrx_word' id='word_1_235' title='bbox 640 3686 770 3732; x_wconf 90' lang='lat' dir='ltr'><strong>nutu</strong></span> <span class='ocrx_word' id='word_1_236' title='bbox 815 3680 1043 3750; x_wconf 87' lang='lat' dir='ltr'><strong>plurima</strong></span> <span class='ocrx_word' id='word_1_237' title='bbox 1075 3682 1351 3740; x_wconf 86' lang='lat' dir='ltr'><strong>hominum</strong></span> <span class='ocrx_word' id='word_1_238' title='bbox 1382 3699 1439 3743; x_wconf 91' lang='lat' dir='ltr'><strong>et</strong></span> <span class='ocrx_word' id='word_1_239' title='bbox 1477 3691 1759 3761; x_wconf 90' lang='lat' dir='ltr'><strong>nobilium,</strong></span> 
     </span>
    </p>
   </div>
   <div class='ocr_carea' id='block_1_39' title="bbox 117 3758 1757 3852">
    <p class='ocr_par' dir='ltr' id='par_1_39' title="bbox 117 3758 1757 3852">
     <span class='ocr_line' id='line_1_39' title="bbox 117 3758 1757 3852; baseline 0.017 -38"><span class='ocrx_word' id='word_1_240' title='bbox 117 3758 125 3766; x_wconf 94' lang='grc'><em>’</em></span> <span class='ocrx_word' id='word_1_241' title='bbox 182 3771 234 3816; x_wconf 89' lang='lat' dir='ltr'><strong>et</strong></span> <span class='ocrx_word' id='word_1_242' title='bbox 261 3765 599 3834; x_wconf 86' lang='lat' dir='ltr'><strong>plebeiorum</strong></span> <span class='ocrx_word' id='word_1_243' title='bbox 631 3770 950 3839; x_wconf 90' lang='lat' dir='ltr'><strong>multitudo;</strong></span> <span class='ocrx_word' id='word_1_244' title='bbox 982 3774 1110 3843; x_wconf 88' lang='lat' dir='ltr'><strong>qttin</strong></span> <span class='ocrx_word' id='word_1_245' title='bbox 1140 3786 1193 3830; x_wconf 90' lang='lat' dir='ltr'><strong>et</strong></span> <span class='ocrx_word' id='word_1_246' title='bbox 1220 3780 1531 3850; x_wconf 90' lang='lat' dir='ltr'><strong>municipia,</strong></span> <span class='ocrx_word' id='word_1_247' title='bbox 1561 3758 1757 3852; x_wconf 73' lang='lat' dir='ltr'><strong>castra,</strong></span> 
     </span>
    </p>
   </div>
   <div class='ocr_carea' id='block_1_40' title="bbox 182 3856 1761 3942">
    <p class='ocr_par' dir='ltr' id='par_1_40' title="bbox 182 3856 1761 3942">
     <span class='ocr_line' id='line_1_40' title="bbox 182 3856 1761 3942; baseline 0.015 -32"><span class='ocrx_word' id='word_1_248' title='bbox 182 3856 357 3925; x_wconf 87' lang='lat' dir='ltr'><strong>urbes,</strong></span> <span class='ocrx_word' id='word_1_249' title='bbox 391 3861 689 3929; x_wconf 58' lang='lat' dir='ltr'><strong>provincia</strong></span> <span class='ocrx_word' id='word_1_250' title='bbox 719 3863 910 3920; x_wconf 89' lang='lat' dir='ltr'><strong>ditioni</strong></span> <span class='ocrx_word' id='word_1_251' title='bbox 955 3881 1141 3923; x_wconf 90' lang='lat' dir='ltr'><strong>eorum</strong></span> <span class='ocrx_word' id='word_1_252' title='bbox 1189 3870 1603 3942; x_wconf 82' lang='lat' dir='ltr'><strong>subjicerentur,</strong></span> <span class='ocrx_word' id='word_1_253' title='bbox 1634 3894 1761 3934; x_wconf 91' lang='lat' dir='ltr'><strong>num</strong></span> 
     </span>
    </p>
   </div>
   <div class='ocr_carea' id='block_1_41' title="bbox 182 3948 1762 4035">
    <p class='ocr_par' dir='ltr' id='par_1_41' title="bbox 182 3948 1762 4035">
     <span class='ocr_line' id='line_1_41' title="bbox 182 3948 1762 4035; baseline 0.015 -33"><span class='ocrx_word' id='word_1_254' title='bbox 182 3948 298 4004; x_wconf 87' lang='lat' dir='ltr'><strong>ideo</strong></span> <span class='ocrx_word' id='word_1_255' title='bbox 342 3966 442 4021; x_wconf 88' lang='lat' dir='ltr'><strong>par</strong></span> <span class='ocrx_word' id='word_1_256' title='bbox 473 3962 614 4020; x_wconf 89' lang='lat' dir='ltr'><strong>erat,</strong></span> <span class='ocrx_word' id='word_1_257' title='bbox 664 3964 722 4011; x_wconf 88' lang='lat' dir='ltr'><strong>ut</strong></span> <span class='ocrx_word' id='word_1_258' title='bbox 769 3956 835 4012; x_wconf 91' lang='lat' dir='ltr'><strong>de</strong></span> <span class='ocrx_word' id='word_1_259' title='bbox 887 3963 1198 4017; x_wconf 89' lang='lat' dir='ltr'><strong>eorumdem</strong></span> <span class='ocrx_word' id='word_1_260' title='bbox 1246 3964 1339 4034; x_wconf 88' lang='lat' dir='ltr'><strong>qui</strong></span> <span class='ocrx_word' id='word_1_261' title='bbox 1388 3966 1762 4035; x_wconf 72' lang='lat' dir='ltr'><strong>praefecturam</strong></span> 
     </span>
    </p>
   </div>
   <div class='ocr_carea' id='block_1_42' title="bbox 178 4043 1759 4134">
    <p class='ocr_par' dir='ltr' id='par_1_42' title="bbox 178 4043 1759 4134">
     <span class='ocr_line' id='line_1_42' title="bbox 178 4043 1759 4134; baseline 0.016 -40"><span class='ocrx_word' id='word_1_262' title='bbox 178 4043 434 4111; x_wconf 78' lang='lat' dir='ltr'><strong>gerebant</strong></span> <span class='ocrx_word' id='word_1_263' title='bbox 466 4044 589 4108; x_wconf 87' lang='lat' dir='ltr'><strong>lide,</strong></span> <span class='ocrx_word' id='word_1_264' title='bbox 616 4049 879 4106; x_wconf 88' lang='lat' dir='ltr'><strong>certiores</strong></span> <span class='ocrx_word' id='word_1_265' title='bbox 902 4053 1256 4112; x_wconf 88' lang='lat' dir='ltr'><strong>redderentur</strong></span> <span class='ocrx_word' id='word_1_266' title='bbox 1280 4073 1589 4131; x_wconf 87' lang='lat' dir='ltr'><strong>regnorum,</strong></span> <span class='ocrx_word' id='word_1_267' title='bbox 1614 4065 1759 4134; x_wconf 84' lang='lat' dir='ltr'><strong>prin-</strong></span> 
     </span>
    </p>
   </div>
   <div class='ocr_carea' id='block_1_43' title="bbox 177 4132 1088 4206">
    <p class='ocr_par' dir='ltr' id='par_1_43' title="bbox 177 4132 1088 4206">
     <span class='ocr_line' id='line_1_43' title="bbox 177 4132 1088 4206; baseline 0.014 -20"><span class='ocrx_word' id='word_1_268' title='bbox 177 4132 563 4206; x_wconf 87' lang='lat' dir='ltr'><strong>cipatuumque</strong></span> <span class='ocrx_word' id='word_1_269' title='bbox 590 4142 786 4196; x_wconf 90' lang='lat' dir='ltr'><strong>summi</strong></span> <span class='ocrx_word' id='word_1_270' title='bbox 814 4146 1088 4201; x_wconf 82' lang='lat' dir='ltr'><strong>rectores?</strong></span> 
     </span>
    </p>
   </div>
   <div class='ocr_carea' id='block_1_44' title="bbox 249 4246 1765 4330">
    <p class='ocr_par' dir='ltr' id='par_1_44' title="bbox 249 4246 1765 4330">
     <span class='ocr_line' id='line_1_44' title="bbox 249 4246 1765 4330; baseline 0.017 -30"><span class='ocrx_word' id='word_1_271' title='bbox 249 4246 410 4304; x_wconf 89' lang='lat' dir='ltr'><strong>Plane</strong></span> <span class='ocrx_word' id='word_1_272' title='bbox 434 4250 523 4305; x_wconf 85' lang='lat' dir='ltr'><strong>his</strong></span> <span class='ocrx_word' id='word_1_273' title='bbox 552 4252 913 4325; x_wconf 89' lang='lat' dir='ltr'><strong>astipulantur</strong></span> <span class='ocrx_word' id='word_1_274' title='bbox 932 4260 1168 4330; x_wconf 74' lang='lat' dir='ltr'><strong>antiquze</strong></span> <span class='ocrx_word' id='word_1_275' title='bbox 1194 4261 1516 4321; x_wconf 86' lang='lat' dir='ltr'><strong>electionum</strong></span> <span class='ocrx_word' id='word_1_276' title='bbox 1544 4284 1765 4326; x_wconf 86' lang='lat' dir='ltr'><strong>conces-</strong></span> 
     </span>
    </p>
   </div>
   <div class='ocr_carea' id='block_1_45' title="bbox 178 4336 1765 4424">
    <p class='ocr_par' dir='ltr' id='par_1_45' title="bbox 178 4336 1765 4424">
     <span class='ocr_line' id='line_1_45' title="bbox 178 4336 1765 4424; baseline 0.018 -34"><span class='ocrx_word' id='word_1_277' title='bbox 178 4336 355 4393; x_wconf 83' lang='lat' dir='ltr'><strong>siones</strong></span> <span class='ocrx_word' id='word_1_278' title='bbox 407 4344 954 4419; x_wconf 88' lang='lat' dir='ltr'><strong>approbationesquc.</strong></span> <span class='ocrx_word' id='word_1_279' title='bbox 1009 4351 1344 4424; x_wconf 75' lang='lat' dir='ltr'><strong>Przeceptum</strong></span> <span class='ocrx_word' id='word_1_280' title='bbox 1406 4361 1765 4419; x_wconf 87' lang='lat' dir='ltr'><strong>iunnunitatis</strong></span> 
     </span>
    </p>
   </div>
   <div class='ocr_carea' id='block_1_46' title="bbox 177 4428 1760 4508">
    <p class='ocr_par' dir='ltr' id='par_1_46' title="bbox 177 4428 1760 4508">
     <span class='ocr_line' id='line_1_46' title="bbox 177 4428 1760 4508; baseline 0.018 -29"><span class='ocrx_word' id='word_1_281' title='bbox 177 4440 205 4479; x_wconf 90' lang='lat' dir='ltr'><strong>a</strong></span> <span class='ocrx_word' id='word_1_282' title='bbox 251 4428 450 4484; x_wconf 86' lang='lat' dir='ltr'><strong>Carolo</strong></span> <span class='ocrx_word' id='word_1_283' title='bbox 501 4430 692 4504; x_wconf 82' lang='lat' dir='ltr'><strong>Magno</strong></span> <span class='ocrx_word' id='word_1_284' title='bbox 735 4446 924 4494; x_wconf 87' lang='lat' dir='ltr'><strong>sancto</strong></span> <span class='ocrx_word' id='word_1_285' title='bbox 974 4439 1265 4500; x_wconf 89' lang='lat' dir='ltr'><strong>Benedicto</strong></span> <span class='ocrx_word' id='word_1_286' title='bbox 1311 4446 1533 4504; x_wconf 75' lang='lat' dir='ltr'><strong>Anianze</strong></span> <span class='ocrx_word' id='word_1_287' title='bbox 1581 4451 1760 4508; x_wconf 87' lang='lat' dir='ltr'><strong>abbati</strong></span> 
     </span>
    </p>
   </div>
   <div class='ocr_carea' id='block_1_47' title="bbox 176 4521 1747 4609">
    <p class='ocr_par' dir='ltr' id='par_1_47' title="bbox 176 4521 1747 4609">
     <span class='ocr_line' id='line_1_47' title="bbox 176 4521 1747 4609; baseline 0.017 -39"><span class='ocrx_word' id='word_1_288' title='bbox 176 4532 458 4588; x_wconf 90' lang='lat' dir='ltr'><strong>concesso,</strong></span> <span class='ocrx_word' id='word_1_289' title='bbox 495 4521 635 4577; x_wconf 88' lang='lat' dir='ltr'><strong>inter</strong></span> <span class='ocrx_word' id='word_1_290' title='bbox 663 4525 767 4580; x_wconf 87' lang='lat' dir='ltr'><strong>alia</strong></span> <span class='ocrx_word' id='word_1_291' title='bbox 800 4528 880 4583; x_wconf 92' lang='lat' dir='ltr'><strong>sic</strong></span> <span class='ocrx_word' id='word_1_292' title='bbox 919 4530 1081 4586; x_wconf 86' lang='lat' dir='ltr'><strong>habet</strong></span> <span class='ocrx_word' id='word_1_293' title='bbox 1112 4550 1126 4587; x_wconf 87' lang='lat'><strong>:</strong></span> <span class='ocrx_word' id='word_1_294' title='bbox 1162 4552 1182 4586; x_wconf 70' lang='grc' dir='ltr'><strong>ε</strong></span> <span class='ocrx_word' id='word_1_295' title='bbox 1221 4534 1287 4589; x_wconf 83' lang='lat' dir='ltr'><strong>Et</strong></span> <span class='ocrx_word' id='word_1_296' title='bbox 1314 4539 1747 4609; x_wconf 86' lang='lat' dir='ltr'><strong>quandoquidem</strong></span> 
     </span>
    </p>
   </div>
   <div class='ocr_carea' id='block_1_48' title="bbox 174 4609 1759 4693">
    <p class='ocr_par' dir='ltr' id='par_1_48' title="bbox 174 4609 1759 4693">
     <span class='ocr_line' id='line_1_48' title="bbox 174 4609 1759 4693; baseline 0.017 -31"><span class='ocrx_word' id='word_1_297' title='bbox 174 4609 352 4666; x_wconf 87' lang='lat' dir='ltr'><strong>divina</strong></span> <span class='ocrx_word' id='word_1_298' title='bbox 402 4615 692 4672; x_wconf 89' lang='lat' dir='ltr'><strong>vocatione</strong></span> <span class='ocrx_word' id='word_1_299' title='bbox 736 4623 1139 4693; x_wconf 89' lang='lat' dir='ltr'><strong>suprascriptus</strong></span> <span class='ocrx_word' id='word_1_300' title='bbox 1170 4630 1495 4686; x_wconf 89' lang='lat' dir='ltr'><strong>venerabilis</strong></span> <span class='ocrx_word' id='word_1_301' title='bbox 1537 4631 1759 4689; x_wconf 89' lang='lat' dir='ltr'><strong>Benedi-</strong></span> 
     </span>
    </p>
   </div>
   <div class='ocr_carea' id='block_1_49' title="bbox 185 4705 1756 4789">
    <p class='ocr_par' dir='ltr' id='par_1_49' title="bbox 185 4705 1756 4789">
     <span class='ocr_line' id='line_1_49' title="bbox 185 4705 1756 4789; baseline 0.015 -32"><span class='ocrx_word' id='word_1_302' title='bbox 185 4710 292 4758; x_wconf 76' lang='lat' dir='ltr'><strong>ctus</strong></span> <span class='ocrx_word' id='word_1_303' title='bbox 322 4705 492 4777; x_wconf 75' lang='lat'><strong>623</strong></span> <span class='ocrx_word' id='word_1_304' title='bbox 518 4707 673 4775; x_wconf 87' lang='lat' dir='ltr'><strong>abba,</strong></span> <span class='ocrx_word' id='word_1_305' title='bbox 703 4711 788 4766; x_wconf 84' lang='lat' dir='ltr'><strong>vel</strong></span> <span class='ocrx_word' id='word_1_306' title='bbox 812 4727 1152 4774; x_wconf 85' lang='lat' dir='ltr'><strong>successores</strong></span> <span class='ocrx_word' id='word_1_307' title='bbox 1178 4719 1293 4789; x_wconf 87' lang='lat' dir='ltr'><strong>ejus</strong></span> <span class='ocrx_word' id='word_1_308' title='bbox 1319 4721 1383 4777; x_wconf 91' lang='lat' dir='ltr'><strong>de</strong></span> <span class='ocrx_word' id='word_1_309' title='bbox 1412 4722 1513 4779; x_wconf 89' lang='lat' dir='ltr'><strong>hac</strong></span> <span class='ocrx_word' id='word_1_310' title='bbox 1542 4723 1659 4781; x_wconf 90' lang='lat' dir='ltr'><strong>luce</strong></span> <span class='ocrx_word' id='word_1_311' title='bbox 1690 4728 1756 4781; x_wconf 88' lang='lat' dir='ltr'><strong>ad</strong></span> 
     </span>
    </p>
   </div>
   <div class='ocr_carea' id='block_1_50' title="bbox 177 4792 1757 4881">
    <p class='ocr_par' dir='ltr' id='par_1_50' title="bbox 177 4792 1757 4881">
     <span class='ocr_line' id='line_1_50' title="bbox 177 4792 1757 4881; baseline 0.016 -34"><span class='ocrx_word' id='word_1_312' title='bbox 177 4792 467 4853; x_wconf 89' lang='lat' dir='ltr'><strong>Dominum</strong></span> <span class='ocrx_word' id='word_1_313' title='bbox 518 4801 897 4872; x_wconf 82' lang='lat' dir='ltr'><strong>migraverint,</strong></span> <span class='ocrx_word' id='word_1_314' title='bbox 935 4809 1149 4878; x_wconf 88' lang='lat' dir='ltr'><strong>qualem</strong></span> <span class='ocrx_word' id='word_1_315' title='bbox 1185 4813 1494 4881; x_wconf 88' lang='lat' dir='ltr'><strong>meliorem,</strong></span> <span class='ocrx_word' id='word_1_316' title='bbox 1524 4828 1571 4871; x_wconf 83' lang='lat' dir='ltr'><strong>et</strong></span> <span class='ocrx_word' id='word_1_317' title='bbox 1612 4820 1757 4874; x_wconf 79' lang='lat' dir='ltr'><strong>nobis</strong></span> 
     </span>
    </p>
   </div>
   <div class='ocr_carea' id='block_1_51' title="bbox 172 4890 1758 4981">
    <p class='ocr_par' dir='ltr' id='par_1_51' title="bbox 172 4890 1758 4981">
     <span class='ocr_line' id='line_1_51' title="bbox 172 4890 1758 4981; baseline 0.018 -43"><span class='ocrx_word' id='word_1_318' title='bbox 172 4890 468 4981; x_wconf 68' lang='lat' dir='ltr'><strong>peremnia</strong></span> <span class='ocrx_word' id='word_1_319' title='bbox 496 4892 722 4959; x_wconf 80' lang='lat' dir='ltr'><strong>ﬁdelem,</strong></span> <span class='ocrx_word' id='word_1_320' title='bbox 751 4896 867 4967; x_wconf 91' lang='lat' dir='ltr'><strong>ipsa</strong></span> <span class='ocrx_word' id='word_1_321' title='bbox 891 4911 1077 4978; x_wconf 76' lang='lat' dir='ltr'><strong>sancta</strong></span> <span class='ocrx_word' id='word_1_322' title='bbox 1109 4908 1455 4977; x_wconf 84' lang='lat' dir='ltr'><strong>congregatio</strong></span> <span class='ocrx_word' id='word_1_323' title='bbox 1482 4911 1549 4966; x_wconf 88' lang='lat' dir='ltr'><strong>de</strong></span> <span class='ocrx_word' id='word_1_324' title='bbox 1570 4926 1758 4981; x_wconf 89' lang='lat' dir='ltr'><strong>supra-</strong></span> 
     </span>
    </p>
   </div>
   <div class='ocr_carea' id='block_1_52' title="bbox 172 4978 1758 5068">
    <p class='ocr_par' dir='ltr' id='par_1_52' title="bbox 172 4978 1758 5068">
     <span class='ocr_line' id='line_1_52' title="bbox 172 4978 1758 5068; baseline 0.018 -37"><span class='ocrx_word' id='word_1_325' title='bbox 172 4978 378 5050; x_wconf 86' lang='lat' dir='ltr'><strong>scripto</strong></span> <span class='ocrx_word' id='word_1_326' title='bbox 407 4986 764 5053; x_wconf 85' lang='lat' dir='ltr'><strong>monasterio,</strong></span> <span class='ocrx_word' id='word_1_327' title='bbox 793 4999 887 5043; x_wconf 86' lang='lat' dir='ltr'><strong>aut</strong></span> <span class='ocrx_word' id='word_1_328' title='bbox 912 4991 980 5047; x_wconf 91' lang='lat' dir='ltr'><strong>de</strong></span> <span class='ocrx_word' id='word_1_329' title='bbox 1006 4995 1372 5068; x_wconf 87' lang='lat' dir='ltr'><strong>qualicunque</strong></span> <span class='ocrx_word' id='word_1_330' title='bbox 1416 4999 1534 5057; x_wconf 91' lang='lat' dir='ltr'><strong>loco</strong></span> <span class='ocrx_word' id='word_1_331' title='bbox 1575 4978 1758 5060; x_wconf 81' lang='lat' dir='ltr'><strong>volue-</strong></span> 
     </span>
    </p>
   </div>
   <div class='ocr_carea' id='block_1_53' title="bbox 171 5068 1756 5165">
    <p class='ocr_par' dir='ltr' id='par_1_53' title="bbox 171 5068 1756 5165">
     <span class='ocr_line' id='line_1_53' title="bbox 171 5068 1756 5165; baseline 0.018 -43"><span class='ocrx_word' id='word_1_332' title='bbox 171 5068 283 5124; x_wconf 87' lang='lat' dir='ltr'><strong>rint</strong></span> <span class='ocrx_word' id='word_1_333' title='bbox 306 5071 514 5143; x_wconf 76' lang='lat' dir='ltr'><strong>eligere</strong></span> <span class='ocrx_word' id='word_1_334' title='bbox 538 5073 821 5146; x_wconf 88' lang='lat' dir='ltr'><strong>abbatem,</strong></span> <span class='ocrx_word' id='word_1_335' title='bbox 846 5082 938 5151; x_wconf 90' lang='lat' dir='ltr'><strong>qui</strong></span> <span class='ocrx_word' id='word_1_336' title='bbox 982 5082 1151 5155; x_wconf 89' lang='lat' dir='ltr'><strong>ipsam</strong></span> <span class='ocrx_word' id='word_1_337' title='bbox 1183 5098 1426 5145; x_wconf 83' lang='lat' dir='ltr'><strong>sanctam</strong></span> <span class='ocrx_word' id='word_1_338' title='bbox 1463 5108 1756 5165; x_wconf 85' lang='lat' dir='ltr'><strong>congrega-</strong></span> 
     </span>
    </p>
   </div>
   <div class='ocr_carea' id='block_1_54' title="bbox 172 5166 1755 5260">
    <p class='ocr_par' dir='ltr' id='par_1_54' title="bbox 172 5166 1755 5260">
     <span class='ocr_line' id='line_1_54' title="bbox 172 5166 1755 5260; baseline 0.016 -40"><span class='ocrx_word' id='word_1_339' title='bbox 172 5166 375 5223; x_wconf 84' lang='lat' dir='ltr'><strong>tionem</strong></span> <span class='ocrx_word' id='word_1_340' title='bbox 407 5173 704 5229; x_wconf 87' lang='lat' dir='ltr'><strong>secundum</strong></span> <span class='ocrx_word' id='word_1_341' title='bbox 735 5177 973 5247; x_wconf 89' lang='lat' dir='ltr'><strong>regulam</strong></span> <span class='ocrx_word' id='word_1_342' title='bbox 1022 5184 1193 5237; x_wconf 88' lang='lat' dir='ltr'><strong>sancti</strong></span> <span class='ocrx_word' id='word_1_343' title='bbox 1242 5184 1513 5243; x_wconf 86' lang='lat' dir='ltr'><strong>Benedicti</strong></span> <span class='ocrx_word' id='word_1_344' title='bbox 1567 5204 1755 5260; x_wconf 84' lang='lat' dir='ltr'><strong>regere</strong></span> 
     </span>
    </p>
   </div>
   <div class='ocr_carea' id='block_1_55' title="bbox 170 5260 1754 5337">
    <p class='ocr_par' dir='ltr' id='par_1_55' title="bbox 170 5260 1754 5337">
     <span class='ocr_line' id='line_1_55' title="bbox 170 5260 1754 5337; baseline 0.015 -24"><span class='ocrx_word' id='word_1_345' title='bbox 170 5260 382 5327; x_wconf 86' lang='lat' dir='ltr'><strong>valeat,</strong></span> <span class='ocrx_word' id='word_1_346' title='bbox 438 5278 536 5334; x_wconf 90' lang='lat' dir='ltr'><strong>per</strong></span> <span class='ocrx_word' id='word_1_347' title='bbox 583 5267 720 5323; x_wconf 89' lang='lat' dir='ltr'><strong>hanc</strong></span> <span class='ocrx_word' id='word_1_348' title='bbox 767 5279 1009 5328; x_wconf 88' lang='lat' dir='ltr'><strong>nostram</strong></span> <span class='ocrx_word' id='word_1_349' title='bbox 1058 5280 1435 5333; x_wconf 88' lang='lat' dir='ltr'><strong>auctoritatem</strong></span> <span class='ocrx_word' id='word_1_350' title='bbox 1480 5279 1754 5337; x_wconf 73' lang='lat' dir='ltr'><strong>licentiam</strong></span> 
     </span>
    </p>
   </div>
   <div class='ocr_carea' id='block_1_56' title="bbox 171 5350 1754 5438">
    <p class='ocr_par' dir='ltr' id='par_1_56' title="bbox 171 5350 1754 5438">
     <span class='ocr_line' id='line_1_56' title="bbox 171 5350 1754 5438; baseline 0.015 -34"><span class='ocrx_word' id='word_1_351' title='bbox 171 5350 431 5421; x_wconf 81' lang='lat' dir='ltr'><strong>habeant,</strong></span> <span class='ocrx_word' id='word_1_352' title='bbox 469 5372 488 5405; x_wconf 72' lang='grc' dir='ltr'><strong><em>ι</em></strong></span> <span class='ocrx_word' id='word_1_353' title='bbox 519 5364 623 5412; x_wconf 90' lang='lat' dir='ltr'><strong>etc.</strong></span> <span class='ocrx_word' id='word_1_354' title='bbox 656 5358 733 5412; x_wconf 76' lang='lat' dir='ltr'><strong>Ex</strong></span> <span class='ocrx_word' id='word_1_355' title='bbox 771 5362 1011 5433; x_wconf 84' lang='lat' dir='ltr'><strong>antiquis</strong></span> <span class='ocrx_word' id='word_1_356' title='bbox 1048 5367 1262 5424; x_wconf 88' lang='lat' dir='ltr'><strong>schedis</strong></span> <span class='ocrx_word' id='word_1_357' title='bbox 1295 5368 1535 5438; x_wconf 91' lang='lat' dir='ltr'><strong>ejusdem</strong></span> <span class='ocrx_word' id='word_1_358' title='bbox 1568 5388 1754 5427; x_wconf 87' lang='lat' dir='ltr'><strong>mona-</strong></span> 
     </span>
    </p>
   </div>
   <div class='ocr_carea' id='block_1_57' title="bbox 169 5444 1753 5532">
    <p class='ocr_par' dir='ltr' id='par_1_57' title="bbox 169 5444 1753 5532">
     <span class='ocr_line' id='line_1_57' title="bbox 169 5444 1753 5532; baseline 0.014 -37"><span class='ocrx_word' id='word_1_359' title='bbox 169 5444 346 5500; x_wconf 87' lang='lat' dir='ltr'><strong>sterii.</strong></span> <span class='ocrx_word' id='word_1_360' title='bbox 379 5448 450 5502; x_wconf 84' lang='lat' dir='ltr'><strong>Et</strong></span> <span class='ocrx_word' id='word_1_361' title='bbox 482 5461 546 5503; x_wconf 78' lang='lat' dir='ltr'><strong>ex</strong></span> <span class='ocrx_word' id='word_1_362' title='bbox 574 5448 907 5508; x_wconf 84' lang='lat' dir='ltr'><strong>chartulario</strong></span> <span class='ocrx_word' id='word_1_363' title='bbox 951 5454 1134 5513; x_wconf 89' lang='lat' dir='ltr'><strong>Sancti</strong></span> <span class='ocrx_word' id='word_1_364' title='bbox 1178 5460 1356 5515; x_wconf 86' lang='lat' dir='ltr'><strong>Albini</strong></span> <span class='ocrx_word' id='word_1_365' title='bbox 1398 5462 1753 5532; x_wconf 78' lang='lat' dir='ltr'><strong>Andegaven-</strong></span> 
     </span>
    </p>
   </div>
   <div class='ocr_carea' id='block_1_58' title="bbox 170 5534 1751 5628">
    <p class='ocr_par' dir='ltr' id='par_1_58' title="bbox 170 5534 1751 5628">
     <span class='ocr_line' id='line_1_58' title="bbox 170 5534 1751 5628; baseline 0.015 -39"><span class='ocrx_word' id='word_1_366' title='bbox 170 5534 246 5590; x_wconf 84' lang='lat' dir='ltr'><strong>sis</strong></span> <span class='ocrx_word' id='word_1_367' title='bbox 279 5554 293 5590; x_wconf 87' lang='lat'><strong>:</strong></span> <span class='ocrx_word' id='word_1_368' title='bbox 330 5555 350 5589; x_wconf 69' lang='grc' dir='ltr'>ι</span> <span class='ocrx_word' id='word_1_369' title='bbox 397 5538 669 5600; x_wconf 82' lang='lat' dir='ltr'><strong>Gotl&#39;ridus</strong></span> <span class='ocrx_word' id='word_1_370' title='bbox 697 5556 880 5601; x_wconf 87' lang='lat' dir='ltr'><strong>comes</strong></span> <span class='ocrx_word' id='word_1_371' title='bbox 926 5547 990 5602; x_wconf 89' lang='lat' dir='ltr'><strong>ad</strong></span> <span class='ocrx_word' id='word_1_372' title='bbox 1031 5551 1345 5619; x_wconf 88' lang='lat' dir='ltr'><strong>petitionem</strong></span> <span class='ocrx_word' id='word_1_373' title='bbox 1377 5553 1585 5626; x_wconf 84' lang='lat' dir='ltr'><strong>Nelingi</strong></span> <span class='ocrx_word' id='word_1_374' title='bbox 1636 5557 1751 5628; x_wconf 82' lang='lat' dir='ltr'><strong>epi-</strong></span> 
     </span>
    </p>
   </div>
   <div class='ocr_carea' id='block_1_59' title="bbox 173 5630 1752 5719">
    <p class='ocr_par' dir='ltr' id='par_1_59' title="bbox 173 5630 1752 5719">
     <span class='ocr_line' id='line_1_59' title="bbox 173 5630 1752 5719; baseline 0.015 -39"><span class='ocrx_word' id='word_1_375' title='bbox 173 5630 320 5699; x_wconf 86' lang='lat' dir='ltr'><strong>sc0pi</strong></span> <span class='ocrx_word' id='word_1_376' title='bbox 344 5646 447 5701; x_wconf 88' lang='lat' dir='ltr'><strong>pro</strong></span> <span class='ocrx_word' id='word_1_377' title='bbox 472 5638 705 5693; x_wconf 89' lang='lat' dir='ltr'><strong>remedio</strong></span> <span class='ocrx_word' id='word_1_378' title='bbox 732 5640 924 5695; x_wconf 69' lang='lat' dir='ltr'><strong>animm</strong></span> <span class='ocrx_word' id='word_1_379' title='bbox 946 5644 1134 5698; x_wconf 87' lang='lat' dir='ltr'><strong>matris</strong></span> <span class='ocrx_word' id='word_1_380' title='bbox 1155 5659 1267 5701; x_wconf 80' lang='lat' dir='ltr'><strong>sum</strong></span> <span class='ocrx_word' id='word_1_381' title='bbox 1292 5646 1597 5719; x_wconf 72' lang='lat' dir='ltr'><strong>Gerbergm,</strong></span> <span class='ocrx_word' id='word_1_382' title='bbox 1623 5658 1752 5718; x_wconf 90' lang='lat' dir='ltr'><strong>etc.,</strong></span> 
     </span>
    </p>
   </div>
   <div class='ocr_carea' id='block_1_60' title="bbox 172 5717 1752 5810">
    <p class='ocr_par' dir='ltr' id='par_1_60' title="bbox 172 5717 1752 5810">
     <span class='ocr_line' id='line_1_60' title="bbox 172 5717 1752 5810; baseline 0.016 -39"><span class='ocrx_word' id='word_1_383' title='bbox 172 5717 303 5772; x_wconf 86' lang='lat' dir='ltr'><strong>facit</strong></span> <span class='ocrx_word' id='word_1_384' title='bbox 353 5726 633 5783; x_wconf 86' lang='lat' dir='ltr'><strong>monachis</strong></span> <span class='ocrx_word' id='word_1_385' title='bbox 676 5739 997 5799; x_wconf 84' lang='lat' dir='ltr'><strong>potestatem</strong></span> <span class='ocrx_word' id='word_1_386' title='bbox 1036 5735 1289 5809; x_wconf 84' lang='lat' dir='ltr'><strong>deinceps</strong></span> <span class='ocrx_word' id='word_1_387' title='bbox 1324 5717 1555 5810; x_wconf 80' lang='lat' dir='ltr'><strong>eligendi</strong></span> <span class='ocrx_word' id='word_1_388' title='bbox 1584 5717 1752 5797; x_wconf 53' lang='lat' dir='ltr'><strong>abba?</strong></span> 
     </span>
    </p>
   </div>
   <div class='ocr_carea' id='block_1_61' title="bbox 172 5817 1461 5897">
    <p class='ocr_par' dir='ltr' id='par_1_61' title="bbox 172 5817 1461 5897">
     <span class='ocr_line' id='line_1_61' title="bbox 172 5817 1461 5897; baseline 0.018 -34"><span class='ocrx_word' id='word_1_389' title='bbox 172 5817 299 5877; x_wconf 86' lang='lat' dir='ltr'><strong>tem,</strong></span> <span class='ocrx_word' id='word_1_390' title='bbox 329 5820 389 5867; x_wconf 90' lang='lat' dir='ltr'><strong>et</strong></span> <span class='ocrx_word' id='word_1_391' title='bbox 417 5819 625 5875; x_wconf 68' lang='lat' dir='ltr'><strong>exemit</strong></span> <span class='ocrx_word' id='word_1_392' title='bbox 651 5836 679 5875; x_wconf 91' lang='lat' dir='ltr'><strong>a</strong></span> <span class='ocrx_word' id='word_1_393' title='bbox 715 5829 984 5892; x_wconf 85' lang='lat' dir='ltr'><strong>potestate</strong></span> <span class='ocrx_word' id='word_1_394' title='bbox 1007 5827 1273 5897; x_wconf 67' lang='lat' dir='ltr'><strong>saeculari,</strong></span> <span class='ocrx_word' id='word_1_395' title='bbox 1306 5848 1324 5882; x_wconf 84' lang='grc'>›</span> <span class='ocrx_word' id='word_1_396' title='bbox 1357 5839 1461 5887; x_wconf 90' lang='lat' dir='ltr'><strong>etc.</strong></span> 
     </span>
    </p>
   </div>
   <div class='ocr_carea' id='block_1_62' title="bbox 1876 612 2924 682">
    <p class='ocr_par' dir='ltr' id='par_1_62' title="bbox 1876 612 2924 682">
     <span class='ocr_line' id='line_1_62' title="bbox 1876 612 2924 682; baseline 0.01 -19"><span class='ocrx_word' id='word_1_397' title='bbox 1876 625 1996 680; x_wconf 83' lang='lat' dir='ltr'><strong>qua:</strong></span> <span class='ocrx_word' id='word_1_398' title='bbox 2025 612 2076 664; x_wconf 92' lang='lat' dir='ltr'><strong>in</strong></span> <span class='ocrx_word' id='word_1_399' title='bbox 2104 614 2205 665; x_wconf 82' lang='lat' dir='ltr'><strong>hoc</strong></span> <span class='ocrx_word' id='word_1_400' title='bbox 2233 612 2349 682; x_wconf 86' lang='lat' dir='ltr'><strong>ipso</strong></span> <span class='ocrx_word' id='word_1_401' title='bbox 2372 624 2520 670; x_wconf 78' lang='lat' dir='ltr'><strong>extat</strong></span> <span class='ocrx_word' id='word_1_402' title='bbox 2544 616 2878 672; x_wconf 80' lang='lat' dir='ltr'><strong>chartularin</strong></span> <span class='ocrx_word' id='word_1_403' title='bbox 2910 636 2924 673; x_wconf 91' lang='lat'><strong>:</strong></span> 
     </span>
    </p>
   </div>
   <div class='ocr_carea' id='block_1_63' title="bbox 1949 702 3454 778">
    <p class='ocr_par' dir='ltr' id='par_1_63' title="bbox 1949 702 3454 778">
     <span class='ocr_line' id='line_1_63' title="bbox 1949 702 3454 778; baseline 0.011 -23"><span class='ocrx_word' id='word_1_404' title='bbox 1949 721 1967 754; x_wconf 76' lang='grc' dir='ltr'>ι</span> <span class='ocrx_word' id='word_1_405' title='bbox 1996 702 2260 757; x_wconf 87' lang='lat' dir='ltr'><strong>Omnibus</strong></span> <span class='ocrx_word' id='word_1_406' title='bbox 2295 704 2344 758; x_wconf 94' lang='lat' dir='ltr'><strong>in</strong></span> <span class='ocrx_word' id='word_1_407' title='bbox 2379 705 2624 773; x_wconf 87' lang='lat' dir='ltr'><strong>Domino,</strong></span> <span class='ocrx_word' id='word_1_408' title='bbox 2656 710 2848 778; x_wconf 79' lang='lat' dir='ltr'><strong>quibus</strong></span> <span class='ocrx_word' id='word_1_409' title='bbox 2875 719 2949 763; x_wconf 85' lang='lat' dir='ltr'><strong>est</strong></span> <span class='ocrx_word' id='word_1_410' title='bbox 2995 709 3237 767; x_wconf 74' lang='lat' dir='ltr'><strong>Christus</strong></span> <span class='ocrx_word' id='word_1_411' title='bbox 3288 726 3454 771; x_wconf 65' lang='lat' dir='ltr'><strong>uisere</strong></span> 
     </span>
    </p>
   </div>
   <div class='ocr_carea' id='block_1_64' title="bbox 1873 792 3453 877">
    <p class='ocr_par' dir='ltr' id='par_1_64' title="bbox 1873 792 3453 877">
     <span class='ocr_line' id='line_1_64' title="bbox 1873 792 3453 877; baseline 0.01 -31"><span class='ocrx_word' id='word_1_412' title='bbox 1873 802 1919 846; x_wconf 84' lang='lat' dir='ltr'><strong>et</strong></span> <span class='ocrx_word' id='word_1_413' title='bbox 1950 795 2085 848; x_wconf 82' lang='lat' dir='ltr'><strong>mori</strong></span> <span class='ocrx_word' id='word_1_414' title='bbox 2108 792 2312 848; x_wconf 81' lang='lat' dir='ltr'><strong>lucrum</strong></span> <span class='ocrx_word' id='word_1_415' title='bbox 2333 796 2499 866; x_wconf 85' lang='lat' dir='ltr'><strong>(Phil.</strong></span> <span class='ocrx_word' id='word_1_416' title='bbox 2525 814 2562 863; x_wconf 91' lang='grc' dir='ltr'><strong>ι,</strong></span> <span class='ocrx_word' id='word_1_417' title='bbox 2588 799 2699 871; x_wconf 73' lang='grc'><strong>21),</strong></span> <span class='ocrx_word' id='word_1_418' title='bbox 2741 810 2796 855; x_wconf 87' lang='lat' dir='ltr'><strong>et</strong></span> <span class='ocrx_word' id='word_1_419' title='bbox 2829 802 3168 870; x_wconf 88' lang='lat' dir='ltr'><strong>potissimum</strong></span> <span class='ocrx_word' id='word_1_420' title='bbox 3197 806 3297 860; x_wconf 90' lang='lat' dir='ltr'><strong>sub</strong></span> <span class='ocrx_word' id='word_1_421' title='bbox 3321 803 3453 877; x_wconf 90' lang='lat' dir='ltr'><strong>jugo</strong></span> 
     </span>
    </p>
   </div>
   <div class='ocr_carea' id='block_1_65' title="bbox 1876 886 3453 969">
    <p class='ocr_par' dir='ltr' id='par_1_65' title="bbox 1876 886 3453 969">
     <span class='ocr_line' id='line_1_65' title="bbox 1876 886 3453 969; baseline 0.006 -30"><span class='ocrx_word' id='word_1_422' title='bbox 1876 888 2072 958; x_wconf 71' lang='lat' dir='ltr'><strong>regula:</strong></span> <span class='ocrx_word' id='word_1_423' title='bbox 2092 888 2264 943; x_wconf 89' lang='lat' dir='ltr'><strong>sancti</strong></span> <span class='ocrx_word' id='word_1_424' title='bbox 2292 886 2566 945; x_wconf 87' lang='lat' dir='ltr'><strong>Benedicti</strong></span> <span class='ocrx_word' id='word_1_425' title='bbox 2598 902 2789 961; x_wconf 88' lang='lat' dir='ltr'><strong>sponte</strong></span> <span class='ocrx_word' id='word_1_426' title='bbox 2818 894 2953 948; x_wconf 89' lang='lat' dir='ltr'><strong>colla</strong></span> <span class='ocrx_word' id='word_1_427' title='bbox 2976 896 3453 969; x_wconf 80' lang='lat' dir='ltr'><strong>submittentibus,</strong></span> 
     </span>
    </p>
   </div>
   <div class='ocr_carea' id='block_1_66' title="bbox 1871 978 3450 1057">
    <p class='ocr_par' dir='ltr' id='par_1_66' title="bbox 1871 978 3450 1057">
     <span class='ocr_line' id='line_1_66' title="bbox 1871 978 3450 1057; baseline 0.008 -24"><span class='ocrx_word' id='word_1_428' title='bbox 1871 982 1961 1048; x_wconf 91' lang='lat' dir='ltr'><strong>qui</strong></span> <span class='ocrx_word' id='word_1_429' title='bbox 1987 978 2140 1048; x_wconf 85' lang='lat' dir='ltr'><strong>jubet</strong></span> <span class='ocrx_word' id='word_1_430' title='bbox 2174 990 2233 1035; x_wconf 91' lang='lat' dir='ltr'><strong>ut</strong></span> <span class='ocrx_word' id='word_1_431' title='bbox 2264 982 2520 1037; x_wconf 87' lang='lat' dir='ltr'><strong>monachi</strong></span> <span class='ocrx_word' id='word_1_432' title='bbox 2550 986 2601 1036; x_wconf 92' lang='lat' dir='ltr'><strong>in</strong></span> <span class='ocrx_word' id='word_1_433' title='bbox 2628 987 2953 1041; x_wconf 82' lang='lat' dir='ltr'><strong>monasterio</strong></span> <span class='ocrx_word' id='word_1_434' title='bbox 2979 988 3251 1057; x_wconf 76' lang='lat' dir='ltr'><strong>degentes,</strong></span> <span class='ocrx_word' id='word_1_435' title='bbox 3281 990 3450 1047; x_wconf 85' lang='lat' dir='ltr'><strong>abba-</strong></span> 
     </span>
    </p>
   </div>
   <div class='ocr_carea' id='block_1_67' title="bbox 1874 1074 3452 1144">
    <p class='ocr_par' dir='ltr' id='par_1_67' title="bbox 1874 1074 3452 1144">
     <span class='ocr_line' id='line_1_67' title="bbox 1874 1074 3452 1144; baseline 0.01 -19"><span class='ocrx_word' id='word_1_436' title='bbox 1874 1081 1979 1126; x_wconf 89' lang='lat' dir='ltr'><strong>tem</strong></span> <span class='ocrx_word' id='word_1_437' title='bbox 2013 1074 2114 1128; x_wconf 88' lang='lat' dir='ltr'><strong>sibi</strong></span> <span class='ocrx_word' id='word_1_438' title='bbox 2137 1088 2371 1144; x_wconf 81' lang='lat' dir='ltr'><strong>praeesse</strong></span> <span class='ocrx_word' id='word_1_439' title='bbox 2398 1074 2707 1130; x_wconf 89' lang='lat' dir='ltr'><strong>desiderent</strong></span> <span class='ocrx_word' id='word_1_440' title='bbox 2739 1077 3128 1136; x_wconf 83' lang='lat' dir='ltr'><strong>:.Notissimum</strong></span> <span class='ocrx_word' id='word_1_441' title='bbox 3155 1098 3276 1139; x_wconf 90' lang='lat' dir='ltr'><strong>esse</strong></span> <span class='ocrx_word' id='word_1_442' title='bbox 3301 1084 3452 1139; x_wconf 86' lang='lat' dir='ltr'><strong>volu-</strong></span> 
     </span>
    </p>
   </div>
   <div class='ocr_carea' id='block_1_68' title="bbox 1873 1166 3452 1240">
    <p class='ocr_par' dir='ltr' id='par_1_68' title="bbox 1873 1166 3452 1240">
     <span class='ocr_line' id='line_1_68' title="bbox 1873 1166 3452 1240; baseline 0.009 -22"><span class='ocrx_word' id='word_1_443' title='bbox 1873 1178 2011 1229; x_wconf 87' lang='lat' dir='ltr'><strong>mus,</strong></span> <span class='ocrx_word' id='word_1_444' title='bbox 2036 1166 2179 1235; x_wconf 89' lang='lat' dir='ltr'><strong>quod</strong></span> <span class='ocrx_word' id='word_1_445' title='bbox 2206 1181 2296 1221; x_wconf 90' lang='lat' dir='ltr'><strong>an.</strong></span> <span class='ocrx_word' id='word_1_446' title='bbox 2321 1166 2424 1221; x_wconf 89' lang='lat'><strong>988</strong></span> <span class='ocrx_word' id='word_1_447' title='bbox 2452 1166 2844 1223; x_wconf 86' lang='lat' dir='ltr'><strong>lncarnationis</strong></span> <span class='ocrx_word' id='word_1_448' title='bbox 2867 1169 3178 1240; x_wconf 69' lang='lat' dir='ltr'><strong>Dominicze,</strong></span> <span class='ocrx_word' id='word_1_449' title='bbox 3194 1175 3452 1232; x_wconf 85' lang='lat' dir='ltr'><strong>recedens</strong></span> 
     </span>
    </p>
   </div>
   <div class='ocr_carea' id='block_1_69' title="bbox 1868 1257 3451 1335">
    <p class='ocr_par' dir='ltr' id='par_1_69' title="bbox 1868 1257 3451 1335">
     <span class='ocr_line' id='line_1_69' title="bbox 1868 1257 3451 1335; baseline 0.008 -24"><span class='ocrx_word' id='word_1_450' title='bbox 1868 1272 1900 1311; x_wconf 91' lang='lat' dir='ltr'><strong>a</strong></span> <span class='ocrx_word' id='word_1_451' title='bbox 1928 1257 2046 1314; x_wconf 90' lang='lat' dir='ltr'><strong>loco</strong></span> <span class='ocrx_word' id='word_1_452' title='bbox 2075 1259 2259 1314; x_wconf 85' lang='lat' dir='ltr'><strong>Sancti</strong></span> <span class='ocrx_word' id='word_1_453' title='bbox 2310 1259 2493 1315; x_wconf 89' lang='lat' dir='ltr'><strong>Albini</strong></span> <span class='ocrx_word' id='word_1_454' title='bbox 2534 1260 2702 1315; x_wconf 87' lang='lat' dir='ltr'><strong>abbas</strong></span> <span class='ocrx_word' id='word_1_455' title='bbox 2730 1260 3046 1329; x_wconf 85' lang='lat' dir='ltr'><strong>Gunterius,</strong></span> <span class='ocrx_word' id='word_1_456' title='bbox 3077 1279 3236 1334; x_wconf 90' lang='lat' dir='ltr'><strong>quem</strong></span> <span class='ocrx_word' id='word_1_457' title='bbox 3263 1282 3360 1335; x_wconf 91' lang='lat' dir='ltr'><strong>pro</strong></span> <span class='ocrx_word' id='word_1_458' title='bbox 3383 1267 3451 1323; x_wconf 83' lang='lat' dir='ltr'><strong>ll-</strong></span> 
     </span>
    </p>
   </div>
   <div class='ocr_carea' id='block_1_70' title="bbox 1869 1350 3452 1419">
    <p class='ocr_par' dir='ltr' id='par_1_70' title="bbox 1869 1350 3452 1419">
     <span class='ocr_line' id='line_1_70' title="bbox 1869 1350 3452 1419; baseline 0.007 -15"><span class='ocrx_word' id='word_1_459' title='bbox 1869 1350 2087 1406; x_wconf 83' lang='lat' dir='ltr'><strong>delitate</strong></span> <span class='ocrx_word' id='word_1_460' title='bbox 2131 1350 2246 1419; x_wconf 90' lang='lat' dir='ltr'><strong>Dei,</strong></span> <span class='ocrx_word' id='word_1_461' title='bbox 2297 1361 2353 1408; x_wconf 87' lang='lat' dir='ltr'><strong>et</strong></span> <span class='ocrx_word' id='word_1_462' title='bbox 2404 1354 2645 1408; x_wconf 89' lang='lat' dir='ltr'><strong>remedio</strong></span> <span class='ocrx_word' id='word_1_463' title='bbox 2698 1355 2892 1409; x_wconf 76' lang='lat' dir='ltr'><strong>animm</strong></span> <span class='ocrx_word' id='word_1_464' title='bbox 2919 1370 3030 1411; x_wconf 63' lang='lat' dir='ltr'><strong>suae</strong></span> <span class='ocrx_word' id='word_1_465' title='bbox 3084 1358 3452 1416; x_wconf 89' lang='lat' dir='ltr'><strong>nobilissimus</strong></span> 
     </span>
    </p>
   </div>
   <div class='ocr_carea' id='block_1_71' title="bbox 1869 1441 3449 1519">
    <p class='ocr_par' dir='ltr' id='par_1_71' title="bbox 1869 1441 3449 1519">
     <span class='ocr_line' id='line_1_71' title="bbox 1869 1441 3449 1519; baseline 0.007 -23"><span class='ocrx_word' id='word_1_466' title='bbox 1869 1441 2010 1498; x_wconf 91' lang='lat' dir='ltr'><strong>inter</strong></span> <span class='ocrx_word' id='word_1_467' title='bbox 2035 1459 2163 1500; x_wconf 82' lang='lat' dir='ltr'><strong>suos</strong></span> <span class='ocrx_word' id='word_1_468' title='bbox 2209 1444 2494 1501; x_wconf 85' lang='lat' dir='ltr'><strong>Gotl‘redus</strong></span> <span class='ocrx_word' id='word_1_469' title='bbox 2524 1461 2705 1502; x_wconf 91' lang='lat' dir='ltr'><strong>comes</strong></span> <span class='ocrx_word' id='word_1_470' title='bbox 2754 1448 2928 1503; x_wconf 90' lang='lat' dir='ltr'><strong>eidem</strong></span> <span class='ocrx_word' id='word_1_471' title='bbox 2971 1450 3086 1505; x_wconf 90' lang='lat' dir='ltr'><strong>locu</strong></span> <span class='ocrx_word' id='word_1_472' title='bbox 3113 1450 3449 1519; x_wconf 65' lang='lat' dir='ltr'><strong>praefecerat,</strong></span> 
     </span>
    </p>
   </div>
   <div class='ocr_carea' id='block_1_72' title="bbox 1867 1530 3449 1604">
    <p class='ocr_par' dir='ltr' id='par_1_72' title="bbox 1867 1530 3449 1604">
     <span class='ocr_line' id='line_1_72' title="bbox 1867 1530 3449 1604; baseline 0.006 -19"><span class='ocrx_word' id='word_1_473' title='bbox 1867 1538 1924 1585; x_wconf 89' lang='lat' dir='ltr'><strong>et</strong></span> <span class='ocrx_word' id='word_1_474' title='bbox 1949 1530 2196 1595; x_wconf 82' lang='lat' dir='ltr'><strong>Romam,</strong></span> <span class='ocrx_word' id='word_1_475' title='bbox 2231 1532 2339 1596; x_wconf 90' lang='lat' dir='ltr'><strong>vel,</strong></span> <span class='ocrx_word' id='word_1_476' title='bbox 2367 1533 2510 1602; x_wconf 87' lang='lat' dir='ltr'><strong>quod</strong></span> <span class='ocrx_word' id='word_1_477' title='bbox 2544 1534 2718 1604; x_wconf 90' lang='lat' dir='ltr'><strong>majus</strong></span> <span class='ocrx_word' id='word_1_478' title='bbox 2768 1545 2872 1600; x_wconf 89' lang='lat' dir='ltr'><strong>est,</strong></span> <span class='ocrx_word' id='word_1_479' title='bbox 2903 1546 3127 1592; x_wconf 89' lang='lat' dir='ltr'><strong>matrem</strong></span> <span class='ocrx_word' id='word_1_480' title='bbox 3168 1537 3449 1594; x_wconf 87' lang='lat' dir='ltr'><strong>civitatum</strong></span> 
     </span>
    </p>
   </div>
   <div class='ocr_carea' id='block_1_73' title="bbox 1868 1622 3449 1697">
    <p class='ocr_par' dir='ltr' id='par_1_73' title="bbox 1868 1622 3449 1697">
     <span class='ocr_line' id='line_1_73' title="bbox 1868 1622 3449 1697; baseline 0.004 -19"><span class='ocrx_word' id='word_1_481' title='bbox 1868 1622 2168 1680; x_wconf 81' lang='lat' dir='ltr'><strong>Jerusalem</strong></span> <span class='ocrx_word' id='word_1_482' title='bbox 2223 1633 2481 1695; x_wconf 80' lang='lat' dir='ltr'><strong>expetens</strong></span> <span class='ocrx_word' id='word_1_483' title='bbox 2531 1628 2702 1697; x_wconf 88' lang='lat' dir='ltr'><strong>gratia</strong></span> <span class='ocrx_word' id='word_1_484' title='bbox 2743 1629 3027 1696; x_wconf 89' lang='lat' dir='ltr'><strong>orationis,</strong></span> <span class='ocrx_word' id='word_1_485' title='bbox 3080 1644 3449 1686; x_wconf 85' lang='lat' dir='ltr'><strong>successorem</strong></span> 
     </span>
    </p>
   </div>
   <div class='ocr_carea' id='block_1_74' title="bbox 1870 1716 3447 1788">
    <p class='ocr_par' dir='ltr' id='par_1_74' title="bbox 1870 1716 3447 1788">
     <span class='ocr_line' id='line_1_74' title="bbox 1870 1716 3447 1788; baseline 0.004 -18"><span class='ocrx_word' id='word_1_486' title='bbox 1870 1716 1971 1770; x_wconf 91' lang='lat' dir='ltr'><strong>sibi</strong></span> <span class='ocrx_word' id='word_1_487' title='bbox 1995 1731 2235 1787; x_wconf 67' lang='lat' dir='ltr'><strong>praesago</strong></span> <span class='ocrx_word' id='word_1_488' title='bbox 2265 1716 2457 1786; x_wconf 87' lang='lat' dir='ltr'><strong>spiritu</strong></span> <span class='ocrx_word' id='word_1_489' title='bbox 2486 1719 2818 1788; x_wconf 79' lang='lat' dir='ltr'><strong>providerat,</strong></span> <span class='ocrx_word' id='word_1_490' title='bbox 2844 1721 2931 1775; x_wconf 92' lang='lat' dir='ltr'><strong>cui</strong></span> <span class='ocrx_word' id='word_1_491' title='bbox 2960 1722 3259 1777; x_wconf 85' lang='lat' dir='ltr'><strong>animarum</strong></span> <span class='ocrx_word' id='word_1_492' title='bbox 3288 1722 3447 1778; x_wconf 89' lang='lat' dir='ltr'><strong>simul</strong></span> 
     </span>
    </p>
   </div>
   <div class='ocr_carea' id='block_1_75' title="bbox 1868 1810 3452 1878">
    <p class='ocr_par' dir='ltr' id='par_1_75' title="bbox 1868 1810 3452 1878">
     <span class='ocr_line' id='line_1_75' title="bbox 1868 1810 3452 1878; baseline 0.006 -18"><span class='ocrx_word' id='word_1_493' title='bbox 1868 1815 1922 1861; x_wconf 89' lang='lat' dir='ltr'><strong>et</strong></span> <span class='ocrx_word' id='word_1_494' title='bbox 1953 1820 2239 1878; x_wconf 90' lang='lat' dir='ltr'><strong>corporum</strong></span> <span class='ocrx_word' id='word_1_495' title='bbox 2291 1824 2480 1864; x_wconf 89' lang='lat' dir='ltr'><strong>curam</strong></span> <span class='ocrx_word' id='word_1_496' title='bbox 2509 1810 2874 1865; x_wconf 87' lang='lat' dir='ltr'><strong>committeret</strong></span> <span class='ocrx_word' id='word_1_497' title='bbox 2914 1849 2930 1865; x_wconf 91' lang='lat'><strong>.</strong></span> <span class='ocrx_word' id='word_1_498' title='bbox 2976 1849 2993 1867; x_wconf 96' lang='lat'><strong>.</strong></span> <span class='ocrx_word' id='word_1_499' title='bbox 3068 1850 3086 1868; x_wconf 93' lang='lat'><strong>.</strong></span> <span class='ocrx_word' id='word_1_500' title='bbox 3128 1850 3143 1866; x_wconf 95' lang='lat'><strong>.</strong></span> <span class='ocrx_word' id='word_1_501' title='bbox 3187 1850 3203 1866; x_wconf 93' lang='lat'><strong>.</strong></span> <span class='ocrx_word' id='word_1_502' title='bbox 3243 1813 3367 1869; x_wconf 60' lang='lat' dir='ltr'><strong>vitae</strong></span> <span class='ocrx_word' id='word_1_503' title='bbox 3395 1820 3452 1868; x_wconf 90' lang='lat' dir='ltr'><strong>et</strong></span> 
     </span>
    </p>
   </div>
   <div class='ocr_carea' id='block_1_76' title="bbox 1795 1895 3451 1973">
    <p class='ocr_par' dir='ltr' id='par_1_76' title="bbox 1795 1895 3451 1973">
     <span class='ocr_line' id='line_1_76' title="bbox 1795 1895 3451 1973; baseline 0.004 -19"><span class='ocrx_word' id='word_1_504' title='bbox 1795 1895 1842 1954; x_wconf 90' lang='lat' dir='ltr'><strong>B</strong></span> <span class='ocrx_word' id='word_1_505' title='bbox 1871 1913 2079 1953; x_wconf 91' lang='lat' dir='ltr'><strong>morum</strong></span> <span class='ocrx_word' id='word_1_506' title='bbox 2130 1898 2398 1967; x_wconf 87' lang='lat' dir='ltr'><strong>probitate</strong></span> <span class='ocrx_word' id='word_1_507' title='bbox 2450 1900 2731 1969; x_wconf 91' lang='lat' dir='ltr'><strong>decorum,</strong></span> <span class='ocrx_word' id='word_1_508' title='bbox 2790 1916 2951 1971; x_wconf 88' lang='lat' dir='ltr'><strong>quem</strong></span> <span class='ocrx_word' id='word_1_509' title='bbox 3005 1902 3119 1973; x_wconf 90' lang='lat' dir='ltr'><strong>ipse</strong></span> <span class='ocrx_word' id='word_1_510' title='bbox 3173 1904 3224 1959; x_wconf 90' lang='lat' dir='ltr'><strong>in</strong></span> <span class='ocrx_word' id='word_1_511' title='bbox 3247 1903 3451 1961; x_wconf 87' lang='lat' dir='ltr'><strong>Christi</strong></span> 
     </span>
    </p>
   </div>
   <div class='ocr_carea' id='block_1_77' title="bbox 1869 1990 3450 2059">
    <p class='ocr_par' dir='ltr' id='par_1_77' title="bbox 1869 1990 3450 2059">
     <span class='ocr_line' id='line_1_77' title="bbox 1869 1990 3450 2059; baseline 0.005 -15"><span class='ocrx_word' id='word_1_512' title='bbox 1869 1990 2085 2045; x_wconf 85' lang='lat' dir='ltr'><strong>nomine</strong></span> <span class='ocrx_word' id='word_1_513' title='bbox 2133 1992 2438 2059; x_wconf 89' lang='lat' dir='ltr'><strong>nutrierat,</strong></span> <span class='ocrx_word' id='word_1_514' title='bbox 2489 2007 2610 2048; x_wconf 91' lang='lat' dir='ltr'><strong>cum</strong></span> <span class='ocrx_word' id='word_1_515' title='bbox 2670 2007 2940 2049; x_wconf 90' lang='lat' dir='ltr'><strong>consensu</strong></span> <span class='ocrx_word' id='word_1_516' title='bbox 2993 2002 3173 2051; x_wconf 90' lang='lat' dir='ltr'><strong>tamen</strong></span> <span class='ocrx_word' id='word_1_517' title='bbox 3220 1996 3450 2052; x_wconf 88' lang='lat' dir='ltr'><strong>fratrum</strong></span> 
     </span>
    </p>
   </div>
   <div class='ocr_carea' id='block_1_78' title="bbox 1868 2080 3449 2156">
    <p class='ocr_par' dir='ltr' id='par_1_78' title="bbox 1868 2080 3449 2156">
     <span class='ocr_line' id='line_1_78' title="bbox 1868 2080 3449 2156; baseline 0.003 -21"><span class='ocrx_word' id='word_1_518' title='bbox 1868 2080 2076 2151; x_wconf 67' lang='lat' dir='ltr'><strong>praefati</strong></span> <span class='ocrx_word' id='word_1_519' title='bbox 2133 2080 2258 2147; x_wconf 84' lang='lat' dir='ltr'><strong>luci,</strong></span> <span class='ocrx_word' id='word_1_520' title='bbox 2295 2090 2351 2138; x_wconf 90' lang='lat' dir='ltr'><strong>et</strong></span> <span class='ocrx_word' id='word_1_521' title='bbox 2380 2081 2775 2153; x_wconf 83' lang='lat' dir='ltr'><strong>elegantissimi</strong></span> <span class='ocrx_word' id='word_1_522' title='bbox 2821 2122 2836 2137; x_wconf 97' lang='lat'><strong>.</strong></span> <span class='ocrx_word' id='word_1_523' title='bbox 2879 2120 2896 2137; x_wconf 94' lang='lat'><strong>.</strong></span> <span class='ocrx_word' id='word_1_524' title='bbox 2939 2120 2955 2137; x_wconf 89' lang='lat'><strong>.</strong></span> <span class='ocrx_word' id='word_1_525' title='bbox 2997 2121 3013 2138; x_wconf 94' lang='lat'><strong>.</strong></span> <span class='ocrx_word' id='word_1_526' title='bbox 3058 2123 3074 2138; x_wconf 93' lang='lat'><strong>.</strong></span> <span class='ocrx_word' id='word_1_527' title='bbox 3117 2123 3132 2139; x_wconf 94' lang='lat'><strong>.</strong></span> <span class='ocrx_word' id='word_1_528' title='bbox 3173 2082 3268 2138; x_wconf 83' lang='lat' dir='ltr'><strong>filii</strong></span> <span class='ocrx_word' id='word_1_529' title='bbox 3309 2100 3449 2156; x_wconf 73' lang='lat' dir='ltr'><strong>pra:-</strong></span> 
     </span>
    </p>
   </div>
   <div class='ocr_carea' id='block_1_79' title="bbox 1869 2172 3451 2246">
    <p class='ocr_par' dir='ltr' id='par_1_79' title="bbox 1869 2172 3451 2246">
     <span class='ocr_line' id='line_1_79' title="bbox 1869 2172 3451 2246; baseline 0.004 -19"><span class='ocrx_word' id='word_1_530' title='bbox 1869 2172 1996 2227; x_wconf 92' lang='lat' dir='ltr'><strong>dicti</strong></span> <span class='ocrx_word' id='word_1_531' title='bbox 2056 2173 2267 2228; x_wconf 91' lang='lat' dir='ltr'><strong>comitis</strong></span> <span class='ocrx_word' id='word_1_532' title='bbox 2319 2173 2587 2240; x_wconf 79' lang='lat' dir='ltr'><strong>Gaufridi,</strong></span> <span class='ocrx_word' id='word_1_533' title='bbox 2629 2174 2721 2244; x_wconf 90' lang='lat' dir='ltr'><strong>qui</strong></span> <span class='ocrx_word' id='word_1_534' title='bbox 2767 2174 2821 2231; x_wconf 91' lang='lat' dir='ltr'><strong>in</strong></span> <span class='ocrx_word' id='word_1_535' title='bbox 2865 2173 2986 2231; x_wconf 92' lang='lat' dir='ltr'><strong>loco</strong></span> <span class='ocrx_word' id='word_1_536' title='bbox 3031 2176 3202 2246; x_wconf 88' lang='lat' dir='ltr'><strong>patris</strong></span> <span class='ocrx_word' id='word_1_537' title='bbox 3222 2175 3451 2233; x_wconf 83' lang='lat' dir='ltr'><strong>feliciter</strong></span> 
     </span>
    </p>
   </div>
   <div class='ocr_carea' id='block_1_80' title="bbox 1869 2265 3451 2340">
    <p class='ocr_par' dir='ltr' id='par_1_80' title="bbox 1869 2265 3451 2340">
     <span class='ocr_line' id='line_1_80' title="bbox 1869 2265 3451 2340; baseline 0.004 -22"><span class='ocrx_word' id='word_1_538' title='bbox 1869 2265 2154 2329; x_wconf 88' lang='lat' dir='ltr'><strong>successit,</strong></span> <span class='ocrx_word' id='word_1_539' title='bbox 2198 2266 2416 2321; x_wconf 90' lang='lat' dir='ltr'><strong>nomine</strong></span> <span class='ocrx_word' id='word_1_540' title='bbox 2472 2266 2742 2323; x_wconf 89' lang='lat' dir='ltr'><strong>Fulconis.</strong></span> <span class='ocrx_word' id='word_1_541' title='bbox 2794 2266 2892 2323; x_wconf 87' lang='lat' dir='ltr'><strong>Cui</strong></span> <span class='ocrx_word' id='word_1_542' title='bbox 2949 2266 3223 2337; x_wconf 91' lang='lat' dir='ltr'><strong>electioni,</strong></span> <span class='ocrx_word' id='word_1_543' title='bbox 3276 2270 3451 2340; x_wconf 82' lang='lat' dir='ltr'><strong>provi-</strong></span> 
     </span>
    </p>
   </div>
   <div class='ocr_carea' id='block_1_81' title="bbox 1872 2354 3467 2445">
    <p class='ocr_par' dir='ltr' id='par_1_81' title="bbox 1872 2354 3467 2445">
     <span class='ocr_line' id='line_1_81' title="bbox 1872 2354 3467 2445; baseline 0.006 -36"><span class='ocrx_word' id='word_1_544' title='bbox 1872 2354 2034 2411; x_wconf 91' lang='lat' dir='ltr'><strong>dente</strong></span> <span class='ocrx_word' id='word_1_545' title='bbox 2061 2357 2238 2426; x_wconf 86' lang='lat' dir='ltr'><strong>gratia</strong></span> <span class='ocrx_word' id='word_1_546' title='bbox 2261 2356 2380 2419; x_wconf 91' lang='lat' dir='ltr'><strong>Dei,</strong></span> <span class='ocrx_word' id='word_1_547' title='bbox 2397 2368 2557 2427; x_wconf 88' lang='lat' dir='ltr'><strong>prout</strong></span> <span class='ocrx_word' id='word_1_548' title='bbox 2578 2359 2870 2427; x_wconf 88' lang='lat' dir='ltr'><strong>credimus,</strong></span> <span class='ocrx_word' id='word_1_549' title='bbox 2905 2362 3467 2445; x_wconf 46' lang='lat' dir='ltr'><strong>prudentissimorutg</strong></span> 
     </span>
    </p>
   </div>
   <div class='ocr_carea' id='block_1_82' title="bbox 1867 2447 3450 2521">
    <p class='ocr_par' dir='ltr' id='par_1_82' title="bbox 1867 2447 3450 2521">
     <span class='ocr_line' id='line_1_82' title="bbox 1867 2447 3450 2521; baseline 0.006 -21"><span class='ocrx_word' id='word_1_550' title='bbox 1867 2447 2205 2517; x_wconf 79' lang='lat' dir='ltr'><strong>pontificum,</strong></span> <span class='ocrx_word' id='word_1_551' title='bbox 2258 2448 2577 2505; x_wconf 88' lang='lat' dir='ltr'><strong>clericorum</strong></span> <span class='ocrx_word' id='word_1_552' title='bbox 2625 2465 2841 2521; x_wconf 90' lang='lat' dir='ltr'><strong>quoque</strong></span> <span class='ocrx_word' id='word_1_553' title='bbox 2893 2462 2945 2509; x_wconf 89' lang='lat' dir='ltr'><strong>et</strong></span> <span class='ocrx_word' id='word_1_554' title='bbox 2994 2454 3251 2510; x_wconf 88' lang='lat' dir='ltr'><strong>nobilium</strong></span> <span class='ocrx_word' id='word_1_555' title='bbox 3286 2454 3450 2510; x_wconf 88' lang='lat' dir='ltr'><strong>laico-</strong></span> 
     </span>
    </p>
   </div>
   <div class='ocr_carea' id='block_1_83' title="bbox 1869 2524 3452 2612">
    <p class='ocr_par' dir='ltr' id='par_1_83' title="bbox 1869 2524 3452 2612">
     <span class='ocr_line' id='line_1_83' title="bbox 1869 2524 3452 2612; baseline 0.006 -20"><span class='ocrx_word' id='word_1_556' title='bbox 1869 2553 2011 2607; x_wconf 90' lang='lat' dir='ltr'><strong>rum,</strong></span> <span class='ocrx_word' id='word_1_557' title='bbox 2043 2549 2099 2595; x_wconf 92' lang='lat' dir='ltr'><strong>et</strong></span> <span class='ocrx_word' id='word_1_558' title='bbox 2125 2556 2288 2612; x_wconf 89' lang='lat' dir='ltr'><strong>super</strong></span> <span class='ocrx_word' id='word_1_559' title='bbox 2330 2524 2429 2597; x_wconf 32' lang='lat' dir='ltr'><strong>&#39;his</strong></span> <span class='ocrx_word' id='word_1_560' title='bbox 2456 2542 2708 2598; x_wconf 91' lang='lat' dir='ltr'><strong>omnibus</strong></span> <span class='ocrx_word' id='word_1_561' title='bbox 2754 2542 2950 2600; x_wconf 91' lang='lat' dir='ltr'><strong>electio</strong></span> <span class='ocrx_word' id='word_1_562' title='bbox 2994 2545 3156 2601; x_wconf 87' lang='lat' dir='ltr'><strong>simul</strong></span> <span class='ocrx_word' id='word_1_563' title='bbox 3181 2556 3237 2601; x_wconf 86' lang='lat' dir='ltr'><strong>et</strong></span> <span class='ocrx_word' id='word_1_564' title='bbox 3272 2545 3452 2601; x_wconf 79' lang='lat' dir='ltr'><strong>accla-</strong></span> 
     </span>
    </p>
   </div>
   <div class='ocr_carea' id='block_1_84' title="bbox 1869 2633 3449 2706">
    <p class='ocr_par' dir='ltr' id='par_1_84' title="bbox 1869 2633 3449 2706">
     <span class='ocr_line' id='line_1_84' title="bbox 1869 2633 3449 2706; baseline 0.005 -20"><span class='ocrx_word' id='word_1_565' title='bbox 1869 2633 2035 2687; x_wconf 90' lang='lat' dir='ltr'><strong>matio</strong></span> <span class='ocrx_word' id='word_1_566' title='bbox 2072 2635 2341 2703; x_wconf 62' lang='lat' dir='ltr'><strong>praedictae</strong></span> <span class='ocrx_word' id='word_1_567' title='bbox 2373 2637 2808 2706; x_wconf 88' lang='lat' dir='ltr'><strong>congregationis</strong></span> <span class='ocrx_word' id='word_1_568' title='bbox 2862 2640 3192 2695; x_wconf 89' lang='lat' dir='ltr'><strong>concordare</strong></span> <span class='ocrx_word' id='word_1_569' title='bbox 3235 2639 3449 2695; x_wconf 86' lang='lat' dir='ltr'><strong>videtur</strong></span> 
     </span>
    </p>
   </div>
   <div class='ocr_carea' id='block_1_85' title="bbox 1867 2723 3448 2802">
    <p class='ocr_par' dir='ltr' id='par_1_85' title="bbox 1867 2723 3448 2802">
     <span class='ocr_line' id='line_1_85' title="bbox 1867 2723 3448 2802; baseline 0.005 -24"><span class='ocrx_word' id='word_1_570' title='bbox 1867 2723 1924 2778; x_wconf 92' lang='lat' dir='ltr'><strong>in</strong></span> <span class='ocrx_word' id='word_1_571' title='bbox 1959 2725 2169 2791; x_wconf 88' lang='lat' dir='ltr'><strong>melius,</strong></span> <span class='ocrx_word' id='word_1_572' title='bbox 2194 2742 2258 2780; x_wconf 90' lang='lat' dir='ltr'><strong>eo</strong></span> <span class='ocrx_word' id='word_1_573' title='bbox 2286 2736 2474 2783; x_wconf 89' lang='lat' dir='ltr'><strong>tenore</strong></span> <span class='ocrx_word' id='word_1_574' title='bbox 2500 2728 2770 2795; x_wconf 84' lang='lat' dir='ltr'><strong>videlicet,</strong></span> <span class='ocrx_word' id='word_1_575' title='bbox 2796 2738 2854 2785; x_wconf 91' lang='lat' dir='ltr'><strong>ut</strong></span> <span class='ocrx_word' id='word_1_576' title='bbox 2874 2731 3168 2786; x_wconf 87' lang='lat' dir='ltr'><strong>secundum</strong></span> <span class='ocrx_word' id='word_1_577' title='bbox 3209 2730 3448 2802; x_wconf 82' lang='lat' dir='ltr'><strong>regulam</strong></span> 
     </span>
    </p>
   </div>
   <div class='ocr_carea' id='block_1_86' title="bbox 1868 2815 3449 2890">
    <p class='ocr_par' dir='ltr' id='par_1_86' title="bbox 1868 2815 3449 2890">
     <span class='ocr_line' id='line_1_86' title="bbox 1868 2815 3449 2890; baseline 0.006 -20"><span class='ocrx_word' id='word_1_578' title='bbox 1868 2817 2043 2871; x_wconf 90' lang='lat' dir='ltr'><strong>sancti</strong></span> <span class='ocrx_word' id='word_1_579' title='bbox 2094 2815 2393 2885; x_wconf 88' lang='lat' dir='ltr'><strong>Benedicti,</strong></span> <span class='ocrx_word' id='word_1_580' title='bbox 2440 2821 2532 2890; x_wconf 87' lang='lat' dir='ltr'><strong>qui</strong></span> <span class='ocrx_word' id='word_1_581' title='bbox 2583 2830 2668 2876; x_wconf 91' lang='lat' dir='ltr'><strong>est</strong></span> <span class='ocrx_word' id='word_1_582' title='bbox 2713 2821 2893 2887; x_wconf 88' lang='lat' dir='ltr'><strong>Pater,</strong></span> <span class='ocrx_word' id='word_1_583' title='bbox 2922 2832 2976 2877; x_wconf 90' lang='lat' dir='ltr'><strong>et</strong></span> <span class='ocrx_word' id='word_1_584' title='bbox 3018 2822 3123 2877; x_wconf 83' lang='lat' dir='ltr'><strong>dux</strong></span> <span class='ocrx_word' id='word_1_585' title='bbox 3150 2823 3449 2879; x_wconf 77' lang='lat' dir='ltr'><strong>advocatus</strong></span> 
     </span>
    </p>
   </div>
   <div class='ocr_carea' id='block_1_87' title="bbox 1868 2915 3445 2983">
    <p class='ocr_par' dir='ltr' id='par_1_87' title="bbox 1868 2915 3445 2983">
     <span class='ocr_line' id='line_1_87' title="bbox 1868 2915 3445 2983; baseline 0.004 -18"><span class='ocrx_word' id='word_1_586' title='bbox 1868 2925 2081 2981; x_wconf 89' lang='lat' dir='ltr'><strong>quoque</strong></span> <span class='ocrx_word' id='word_1_587' title='bbox 2109 2921 2231 2982; x_wconf 90' lang='lat' dir='ltr'><strong>post</strong></span> <span class='ocrx_word' id='word_1_588' title='bbox 2256 2915 2444 2980; x_wconf 92' lang='lat' dir='ltr'><strong>Deum,</strong></span> <span class='ocrx_word' id='word_1_589' title='bbox 2473 2916 2714 2971; x_wconf 91' lang='lat' dir='ltr'><strong>omnium</strong></span> <span class='ocrx_word' id='word_1_590' title='bbox 2764 2916 2997 2973; x_wconf 83' lang='lat' dir='ltr'><strong>ﬁdelium</strong></span> <span class='ocrx_word' id='word_1_591' title='bbox 3033 2918 3445 2983; x_wconf 91' lang='lat' dir='ltr'><strong>monachorum,</strong></span> 
     </span>
    </p>
   </div>
   <div class='ocr_carea' id='block_1_88' title="bbox 1871 3004 3449 3078">
    <p class='ocr_par' dir='ltr' id='par_1_88' title="bbox 1871 3004 3449 3078">
     <span class='ocr_line' id='line_1_88' title="bbox 1871 3004 3449 3078; baseline 0.006 -23"><span class='ocrx_word' id='word_1_592' title='bbox 1871 3010 1981 3057; x_wconf 91' lang='lat' dir='ltr'><strong>tam</strong></span> <span class='ocrx_word' id='word_1_593' title='bbox 2006 3004 2057 3057; x_wconf 92' lang='lat' dir='ltr'><strong>in</strong></span> <span class='ocrx_word' id='word_1_594' title='bbox 2084 3004 2185 3059; x_wconf 92' lang='lat' dir='ltr'><strong>hoc</strong></span> <span class='ocrx_word' id='word_1_595' title='bbox 2219 3006 2417 3061; x_wconf 72' lang='lat' dir='ltr'><strong>smcnlo</strong></span> <span class='ocrx_word' id='word_1_596' title='bbox 2442 3022 2603 3077; x_wconf 88' lang='lat' dir='ltr'><strong>quam</strong></span> <span class='ocrx_word' id='word_1_597' title='bbox 2636 3008 2688 3063; x_wconf 92' lang='lat' dir='ltr'><strong>in</strong></span> <span class='ocrx_word' id='word_1_598' title='bbox 2737 3007 2938 3078; x_wconf 91' lang='lat' dir='ltr'><strong>futuro,</strong></span> <span class='ocrx_word' id='word_1_599' title='bbox 2968 3009 3019 3064; x_wconf 92' lang='lat' dir='ltr'><strong>in</strong></span> <span class='ocrx_word' id='word_1_600' title='bbox 3047 3009 3294 3065; x_wconf 90' lang='lat' dir='ltr'><strong>omnibus</strong></span> <span class='ocrx_word' id='word_1_601' title='bbox 3319 3025 3449 3066; x_wconf 77' lang='lat' dir='ltr'><strong>con-</strong></span> 
     </span>
    </p>
   </div>
   <div class='ocr_carea' id='block_1_89' title="bbox 1867 3096 3449 3173">
    <p class='ocr_par' dir='ltr' id='par_1_89' title="bbox 1867 3096 3449 3173">
     <span class='ocr_line' id='line_1_89' title="bbox 1867 3096 3449 3173; baseline 0.007 -25"><span class='ocrx_word' id='word_1_602' title='bbox 1867 3096 2073 3150; x_wconf 88' lang='lat' dir='ltr'><strong>versari</strong></span> <span class='ocrx_word' id='word_1_603' title='bbox 2092 3111 2190 3167; x_wconf 92' lang='lat' dir='ltr'><strong>pro</strong></span> <span class='ocrx_word' id='word_1_604' title='bbox 2218 3111 2376 3166; x_wconf 89' lang='lat' dir='ltr'><strong>posse</strong></span> <span class='ocrx_word' id='word_1_605' title='bbox 2401 3107 2457 3152; x_wconf 93' lang='lat' dir='ltr'><strong>et</strong></span> <span class='ocrx_word' id='word_1_606' title='bbox 2481 3114 2642 3154; x_wconf 90' lang='lat' dir='ltr'><strong>nosse</strong></span> <span class='ocrx_word' id='word_1_607' title='bbox 2664 3100 2899 3166; x_wconf 88' lang='lat' dir='ltr'><strong>studeat,</strong></span> <span class='ocrx_word' id='word_1_608' title='bbox 2925 3108 2979 3156; x_wconf 93' lang='lat' dir='ltr'><strong>et</strong></span> <span class='ocrx_word' id='word_1_609' title='bbox 2998 3102 3255 3171; x_wconf 88' lang='lat' dir='ltr'><strong>prodesse</strong></span> <span class='ocrx_word' id='word_1_610' title='bbox 3276 3101 3449 3173; x_wconf 82' lang='lat' dir='ltr'><strong>magis</strong></span> 
     </span>
    </p>
   </div>
   <div class='ocr_carea' id='block_1_90' title="bbox 1871 3193 3451 3261">
    <p class='ocr_par' dir='ltr' id='par_1_90' title="bbox 1871 3193 3451 3261">
     <span class='ocr_line' id='line_1_90' title="bbox 1871 3193 3451 3261; baseline 0.008 -21"><span class='ocrx_word' id='word_1_611' title='bbox 1871 3202 2034 3256; x_wconf 91' lang='lat' dir='ltr'><strong>quam</strong></span> <span class='ocrx_word' id='word_1_612' title='bbox 2092 3204 2323 3258; x_wconf 64' lang='lat' dir='ltr'><strong>praeesse</strong></span> <span class='ocrx_word' id='word_1_613' title='bbox 2354 3200 2587 3261; x_wconf 86' lang='lat' dir='ltr'><strong>satagat,</strong></span> <span class='ocrx_word' id='word_1_614' title='bbox 2618 3201 2673 3249; x_wconf 88' lang='lat' dir='ltr'><strong>et</strong></span> <span class='ocrx_word' id='word_1_615' title='bbox 2711 3193 2891 3248; x_wconf 78' lang='lat' dir='ltr'><strong>oiitnia</strong></span> <span class='ocrx_word' id='word_1_616' title='bbox 2920 3210 3043 3250; x_wconf 92' lang='lat' dir='ltr'><strong>cum</strong></span> <span class='ocrx_word' id='word_1_617' title='bbox 3088 3195 3313 3251; x_wconf 84' lang='lat' dir='ltr'><strong>consilio</strong></span> <span class='ocrx_word' id='word_1_618' title='bbox 3341 3197 3451 3252; x_wconf 85' lang='lat' dir='ltr'><strong>fra-</strong></span> 
     </span>
    </p>
   </div>
   <div class='ocr_carea' id='block_1_91' title="bbox 1873 3278 3447 3355">
    <p class='ocr_par' dir='ltr' id='par_1_91' title="bbox 1873 3278 3447 3355">
     <span class='ocr_line' id='line_1_91' title="bbox 1873 3278 3447 3355; baseline 0.006 -24"><span class='ocrx_word' id='word_1_619' title='bbox 1873 3286 2012 3333; x_wconf 91' lang='lat' dir='ltr'><strong>trum</strong></span> <span class='ocrx_word' id='word_1_620' title='bbox 2071 3278 2372 3334; x_wconf 91' lang='lat' dir='ltr'><strong>timentium</strong></span> <span class='ocrx_word' id='word_1_621' title='bbox 2414 3280 2603 3347; x_wconf 89' lang='lat' dir='ltr'><strong>Deum,</strong></span> <span class='ocrx_word' id='word_1_622' title='bbox 2656 3282 2879 3353; x_wconf 80' lang='lat' dir='ltr'><strong>provide</strong></span> <span class='ocrx_word' id='word_1_623' title='bbox 2923 3294 2978 3339; x_wconf 90' lang='lat' dir='ltr'><strong>et</strong></span> <span class='ocrx_word' id='word_1_624' title='bbox 2991 3285 3137 3354; x_wconf 89' lang='lat' dir='ltr'><strong>juste</strong></span> <span class='ocrx_word' id='word_1_625' title='bbox 3164 3286 3447 3355; x_wconf 83' lang='lat' dir='ltr'><strong>disponat;</strong></span> 
     </span>
    </p>
   </div>
   <div class='ocr_carea' id='block_1_92' title="bbox 1869 3372 3451 3447">
    <p class='ocr_par' dir='ltr' id='par_1_92' title="bbox 1869 3372 3451 3447">
     <span class='ocr_line' id='line_1_92' title="bbox 1869 3372 3451 3447; baseline 0.007 -26"><span class='ocrx_word' id='word_1_626' title='bbox 1869 3379 1927 3422; x_wconf 90' lang='lat' dir='ltr'><strong>ut</strong></span> <span class='ocrx_word' id='word_1_627' title='bbox 1951 3385 2073 3424; x_wconf 92' lang='lat' dir='ltr'><strong>cum</strong></span> <span class='ocrx_word' id='word_1_628' title='bbox 2120 3372 2329 3426; x_wconf 90' lang='lat' dir='ltr'><strong>venerit</strong></span> <span class='ocrx_word' id='word_1_629' title='bbox 2365 3373 2557 3428; x_wconf 82' lang='lat' dir='ltr'><strong>Pastor</strong></span> <span class='ocrx_word' id='word_1_630' title='bbox 2607 3384 2883 3445; x_wconf 87' lang='lat' dir='ltr'><strong>pastorum</strong></span> <span class='ocrx_word' id='word_1_631' title='bbox 2915 3374 2967 3446; x_wconf 87' lang='grc' dir='ltr'><strong>(Ι</strong></span> <span class='ocrx_word' id='word_1_632' title='bbox 3003 3376 3146 3430; x_wconf 86' lang='lat' dir='ltr'><strong>Petr.</strong></span> <span class='ocrx_word' id='word_1_633' title='bbox 3178 3392 3233 3441; x_wconf 93' lang='lat' dir='ltr'><strong>v,</strong></span> <span class='ocrx_word' id='word_1_634' title='bbox 3258 3376 3336 3447; x_wconf 69' lang='grc'><strong>1),</strong></span> <span class='ocrx_word' id='word_1_635' title='bbox 3361 3374 3451 3432; x_wconf 85' lang='lat' dir='ltr'><strong>cui</strong></span> 
     </span>
    </p>
   </div>
   <div class='ocr_carea' id='block_1_93' title="bbox 1868 3461 3447 3533">
    <p class='ocr_par' dir='ltr' id='par_1_93' title="bbox 1868 3461 3447 3533">
     <span class='ocr_line' id='line_1_93' title="bbox 1868 3461 3447 3533; baseline 0.004 -18"><span class='ocrx_word' id='word_1_636' title='bbox 1868 3461 2179 3518; x_wconf 87' lang='lat' dir='ltr'><strong>redditurus</strong></span> <span class='ocrx_word' id='word_1_637' title='bbox 2205 3472 2291 3518; x_wconf 90' lang='lat' dir='ltr'><strong>est</strong></span> <span class='ocrx_word' id='word_1_638' title='bbox 2320 3464 2585 3519; x_wconf 85' lang='lat' dir='ltr'><strong>ratiunem</strong></span> <span class='ocrx_word' id='word_1_639' title='bbox 2608 3465 2671 3519; x_wconf 92' lang='lat' dir='ltr'><strong>de</strong></span> <span class='ocrx_word' id='word_1_640' title='bbox 2692 3464 2978 3521; x_wconf 91' lang='lat' dir='ltr'><strong>animabus</strong></span> <span class='ocrx_word' id='word_1_641' title='bbox 2997 3466 3097 3521; x_wconf 90' lang='lat' dir='ltr'><strong>sibi</strong></span> <span class='ocrx_word' id='word_1_642' title='bbox 3123 3466 3447 3533; x_wconf 81' lang='lat' dir='ltr'><strong>commissis,</strong></span> 
     </span>
    </p>
   </div>
   <div class='ocr_carea' id='block_1_94' title="bbox 1867 3552 3450 3626">
    <p class='ocr_par' dir='ltr' id='par_1_94' title="bbox 1867 3552 3450 3626">
     <span class='ocr_line' id='line_1_94' title="bbox 1867 3552 3450 3626; baseline 0.004 -20"><span class='ocrx_word' id='word_1_643' title='bbox 1867 3552 2045 3608; x_wconf 88' lang='lat' dir='ltr'><strong>addita</strong></span> <span class='ocrx_word' id='word_1_644' title='bbox 2096 3562 2150 3607; x_wconf 90' lang='lat' dir='ltr'><strong>et</strong></span> <span class='ocrx_word' id='word_1_645' title='bbox 2198 3570 2307 3610; x_wconf 69' lang='lat' dir='ltr'><strong>sua:</strong></span> <span class='ocrx_word' id='word_1_646' title='bbox 2355 3555 2571 3622; x_wconf 78' lang='lat' dir='ltr'><strong>animae,</strong></span> <span class='ocrx_word' id='word_1_647' title='bbox 2604 3555 2793 3610; x_wconf 91' lang='lat' dir='ltr'><strong>audire</strong></span> <span class='ocrx_word' id='word_1_648' title='bbox 2842 3557 3139 3626; x_wconf 86' lang='lat' dir='ltr'><strong>gaudenter</strong></span> <span class='ocrx_word' id='word_1_649' title='bbox 3178 3566 3450 3613; x_wconf 86' lang='lat' dir='ltr'><strong>mereatur</strong></span> 
     </span>
    </p>
   </div>
   <div class='ocr_carea' id='block_1_95' title="bbox 1867 3642 3449 3716">
    <p class='ocr_par' dir='ltr' id='par_1_95' title="bbox 1867 3642 3449 3716">
     <span class='ocr_line' id='line_1_95' title="bbox 1867 3642 3449 3716; baseline 0.007 -24"><span class='ocrx_word' id='word_1_650' title='bbox 1867 3642 2009 3710; x_wconf 91' lang='lat' dir='ltr'><strong>quod</strong></span> <span class='ocrx_word' id='word_1_651' title='bbox 2038 3657 2227 3698; x_wconf 85' lang='lat' dir='ltr'><strong>servus</strong></span> <span class='ocrx_word' id='word_1_652' title='bbox 2270 3643 2464 3712; x_wconf 85' lang='lat' dir='ltr'><strong>bonus,</strong></span> <span class='ocrx_word' id='word_1_653' title='bbox 2491 3644 2584 3713; x_wconf 92' lang='lat' dir='ltr'><strong>qui</strong></span> <span class='ocrx_word' id='word_1_654' title='bbox 2631 3644 2875 3716; x_wconf 87' lang='lat' dir='ltr'><strong>erogavit</strong></span> <span class='ocrx_word' id='word_1_655' title='bbox 2902 3645 3160 3700; x_wconf 90' lang='lat' dir='ltr'><strong>talentum</strong></span> <span class='ocrx_word' id='word_1_656' title='bbox 3193 3647 3293 3701; x_wconf 89' lang='lat' dir='ltr'><strong>sibi</strong></span> <span class='ocrx_word' id='word_1_657' title='bbox 3324 3661 3449 3703; x_wconf 86' lang='lat' dir='ltr'><strong>cre-</strong></span> 
     </span>
    </p>
   </div>
   <div class='ocr_carea' id='block_1_96' title="bbox 1866 3734 3450 3809">
    <p class='ocr_par' dir='ltr' id='par_1_96' title="bbox 1866 3734 3450 3809">
     <span class='ocr_line' id='line_1_96' title="bbox 1866 3734 3450 3809; baseline 0.001 -20"><span class='ocrx_word' id='word_1_658' title='bbox 1866 3734 2035 3789; x_wconf 90' lang='lat' dir='ltr'><strong>ditum</strong></span> <span class='ocrx_word' id='word_1_659' title='bbox 2082 3734 2360 3790; x_wconf 91' lang='lat' dir='ltr'><strong>conservis</strong></span> <span class='ocrx_word' id='word_1_660' title='bbox 2395 3736 2507 3791; x_wconf 87' lang='lat' dir='ltr'><strong>suis</strong></span> <span class='ocrx_word' id='word_1_661' title='bbox 2553 3737 2605 3791; x_wconf 91' lang='lat' dir='ltr'><strong>in</strong></span> <span class='ocrx_word' id='word_1_662' title='bbox 2644 3745 2886 3808; x_wconf 89' lang='lat' dir='ltr'><strong>tempore</strong></span> <span class='ocrx_word' id='word_1_663' title='bbox 2923 3754 3039 3793; x_wconf 91' lang='lat' dir='ltr'><strong>suo.</strong></span> <span class='ocrx_word' id='word_1_664' title='bbox 3084 3737 3255 3809; x_wconf 83' lang='lat' dir='ltr'><strong>Euge,</strong></span> <span class='ocrx_word' id='word_1_665' title='bbox 3304 3753 3450 3792; x_wconf 83' lang='lat' dir='ltr'><strong>serve</strong></span> 
     </span>
    </p>
   </div>
   <div class='ocr_carea' id='block_1_97' title="bbox 1867 3824 3446 3902">
    <p class='ocr_par' dir='ltr' id='par_1_97' title="bbox 1867 3824 3446 3902">
     <span class='ocr_line' id='line_1_97' title="bbox 1867 3824 3446 3902; baseline 0.005 -23"><span class='ocrx_word' id='word_1_666' title='bbox 1867 3824 1996 3879; x_wconf 87' lang='lat' dir='ltr'><strong>bone</strong></span> <span class='ocrx_word' id='word_1_667' title='bbox 2023 3834 2071 3880; x_wconf 85' lang='lat' dir='ltr'><strong>et</strong></span> <span class='ocrx_word' id='word_1_668' title='bbox 2109 3825 2308 3895; x_wconf 81' lang='lat' dir='ltr'><strong>ﬁdelis,</strong></span> <span class='ocrx_word' id='word_1_669' title='bbox 2335 3826 2475 3881; x_wconf 85' lang='lat' dir='ltr'><strong>intra</strong></span> <span class='ocrx_word' id='word_1_670' title='bbox 2523 3828 2579 3883; x_wconf 86' lang='lat' dir='ltr'><strong>in</strong></span> <span class='ocrx_word' id='word_1_671' title='bbox 2624 3830 2878 3900; x_wconf 84' lang='lat' dir='ltr'><strong>gaudium</strong></span> <span class='ocrx_word' id='word_1_672' title='bbox 2933 3829 3146 3885; x_wconf 83' lang='lat' dir='ltr'><strong>Domini</strong></span> <span class='ocrx_word' id='word_1_673' title='bbox 3192 3830 3267 3884; x_wconf 88' lang='lat' dir='ltr'><strong>tui</strong></span> <span class='ocrx_word' id='word_1_674' title='bbox 3292 3828 3446 3902; x_wconf 70' lang='lat' dir='ltr'><strong>(Luc.</strong></span> 
     </span>
    </p>
   </div>
   <div class='ocr_carea' id='block_1_98' title="bbox 1864 3921 2114 3993">
    <p class='ocr_par' dir='ltr' id='par_1_98' title="bbox 1864 3921 2114 3993">
     <span class='ocr_line' id='line_1_98' title="bbox 1864 3921 2114 3993; baseline 0.008 -18"><span class='ocrx_word' id='word_1_675' title='bbox 1864 3935 1979 3988; x_wconf 66' lang='grc' dir='ltr'><strong>ιιι,</strong></span> <span class='ocrx_word' id='word_1_676' title='bbox 2004 3921 2114 3993; x_wconf 85' lang='grc'><strong>17).</strong></span> 
     </span>
    </p>
   </div>
   <div class='ocr_carea' id='block_1_99' title="bbox 1946 4012 2759 4090">
    <p class='ocr_par' dir='ltr' id='par_1_99' title="bbox 1946 4012 2759 4090">
     <span class='ocr_line' id='line_1_99' title="bbox 1946 4012 2759 4090; baseline 0.012 -23"><span class='ocrx_word' id='word_1_677' title='bbox 1946 4031 1965 4067; x_wconf 82' lang='grc' dir='ltr'>ι</span> <span class='ocrx_word' id='word_1_678' title='bbox 1996 4012 2222 4085; x_wconf 87' lang='lat' dir='ltr'><strong>Signum</strong></span> <span class='ocrx_word' id='word_1_679' title='bbox 2246 4014 2466 4073; x_wconf 82' lang='lat' dir='ltr'><strong>Widoni</strong></span> <span class='ocrx_word' id='word_1_680' title='bbox 2497 4018 2759 4090; x_wconf 86' lang='lat' dir='ltr'><strong>episcopi.</strong></span> 
     </span>
    </p>
   </div>
   <div class='ocr_carea' id='block_1_100' title="bbox 1943 4104 3054 4183">
    <p class='ocr_par' dir='ltr' id='par_1_100' title="bbox 1943 4104 3054 4183">
     <span class='ocr_line' id='line_1_100' title="bbox 1943 4104 3054 4183; baseline 0.007 -26"><span class='ocrx_word' id='word_1_681' title='bbox 1943 4122 1962 4157; x_wconf 82' lang='grc'><em>‹</em></span> <span class='ocrx_word' id='word_1_682' title='bbox 1996 4104 2221 4176; x_wconf 86' lang='lat' dir='ltr'><strong>Signum</strong></span> <span class='ocrx_word' id='word_1_683' title='bbox 2252 4106 2507 4165; x_wconf 88' lang='lat' dir='ltr'><strong>Fulconis</strong></span> <span class='ocrx_word' id='word_1_684' title='bbox 2546 4109 2730 4183; x_wconf 84' lang='lat' dir='ltr'><strong>inclyti</strong></span> <span class='ocrx_word' id='word_1_685' title='bbox 2761 4112 2998 4170; x_wconf 88' lang='lat' dir='ltr'><strong>comitis.</strong></span> <span class='ocrx_word' id='word_1_686' title='bbox 3035 4132 3054 4165; x_wconf 75' lang='grc' dir='ltr'><strong>ι</strong></span> 
     </span>
    </p>
   </div>
   <div class='ocr_carea' id='block_1_101' title="bbox 1937 4196 3447 4275">
    <p class='ocr_par' dir='ltr' id='par_1_101' title="bbox 1937 4196 3447 4275">
     <span class='ocr_line' id='line_1_101' title="bbox 1937 4196 3447 4275; baseline 0.008 -26"><span class='ocrx_word' id='word_1_687' title='bbox 1937 4196 2158 4254; x_wconf 77' lang='lat' dir='ltr'><strong>Minime</strong></span> <span class='ocrx_word' id='word_1_688' title='bbox 2190 4207 2274 4253; x_wconf 88' lang='lat' dir='ltr'><strong>est</strong></span> <span class='ocrx_word' id='word_1_689' title='bbox 2320 4200 2677 4256; x_wconf 89' lang='lat' dir='ltr'><strong>omittendum</strong></span> <span class='ocrx_word' id='word_1_690' title='bbox 2734 4202 2990 4259; x_wconf 86' lang='lat' dir='ltr'><strong>Ludovici</strong></span> <span class='ocrx_word' id='word_1_691' title='bbox 3021 4218 3146 4260; x_wconf 89' lang='lat' dir='ltr'><strong>vere</strong></span> <span class='ocrx_word' id='word_1_692' title='bbox 3172 4203 3250 4258; x_wconf 87' lang='lat' dir='ltr'><strong>Pii</strong></span> <span class='ocrx_word' id='word_1_693' title='bbox 3275 4203 3447 4275; x_wconf 79' lang='lat' dir='ltr'><strong>impe-</strong></span> 
     </span>
    </p>
   </div>
   <div class='ocr_carea' id='block_1_102' title="bbox 1864 4287 3445 4364">
    <p class='ocr_par' dir='ltr' id='par_1_102' title="bbox 1864 4287 3445 4364">
     <span class='ocr_line' id='line_1_102' title="bbox 1864 4287 3445 4364; baseline 0.004 -22"><span class='ocrx_word' id='word_1_694' title='bbox 1864 4287 2064 4342; x_wconf 87' lang='lat' dir='ltr'><strong>ratoris</strong></span> <span class='ocrx_word' id='word_1_695' title='bbox 2092 4290 2371 4360; x_wconf 85' lang='lat' dir='ltr'><strong>egregium</strong></span> <span class='ocrx_word' id='word_1_696' title='bbox 2394 4291 2718 4347; x_wconf 69' lang='lat' dir='ltr'><strong>Christiana:</strong></span> <span class='ocrx_word' id='word_1_697' title='bbox 2749 4294 2965 4362; x_wconf 85' lang='lat' dir='ltr'><strong>pietatis</strong></span> <span class='ocrx_word' id='word_1_698' title='bbox 2996 4294 3445 4364; x_wconf 89' lang='lat' dir='ltr'><strong>specimen,qnod</strong></span> 
     </span>
    </p>
   </div>
   <div class='ocr_carea' id='block_1_103' title="bbox 1862 4379 3442 4452">
    <p class='ocr_par' dir='ltr' id='par_1_103' title="bbox 1862 4379 3442 4452">
     <span class='ocr_line' id='line_1_103' title="bbox 1862 4379 3442 4452; baseline 0.003 -19"><span class='ocrx_word' id='word_1_699' title='bbox 1862 4380 2125 4433; x_wconf 89' lang='lat' dir='ltr'><strong>hactenus</strong></span> <span class='ocrx_word' id='word_1_700' title='bbox 2158 4379 2209 4432; x_wconf 91' lang='lat' dir='ltr'><strong>in</strong></span> <span class='ocrx_word' id='word_1_701' title='bbox 2257 4380 2697 4452; x_wconf 81' lang='lat' dir='ltr'><strong>clmrtophylacio</strong></span> <span class='ocrx_word' id='word_1_702' title='bbox 2745 4383 2977 4437; x_wconf 63' lang='lat' dir='ltr'><strong>caenobii</strong></span> <span class='ocrx_word' id='word_1_703' title='bbox 3009 4384 3232 4438; x_wconf 72' lang='lat' dir='ltr'><strong>Anianze</strong></span> <span class='ocrx_word' id='word_1_704' title='bbox 3261 4382 3442 4451; x_wconf 74' lang='lat' dir='ltr'><strong>latuit,</strong></span> 
     </span>
    </p>
   </div>
   <div class='ocr_carea' id='block_1_104' title="bbox 1865 4469 3123 4540">
    <p class='ocr_par' dir='ltr' id='par_1_104' title="bbox 1865 4469 3123 4540">
     <span class='ocr_line' id='line_1_104' title="bbox 1865 4469 3123 4540; baseline 0.005 -17"><span class='ocrx_word' id='word_1_705' title='bbox 1865 4469 2104 4540; x_wconf 87' lang='lat' dir='ltr'><strong>illudque</strong></span> <span class='ocrx_word' id='word_1_706' title='bbox 2133 4471 2275 4525; x_wconf 89' lang='lat' dir='ltr'><strong>eruit</strong></span> <span class='ocrx_word' id='word_1_707' title='bbox 2298 4485 2484 4528; x_wconf 70' lang='lat' dir='ltr'><strong>nosmr</strong></span> <span class='ocrx_word' id='word_1_708' title='bbox 2512 4472 2769 4529; x_wconf 85' lang='lat' dir='ltr'><strong>Claudius</strong></span> <span class='ocrx_word' id='word_1_709' title='bbox 2799 4474 3123 4530; x_wconf 90' lang='lat' dir='ltr'><strong>Chantelou.</strong></span> 
     </span>
    </p>
   </div>
   <div class='ocr_carea' id='block_1_105' title="bbox 1865 4583 3489 4669">
    <p class='ocr_par' dir='ltr' id='par_1_105' title="bbox 1865 4583 3489 4669">
     <span class='ocr_line' id='line_1_105' title="bbox 1865 4583 3489 4669; baseline 0.004 -31"><span class='ocrx_word' id='word_1_710' title='bbox 1865 4583 2103 4669; x_wconf 64' lang='lat' dir='ltr'><strong>Epistula</strong></span> <span class='ocrx_word' id='word_1_711' title='bbox 2151 4585 2401 4640; x_wconf 78' lang='lat' dir='ltr'><strong>Ludovici</strong></span> <span class='ocrx_word' id='word_1_712' title='bbox 2444 4587 2795 4669; x_wconf 64' lang='lat' dir='ltr'><strong>imperatoris,</strong></span> <span class='ocrx_word' id='word_1_713' title='bbox 2843 4588 3303 4669; x_wconf 37' lang='lat' dir='ltr'><strong>adHAniqpensesl,</strong></span> <span class='ocrx_word' id='word_1_714' title='bbox 3341 4605 3447 4669; x_wconf 58' lang='lat' dir='ltr'><strong>seu</strong></span> <span class='ocrx_word' id='word_1_715' title='bbox 3478 4648 3489 4669; x_wconf 46' lang='lat'><strong><em>.</em></strong></span> 
     </span>
    </p>
   </div>
   <div class='ocr_carea' id='block_1_106' title="bbox 1904 4602 3407 4720">
    <p class='ocr_par' dir='ltr' id='par_1_106' title="bbox 1904 4602 3407 4720">
     <span class='ocr_line' id='line_1_106' title="bbox 1904 4602 3407 4657; baseline 0.005 -21"><span class='ocrx_word' id='word_1_716' title='bbox 1904 4620 1909 4636; x_wconf 88' lang='lat'>.</span> <span class='ocrx_word' id='word_1_717' title='bbox 1951 4602 2103 4638; x_wconf 79' lang='lat' dir='ltr'><strong>mota</strong></span> <span class='ocrx_word' id='word_1_718' title='bbox 2151 4602 2399 4640; x_wconf 74' lang='lat' dir='ltr'><strong>Luaorm</strong></span> <span class='ocrx_word' id='word_1_719' title='bbox 2444 4602 2795 4657; x_wconf 75' lang='lat' dir='ltr'><strong>imperatoris,</strong></span> <span class='ocrx_word' id='word_1_720' title='bbox 2843 4602 2911 4642; x_wconf 87' lang='lat' dir='ltr'><strong>aa</strong></span> <span class='ocrx_word' id='word_1_721' title='bbox 2960 4602 3303 4654; x_wconf 67' lang='lat' dir='ltr'><strong>antunenses,</strong></span> <span class='ocrx_word' id='word_1_722' title='bbox 3354 4605 3407 4644; x_wconf 85' lang='lat' dir='ltr'><strong>se</strong></span> 
     </span>
     <span class='ocr_line' id='line_1_107' title="bbox 1904 4602 3407 4720; baseline 0.005 -12"><span class='ocrx_word' id='word_1_723' title='bbox 1904 4602 2235 4711; x_wconf 52' lang='lat' dir='ltr'><strong>Eetioneuses</strong></span> <span class='ocrx_word' id='word_1_724' title='bbox 2263 4658 2563 4720; x_wconf 84' lang='lat' dir='ltr'><strong>monachos,</strong></span> <span class='ocrx_word' id='word_1_725' title='bbox 2589 4665 2652 4712; x_wconf 86' lang='lat' dir='ltr'><strong>de</strong></span> <span class='ocrx_word' id='word_1_726' title='bbox 2680 4659 2840 4713; x_wconf 83' lang='lat' dir='ltr'><strong>electo</strong></span> <span class='ocrx_word' id='word_1_727' title='bbox 2869 4660 3051 4713; x_wconf 79' lang='lat' dir='ltr'><strong>abbate</strong></span> <span class='ocrx_word' id='word_1_728' title='bbox 3077 4657 3407 4715; x_wconf 82' lang='lat' dir='ltr'><strong>Trutesindo.</strong></span> 
     </span>
    </p>
   </div>
   <div class='ocr_carea' id='block_1_107' title="bbox 1937 4748 3446 4812">
    <p class='ocr_par' dir='ltr' id='par_1_107' title="bbox 1937 4748 3446 4812">
     <span class='ocr_line' id='line_1_108' title="bbox 1937 4748 3446 4812; baseline 0.007 -10"><span class='ocrx_word' id='word_1_729' title='bbox 1937 4748 1993 4803; x_wconf 94' lang='lat' dir='ltr'><strong>ln</strong></span> <span class='ocrx_word' id='word_1_730' title='bbox 2037 4750 2257 4805; x_wconf 89' lang='lat' dir='ltr'><strong>nomine</strong></span> <span class='ocrx_word' id='word_1_731' title='bbox 2307 4748 2518 4806; x_wconf 81' lang='lat' dir='ltr'><strong>Domini</strong></span> <span class='ocrx_word' id='word_1_732' title='bbox 2560 4752 2654 4807; x_wconf 88' lang='lat' dir='ltr'><strong>Dei</strong></span> <span class='ocrx_word' id='word_1_733' title='bbox 2693 4763 2748 4809; x_wconf 91' lang='lat' dir='ltr'><strong>et</strong></span> <span class='ocrx_word' id='word_1_734' title='bbox 2793 4753 3090 4810; x_wconf 81' lang='lat' dir='ltr'><strong>Salvatoris</strong></span> <span class='ocrx_word' id='word_1_735' title='bbox 3120 4757 3287 4811; x_wconf 89' lang='lat' dir='ltr'><strong>nostri</strong></span> <span class='ocrx_word' id='word_1_736' title='bbox 3318 4753 3446 4812; x_wconf 84' lang='lat' dir='ltr'><strong>Jesu</strong></span> 
     </span>
    </p>
   </div>
   <div class='ocr_carea' id='block_1_108' title="bbox 1865 4840 3443 4919">
    <p class='ocr_par' dir='ltr' id='par_1_108' title="bbox 1865 4840 3443 4919">
     <span class='ocr_line' id='line_1_109' title="bbox 1865 4840 3443 4919; baseline 0.004 -22"><span class='ocrx_word' id='word_1_737' title='bbox 1865 4840 2089 4909; x_wconf 89' lang='lat' dir='ltr'><strong>Christi,</strong></span> <span class='ocrx_word' id='word_1_738' title='bbox 2147 4842 2468 4910; x_wconf 87' lang='lat' dir='ltr'><strong>Ludovicus,</strong></span> <span class='ocrx_word' id='word_1_739' title='bbox 2522 4845 2702 4901; x_wconf 87' lang='lat' dir='ltr'><strong>divina</strong></span> <span class='ocrx_word' id='word_1_740' title='bbox 2756 4849 3040 4904; x_wconf 88' lang='lat' dir='ltr'><strong>ordinante</strong></span> <span class='ocrx_word' id='word_1_741' title='bbox 3084 4848 3443 4919; x_wconf 88' lang='lat' dir='ltr'><strong>providentia,</strong></span> 
     </span>
    </p>
   </div>
   <div class='ocr_carea' id='block_1_109' title="bbox 1868 4934 3447 5008">
    <p class='ocr_par' dir='ltr' id='par_1_109' title="bbox 1868 4934 3447 5008">
     <span class='ocr_line' id='line_1_110' title="bbox 1868 4934 3447 5008; baseline 0.003 -19"><span class='ocrx_word' id='word_1_742' title='bbox 1868 4934 2167 5005; x_wconf 88' lang='lat' dir='ltr'><strong>imperator</strong></span> <span class='ocrx_word' id='word_1_743' title='bbox 2194 4936 2491 5008; x_wconf 81' lang='lat' dir='ltr'><strong>Augustus,</strong></span> <span class='ocrx_word' id='word_1_744' title='bbox 2517 4939 2914 4995; x_wconf 86' lang='lat' dir='ltr'><strong>venerabilibus</strong></span> <span class='ocrx_word' id='word_1_745' title='bbox 2937 4940 3194 4995; x_wconf 86' lang='lat' dir='ltr'><strong>fratribus</strong></span> <span class='ocrx_word' id='word_1_746' title='bbox 3214 4940 3265 4994; x_wconf 91' lang='lat' dir='ltr'><strong>in</strong></span> <span class='ocrx_word' id='word_1_747' title='bbox 3285 4940 3447 4994; x_wconf 83' lang='lat' dir='ltr'><strong>Ania-</strong></span> 
     </span>
    </p>
   </div>
   <div class='ocr_carea' id='block_1_110' title="bbox 1869 5028 3445 5089">
    <p class='ocr_par' dir='ltr' id='par_1_110' title="bbox 1869 5028 3445 5089">
     <span class='ocr_line' id='line_1_111' title="bbox 1869 5028 3445 5089; baseline 0.003 -6"><span class='ocrx_word' id='word_1_748' title='bbox 1869 5044 1939 5083; x_wconf 90' lang='lat' dir='ltr'><strong>no</strong></span> <span class='ocrx_word' id='word_1_749' title='bbox 1986 5028 2098 5083; x_wconf 88' lang='lat' dir='ltr'><strong>sive</strong></span> <span class='ocrx_word' id='word_1_750' title='bbox 2148 5028 2371 5085; x_wconf 85' lang='lat' dir='ltr'><strong>Gellone</strong></span> <span class='ocrx_word' id='word_1_751' title='bbox 2428 5035 2763 5089; x_wconf 88' lang='lat' dir='ltr'><strong>monasterio</strong></span> <span class='ocrx_word' id='word_1_752' title='bbox 2814 5033 3144 5089; x_wconf 86' lang='lat' dir='ltr'><strong>constitutis.</strong></span> <span class='ocrx_word' id='word_1_753' title='bbox 3194 5032 3445 5088; x_wconf 83' lang='lat' dir='ltr'><strong>Proxime</strong></span> 
     </span>
    </p>
   </div>
   <div class='ocr_carea' id='block_1_111' title="bbox 1867 5122 3447 5196">
    <p class='ocr_par' dir='ltr' id='par_1_111' title="bbox 1867 5122 3447 5196">
     <span class='ocr_line' id='line_1_112' title="bbox 1867 5122 3447 5196; baseline 0.001 -20"><span class='ocrx_word' id='word_1_754' title='bbox 1867 5136 1944 5177; x_wconf 53' lang='lat' dir='ltr'><strong>ac.</strong></span> <span class='ocrx_word' id='word_1_755' title='bbox 1966 5122 2065 5177; x_wconf 89' lang='lat' dir='ltr'><strong>idit</strong></span> <span class='ocrx_word' id='word_1_756' title='bbox 2103 5124 2446 5193; x_wconf 75' lang='lat' dir='ltr'><strong>Agobardum</strong></span> <span class='ocrx_word' id='word_1_757' title='bbox 2480 5127 2967 5196; x_wconf 87' lang='lat' dir='ltr'><strong>archiepiscopum,</strong></span> <span class='ocrx_word' id='word_1_758' title='bbox 2997 5136 3101 5181; x_wconf 91' lang='lat' dir='ltr'><strong>etc.</strong></span> <span class='ocrx_word' id='word_1_759' title='bbox 3156 5125 3282 5180; x_wconf 81' lang='lat' dir='ltr'><strong>Vide</strong></span> <span class='ocrx_word' id='word_1_760' title='bbox 3310 5127 3447 5180; x_wconf 85' lang='lat' dir='ltr'><strong>inter</strong></span> 
     </span>
    </p>
   </div>
   <div class='ocr_carea' id='block_1_112' title="bbox 1861 5212 3429 5287">
    <p class='ocr_par' dir='ltr' id='par_1_112' title="bbox 1861 5212 3429 5287">
     <span class='ocr_line' id='line_1_113' title="bbox 1861 5212 3429 5287; baseline 0.003 -24"><span class='ocrx_word' id='word_1_761' title='bbox 1861 5212 2107 5280; x_wconf 82' lang='lat' dir='ltr'><strong>epistolas</strong></span> <span class='ocrx_word' id='word_1_762' title='bbox 2133 5254 2150 5281; x_wconf 94' lang='lat'><strong>,</strong></span> <span class='ocrx_word' id='word_1_763' title='bbox 2191 5224 2238 5268; x_wconf 83' lang='lat' dir='ltr'><strong>et</strong></span> <span class='ocrx_word' id='word_1_764' title='bbox 2290 5215 2577 5286; x_wconf 77' lang='lat' dir='ltr'><strong>diplomata</strong></span> <span class='ocrx_word' id='word_1_765' title='bbox 2622 5215 2873 5271; x_wconf 83' lang='lat' dir='ltr'><strong>Ludovici</strong></span> <span class='ocrx_word' id='word_1_766' title='bbox 2922 5214 3050 5283; x_wconf 85' lang='lat' dir='ltr'><strong>Pii,</strong></span> <span class='ocrx_word' id='word_1_767' title='bbox 3116 5214 3385 5287; x_wconf 81' lang='lat' dir='ltr'><strong>Patro/ag.</strong></span> 
     </span>
    </p>
   </div>
   <div class='ocr_carea' id='block_1_113' title="bbox 1860 5304 2077 5363">
    <p class='ocr_par' dir='ltr' id='par_1_113' title="bbox 1860 5304 2077 5363">
     <span class='ocr_line' id='line_1_114' title="bbox 1860 5304 2077 5363; baseline 0.009 -3"><span class='ocrx_word' id='word_1_768' title='bbox 1860 5314 1902 5361; x_wconf 74' lang='grc' dir='ltr'><strong>ι.</strong></span> <span class='ocrx_word' id='word_1_769' title='bbox 1932 5304 2077 5363; x_wconf 76' lang='grc' dir='ltr'><strong>ων.</strong></span> 
     </span>
    </p>
   </div>
   <div class='ocr_carea' id='block_1_114' title="bbox 1931 5397 3443 5473">
    <p class='ocr_par' dir='ltr' id='par_1_114' title="bbox 1931 5397 3443 5473">
     <span class='ocr_line' id='line_1_115' title="bbox 1931 5397 3443 5473; baseline -0.001 -20"><span class='ocrx_word' id='word_1_770' title='bbox 1931 5398 2097 5469; x_wconf 67' lang='grc'><strong>624</strong></span> <span class='ocrx_word' id='word_1_771' title='bbox 2140 5397 2325 5469; x_wconf 89' lang='lat' dir='ltr'><strong>Neque</strong></span> <span class='ocrx_word' id='word_1_772' title='bbox 2377 5415 2495 5455; x_wconf 93' lang='lat' dir='ltr'><strong>eam</strong></span> <span class='ocrx_word' id='word_1_773' title='bbox 2549 5401 2616 5456; x_wconf 91' lang='lat' dir='ltr'><strong>ob</strong></span> <span class='ocrx_word' id='word_1_774' title='bbox 2657 5417 2768 5456; x_wconf 87' lang='lat' dir='ltr'><strong>rem</strong></span> <span class='ocrx_word' id='word_1_775' title='bbox 2818 5402 2938 5473; x_wconf 92' lang='lat' dir='ltr'><strong>quis</strong></span> <span class='ocrx_word' id='word_1_776' title='bbox 2982 5402 3183 5457; x_wconf 88' lang='lat' dir='ltr'><strong>intcrre</strong></span> <span class='ocrx_word' id='word_1_777' title='bbox 3227 5404 3443 5471; x_wconf 73' lang='lat' dir='ltr'><strong>audeat,</strong></span> 
     </span>
    </p>
   </div>
   <div class='ocr_carea' id='block_1_115' title="bbox 1863 5488 3443 5565">
    <p class='ocr_par' dir='ltr' id='par_1_115' title="bbox 1863 5488 3443 5565">
     <span class='ocr_line' id='line_1_116' title="bbox 1863 5488 3443 5565; baseline 0.004 -22"><span class='ocrx_word' id='word_1_778' title='bbox 1863 5488 2156 5543; x_wconf 88' lang='lat' dir='ltr'><strong>electiones</strong></span> <span class='ocrx_word' id='word_1_779' title='bbox 2208 5491 2506 5546; x_wconf 88' lang='lat' dir='ltr'><strong>antistitum</strong></span> <span class='ocrx_word' id='word_1_780' title='bbox 2544 5492 2668 5563; x_wconf 88' lang='lat' dir='ltr'><strong>jure</strong></span> <span class='ocrx_word' id='word_1_781' title='bbox 2721 5493 2788 5547; x_wconf 88' lang='lat' dir='ltr'><strong>ad</strong></span> <span class='ocrx_word' id='word_1_782' title='bbox 2845 5510 2999 5565; x_wconf 86' lang='lat' dir='ltr'><strong>reges</strong></span> <span class='ocrx_word' id='word_1_783' title='bbox 3048 5504 3141 5548; x_wconf 89' lang='lat' dir='ltr'><strong>aut</strong></span> <span class='ocrx_word' id='word_1_784' title='bbox 3170 5493 3443 5564; x_wconf 81' lang='lat' dir='ltr'><strong>principes</strong></span> 
     </span>
    </p>
   </div>
   <div class='ocr_carea' id='block_1_116' title="bbox 1864 5578 3441 5655">
    <p class='ocr_par' dir='ltr' id='par_1_116' title="bbox 1864 5578 3441 5655">
     <span class='ocr_line' id='line_1_117' title="bbox 1864 5578 3441 5655; baseline 0.006 -23"><span class='ocrx_word' id='word_1_785' title='bbox 1864 5578 2119 5634; x_wconf 83' lang='lat' dir='ltr'><strong>attinere.</strong></span> <span class='ocrx_word' id='word_1_786' title='bbox 2149 5598 2167 5632; x_wconf 85' lang='grc'><strong>‹</strong></span> <span class='ocrx_word' id='word_1_787' title='bbox 2205 5581 2555 5638; x_wconf 82' lang='lat' dir='ltr'><strong>Sacerdotttnt</strong></span> <span class='ocrx_word' id='word_1_788' title='bbox 2586 5585 2782 5655; x_wconf 85' lang='lat' dir='ltr'><strong>quippe</strong></span> <span class='ocrx_word' id='word_1_789' title='bbox 2826 5595 2909 5641; x_wconf 87' lang='lat' dir='ltr'><strong>est</strong></span> <span class='ocrx_word' id='word_1_790' title='bbox 2938 5584 3159 5654; x_wconf 82' lang='lat' dir='ltr'><strong>electio,</strong></span> <span class='ocrx_word' id='word_1_791' title='bbox 3184 5596 3239 5641; x_wconf 90' lang='lat' dir='ltr'><strong>et</strong></span> <span class='ocrx_word' id='word_1_792' title='bbox 3270 5586 3441 5642; x_wconf 83' lang='lat' dir='ltr'><strong>ﬁdelis</strong></span> 
     </span>
    </p>
   </div>
   <div class='ocr_carea' id='block_1_117' title="bbox 1861 5672 3441 5749">
    <p class='ocr_par' dir='ltr' id='par_1_117' title="bbox 1861 5672 3441 5749">
     <span class='ocr_line' id='line_1_118' title="bbox 1861 5672 3441 5749; baseline 0.006 -26"><span class='ocrx_word' id='word_1_793' title='bbox 1861 5672 2040 5740; x_wconf 88' lang='lat' dir='ltr'><strong>populi</strong></span> <span class='ocrx_word' id='word_1_794' title='bbox 2080 5688 2376 5729; x_wconf 86' lang='lat' dir='ltr'><strong>consensus</strong></span> <span class='ocrx_word' id='word_1_795' title='bbox 2420 5677 2756 5732; x_wconf 88' lang='lat' dir='ltr'><strong>adhibendus</strong></span> <span class='ocrx_word' id='word_1_796' title='bbox 2784 5685 2891 5744; x_wconf 91' lang='lat' dir='ltr'><strong>est,</strong></span> <span class='ocrx_word' id='word_1_797' title='bbox 2914 5679 3039 5749; x_wconf 88' lang='lat' dir='ltr'><strong>quia</strong></span> <span class='ocrx_word' id='word_1_798' title='bbox 3064 5678 3337 5734; x_wconf 88' lang='lat' dir='ltr'><strong>docendus</strong></span> <span class='ocrx_word' id='word_1_799' title='bbox 3358 5688 3441 5732; x_wconf 90' lang='lat' dir='ltr'><strong>est</strong></span> 
     </span>
    </p>
   </div>
   <div class='ocr_carea' id='block_1_118' title="bbox 1861 5763 3441 5843">
    <p class='ocr_par' dir='ltr' id='par_1_118' title="bbox 1861 5763 3441 5843">
     <span class='ocr_line' id='line_1_119' title="bbox 1861 5763 3441 5843; baseline 0.008 -27"><span class='ocrx_word' id='word_1_800' title='bbox 1861 5763 2106 5833; x_wconf 88' lang='lat' dir='ltr'><strong>populus,</strong></span> <span class='ocrx_word' id='word_1_801' title='bbox 2155 5781 2260 5821; x_wconf 89' lang='lat' dir='ltr'><strong>non</strong></span> <span class='ocrx_word' id='word_1_802' title='bbox 2320 5768 2644 5838; x_wconf 85' lang='lat' dir='ltr'><strong>sequendus,</strong></span> <span class='ocrx_word' id='word_1_803' title='bbox 2682 5788 2701 5822; x_wconf 74' lang='grc' dir='ltr'><strong><em>ι</em></strong></span> <span class='ocrx_word' id='word_1_804' title='bbox 2733 5770 2810 5825; x_wconf 89' lang='lat' dir='ltr'><strong>ait</strong></span> <span class='ocrx_word' id='word_1_805' title='bbox 2854 5770 3160 5841; x_wconf 87' lang='lat' dir='ltr'><strong>Stephanus</strong></span> <span class='ocrx_word' id='word_1_806' title='bbox 3206 5786 3343 5843; x_wconf 86' lang='lat' dir='ltr'><strong>papa</strong></span> <span class='ocrx_word' id='word_1_807' title='bbox 3369 5769 3441 5828; x_wconf 83' lang='lat' dir='ltr'><strong>ad</strong></span> 
     </span>
    </p>
   </div>
   <div class='ocr_carea' id='block_1_119' title="bbox 1863 5857 3440 5933">
    <p class='ocr_par' dir='ltr' id='par_1_119' title="bbox 1863 5857 3440 5933">
     <span class='ocr_line' id='line_1_120' title="bbox 1863 5857 3440 5933; baseline 0.006 -22"><span class='ocrx_word' id='word_1_808' title='bbox 1863 5857 2327 5921; x_wconf 83' lang='lat' dir='ltr'><strong>archiepiscouum</strong></span> <span class='ocrx_word' id='word_1_809' title='bbox 2353 5860 2650 5918; x_wconf 74' lang='lat' dir='ltr'><strong>liavennat.</strong></span> <span class='ocrx_word' id='word_1_810' title='bbox 2678 5863 2746 5919; x_wconf 82' lang='lat' dir='ltr'><strong>Et</strong></span> <span class='ocrx_word' id='word_1_811' title='bbox 2775 5878 2895 5920; x_wconf 86' lang='lat' dir='ltr'><strong>can.</strong></span> <span class='ocrx_word' id='word_1_812' title='bbox 2918 5864 3009 5933; x_wconf 74' lang='lat'><strong>‘25,</strong></span> <span class='ocrx_word' id='word_1_813' title='bbox 3034 5866 3158 5920; x_wconf 73' lang='lat' dir='ltr'><strong>dist.</strong></span> <span class='ocrx_word' id='word_1_814' title='bbox 3186 5866 3273 5932; x_wconf 78' lang='grc'><strong>65,</strong></span> <span class='ocrx_word' id='word_1_815' title='bbox 3310 5863 3440 5925; x_wconf 79' lang='lat' dir='ltr'><strong>Vide</strong></span> 
     </span>
    </p>
   </div>
  </div>
