4032 6326
586 310 730 377 "2'5

1455 298 1546 360 AD
1568 293 1720 360 OPP.
1752 296 1908 358 VEN.
1938 293 2268 355 GUIBERTI
2299 297 2390 356 DE
2408 287 2804 356 NOVIGENTO

3693 285 3822 354 ttat

573 431 848 489 Glossam.
873 422 1076 485 Statuit
1097 406 1311 492 quoque
1331 419 1568 490 synodus
1594 417 1810 472 Nicsena
1835 431 1898 481 tt,
1919 429 2041 471 can.
2074 415 2109 468 '5
2137 431 2151 468 :
2183 417 2231 474 Α
2255 413 2446 488 Angl.,-
2485 415 2577 470 fol.
2606 415 2730 480 1‘21,
2758 413 2883 480 122,
2915 413 3003 470 ubi
3028 413 3093 470 de
3140 411 3200 468 Β,
3229 409 3539 468 Lant'ranco
3568 427 3583 467 :
3617 429 3637 463 ι
3682 415 3825 472 Aiunt

585 541 606 580 ι
638 522 829 580 Omnis
853 517 1048 574 electio
1073 511 1333 583 episcopi,
1357 509 1440 564 vel
1477 509 1798 581 presbyteri,
1828 507 1912 564 vel
1941 507 2154 565 diaconi

579 631 610 670 a
641 607 976 683 principibus
1002 605 1164 669 facta,
1197 603 1354 658 irrita
1382 610 1618 658 maneat.
1650 620 1672 653 t

646 703 726 760 De
780 697 1148 769 approbandis
1200 709 1299 766 per
1346 709 1528 766 regem
1576 693 1929 752 electionibus
1964 703 2152 767 agunt,

565 791 811 852 .Jacobus
833 788 1098 846 Bruellius
1119 787 1187 846 ad
1210 787 1302 841 lib.
1337 801 1418 852 ιιι,
1448 802 1566 858 cap.
1584 787 1640 854 Ξ,
1661 788 1898 844 Aimoini
1918 788 1996 844 De
2014 796 2151 860 gest.

570 883 804 948 Franc.;
837 892 892 938 et
927 880 1098 938 lutet.
1127 889 1244 935 not.
1274 879 1346 934 ad
1366 879 1566 947 lvonis,
1588 894 1676 950 ep.
1709 880 1834 935 tot.

569 1017 574 1020 .
646 973 1028 1046 Snbjiciendus
1074 986 1219 1028 nunc
1269 972 1526 1042 antiquus
1559 975 1613 1026 in
1647 972 2024 1030 benedictione
2063 972 2157 1034 ab-

563 1066 688 1126 bati
719 1064 1084 1136 impertienda
1110 1064 1272 1130 ritus,
1302 1081 1332 1120 a
1357 1064 1420 1121 Β.
1457 1065 1744 1122 Theodoro
1771 1066 2153 1126 Cantuariensi

574 1157 819 1226 digestus
841 1165 1008 1228 atque
1034 1157 1458 1222 observa.tns,ex
1491 1159 1858 1214 vetustissima
1884 1175 2156 1216 canonum

565 1247 898 1308 collectione
922 1249 1274 1306 Bibliotheca:
1303 1249 1360 1306 S.
1389 1250 1648 1305 Germani
1677 1251 1974 1309 Pratettsis.

1000 1341 1079 1400 De
1100 1341 1408 1396 ordinandi;
1439 1343 1733 1398 abbruibus.

649 1451 670 1496 ι
705 1432 764 1490 In
816 1434 1032 1494 abbatis
1063 1434 1410 1494 ordinatione
1453 1436 1741 1506 episcopus
1789 1435 1950 1492 debet
1996 1451 2157 1510 agere

571 1527 820 1594 missam,
855 1537 912 1584 et
951 1543 1078 1584 eum
1129 1527 1452 1584 benedicere
1503 1528 1768 1586 inclinato
1805 1530 2002 1601 capite,
2032 1547 2156 1586 cum

571 1622 784 1678 duobus
808 1621 892 1675 vel
929 1622 1106 1676 tribus
1127 1621 1356 1677 testibus
1390 1621 1458 1678 de
1483 1620 1748 1682 fratribus
1766 1623 1879 1678 suis
1904 1631 1957 1678 et
1987 1622 2078 1678 det
2105 1623 2157 1680 ei

571 1713 826 1770 baculum
848 1722 904 1769 et
932 1712 1172 1784 pednles.
1669 1707 1672 1709 λ

650 1823 673 1858 ι
721 1806 904 1861 Abbas
931 1817 1111 1876 potest
1151 1820 1255 1876 pro
1281 1807 1604 1874 humilitate,
1635 1823 1759 1864 cum
1801 1809 2159 1879 percussione

573 1899 838 1968 episcopi,
877 1899 1054 1954 locum
1091 1913 1246 1954 suum
1291 1899 1690 1970 derelinquere,
1735 1911 1912 1958 tamen
1963 1901 2158 1959 fratres

573 1989 776 2060 eligant
825 1989 926 2044 sibi
961 1989 1212 2046 abbatem
1241 1990 1310 2045 de
1353 1993 1504 2062 ipsis,
1539 1993 1586 2047 si.
1627 1993 1850 2058 habent,
1872 1995 1955 2050 sin
1977 2004 2158 2052 autem

573 2082 646 2137 de
669 2083 968 2150 extraneis,
1004 2098 1103 2138 nec
1141 2084 1430 2155 episcopus
1476 2084 1636 2143 debet
1663 2084 1923 2142 violenter
1963 2087 2160 2144 inloco

571 2297 576 2302 -
653 2286 674 2319 ο
699 2267 1062 2340 Congregatio
1109 2266 1270 2322 debet
1324 2268 1430 2324 sibi
1484 2268 1686 2341 eligere
1734 2270 2004 2334 abbatem,
2040 2279 2164 2339 post

553 2367 812 2442 partem
847 2356 987 2426 ejus,
1027 2366 1121 2414 aut
1155 2373 1225 2414 eo
1246 2358 1482 2426 vivente,
1526 2362 1570 2416 si
1600 2361 1714 2430 ipse
1747 2361 2057 2416 discesserit
2079 2360 2163 2415 vel

579 2453 916 2524 peccaverit;
954 2453 1066 2522 ipse
1092 2468 1202 2507 non
1225 2463 1400 2524 potest
1430 2455 1660 2524 aliquem
1687 2456 1942 2511 ordinare
1962 2455 2030 2510 de
2049 2455 2162 2511 suis

573 2549 912 2619 propinquis,
943 2564 1118 2620 neque
1165 2550 1230 2604 de
1253 2548 1462 2613 alienis,
1493 2563 1592 2602 nec
1638 2548 1748 2604 alio
1789 2548 1972 2604 abbati
2007 2549 2160 2614 dare,

581 2640 628 2694 si
654 2657 760 2695 non
789 2640 1060 2695 voluerint
1090 2639 1307 2695 fratres.

648 2733 811 2805 625
855 2752 878 2785 ι
913 2734 970 2788 Si
1007 2749 1140 2788 vero
1163 2732 1476 2802 peccaverit
1521 2733 1712 2792 abbas,
1758 2747 1863 2789 non
1900 2732 2024 2790 licet
2053 2731 2166 2805 epi-

573 2841 745 2896 scopo
799 2826 987 2883 tollere
1033 2826 1430 2898 possessionem
1484 2829 1820 2892 monasm'rii,
1846 2830 1940 2884 sed
1990 2829 2168 2881 mittat

577 2935 708 2976 eum
754 2920 807 2976 in
858 2921 1004 2976 aliud
1035 2921 1450 2987 monasterium,
1493 2921 1544 2975 in
1594 2931 1914 2990 potestatem
1945 2919 2168 2974 alterius

580 3012 812 3069 abbatis.

572 3139 576 3146 ε
657 3125 678 3158 ι
709 3106 826 3163 Νοιι
862 3105 988 3162 licet
1015 3107 1220 3174 abbati,
1247 3122 1422 3178 neque
1461 3106 1731 3177 episcopis
1762 3115 1963 3162 terram
1993 3103 2164 3161 eccle-

573 3199 677 3256 sia:
728 3211 942 3257 vertere
971 3201 1040 3256 ad
1069 3201 1254 3265 aliam,
1284 3201 1534 3270 raptamvis
1578 3200 1748 3262 amba:
1795 3201 1848 3254 in
1899 3207 2165 3270 potestate

579 3291 702 3364 eius
727 3295 854 3352 sint.
879 3294 936 3350 Si
969 3294 1189 3350 mittere
1206 3293 1318 3350 vult
1344 3291 1736 3360 testem,t‘aeiat
1763 3309 1885 3348 cum
1901 3307 2167 3348 consensu

577 3387 892 3442 amborum.

577 3509 584 3522 ι
663 3499 681 3532 ε
723 3481 780 3536 Si
829 3481 954 3550 quis
999 3479 1116 3536 vult
1154 3479 1541 3534 monasterium
1593 3495 1752 3534 suum
1805 3480 1859 3534 in
1910 3478 2016 3534 alio
2054 3477 2171 3534 loco

585 3585 809 3644 ponere,
863 3572 1027 3628 faciat
1079 3588 1202 3628 cum
1255 3587 1519 3628 consensu
1561 3572 1899 3642 cpiscopi,et
1942 3571 2169 3627 fratrum

577 3678 842 3732 suorum;
895 3675 950 3722 et
975 3666 1211 3722 dimittat
1243 3667 1296 3722 in
1329 3668 1496 3739 priori
1553 3668 1669 3724 loco
1698 3667 2074 3740 presbyterum
2104 3667 2171 3721 ad

589 3758 956 3814 ministerium
983 3759 1224 3816 ecclesiae

581 3871 586 3878 ·
669 3869 688 3903 ι
719 3842 901 3907 Abbas
968 3862 1022 3908 et
1063 3854 1346 3924 episcopus
1379 3853 1655 3910 hominem
1704 3853 2025 3908 sceleratum
2057 3866 2176 3907 ser-

593 3959 717 4000 vum
780 3955 1005 4014 possunt
1053 3947 1275 4012 habere,
1327 3947 1372 4003 si
1421 3947 1656 4019 pretium
1707 3945 2008 4002 redimendi
2065 3959 2172 3999 non

594 4035 778 4091 habet.
807 4057 810 4060 ’

671 4148 690 4180 ‹
724 4128 904 4185 Abbas
934 4130 980 4184 si
1002 4129 1253 4187 habuerit
1279 4132 1605 4188 monachum
1636 4130 1878 4204 dignum,

597 4220 759 4279 debet
785 4223 916 4277 dare
945 4223 989 4278 si
1022 4211 1247 4282 necesse
1272 4235 1372 4282 est.
1412 4245 1430 4278 ι

668 4317 758 4390 (⁸⁵)
806 4317 933 4374 CAP.
989 4316 1052 4373 11.
1091 4348 1163 4374 η-
1206 4317 1271 4372 1η
1322 4321 1528 4374 civitate
1575 4317 1893 4373 Tricauium
1943 4325 2180 4389 coegerat

581 4414 897 4469 'toncitium.
957 4413 1276 4484 Expressins
1314 4414 1399 4470 his
1431 4414 1490 4468 Β.
1520 4413 1798 4470 Godel‘ridi
1835 4412 2177 4477 electionem,

1926 4128 2176 4200 episcopo

2256 509 2370 580 ejus
2413 511 2781 582 prognosticon
2848 522 2868 562 :
2917 515 2944 562 δ
3002 510 3138 564 Date
3169 503 3574 579 eleemosynam
3631 515 3686 561 et
3717 523 3831 566 eccs

2255 605 2438 661 omnia
2479 605 2678 661 munda
2710 612 2836 658 sunt
2875 603 3030 658 vobis
3059 601 3211 673 (Luc.
3241 617 3294 666 ι,
3319 599 3438 669 Li).
3495 617 3518 652 ν
3593 599 3710 666 Quo
3753 599 3832 656 ille

2257 700 2326 754 ab
2380 698 2829 762 acclamantibus,
2881 697 3042 753 hilari
3096 695 3246 750 vultu
3297 695 3364 749 ad
3420 693 3708 748 Dominum
3761 692 3824 748 di-

2257 793 2442 851 rexit:
2474 793 2760 850 Certemus
2781 807 2914 864 ergo
2929 801 3117 848 mutua
3141 788 3541 854 vicissitudine,
3567 795 3626 841 tu
3652 787 3833 853 dando,

2255 901 2362 958 ego
2411 887 2799 959 dispertiendo,
2832 893 2937 943 etc.
2995 885 3108 940 Nec
3160 892 3280 940 erat
3325 881 3510 953 segnis
3537 882 3592 936 in
3629 895 3837 951 erogan-

2259 981 2350 1047 do,
2388 1001 2408 1037 ι
2444 991 2550 1038 etc.

2332 1073 2426 1140 (⁷⁸)
2455 1074 2584 1128 Isto.
2639 1102 2708 1116 -—
2758 1073 2841 1126 Ad
2885 1071 3110 1127 salutem
3148 1085 3406 1133 meorum,
3458 1084 3596 1139 quos
3645 1078 3702 1120 ιιι
3727 1069 3838 1122 mi'h'

2260 1166 2554 1236 διεξίοι-ἰού,
2581 1167 2790 1220 animus
2835 1165 3096 1219 intendat.
3142 1162 3314 1231 Quam
3363 1171 3613 1232 spectata
3647 1177 3837 1218 morum

2259 1259 2536 1330 probitate
2557 1273 2622 1313 ac
2653 1258 2916 1330 religione
2937 1257 3105 1312 abbas
3128 1267 3334 1322 noster,
3363 1256 3562 1324 suique
3604 1256 3838 1310 monachi

2261 1349 2580 1413 claruerint,
2621 1350 2880 1419 praedicat
2912 1349 3184 1404 Manasses
3235 1346 3718 1401 Suessioncnsium
3745 1347 3844 1416 epi-

2263 1456 2460 1512 scopus
2487 1443 2786 1500 donatione
2814 1440 3095 1509 cujusdam
3140 1439 3410 1502 ecclesiae,
3441 1453 3609 1506 quam
3653 1439 3842 1509 integre

2263 1533 2596 1601 describere,
2637 1551 2708 1592 ne
2755 1550 2883 1591 cum
2939 1533 3060 1590 aliis
3103 1541 3314 1604 pereat,
3378 1533 3622 1602 pretium
3681 1547 3840 1602 opera

2259 1635 2368 1688 εει.
3629 1665 3632 1668 .

2341 1734 2361 1768 ι
2395 1716 2450 1772 In
2497 1716 2716 1776 nomine
2762 1715 2972 1786 Patris,
3017 1726 3076 1776 et
3121 1715 3266 1786 Filii,
3309 1727 3366 1772 et
3394 1716 3642 1788 Spiritus
3665 1715 3842 1773 sancti.

2189 1779 2236 1839 Β
2263 1808 2458 1864 Amen.

2339 1921 2358 1954 ‹
2393 1901 2505 1974 Ego
2552 1901 2832 1970 Manasses
2855 1901 2950 1960 Dei
2991 1903 3168 1976 gratia
3197 1903 3526 1970 Suessorum
3553 1902 3844 1973 episcopus.

2263 1993 2397 2050 Cum
2425 1995 2679 2058 omnibus
2705 1995 2956 2056 ﬁdelibus
2990 2011 3086 2068 per
3127 2036 3144 2056 .
3182 2035 3196 2048 .
3234 2037 3250 2053 .
3293 2039 3307 2053 .
3354 2037 3367 2051 .
3413 2035 3431 2052 .
3477 2036 3490 2052 .
3536 2035 3553 2050 .
3599 2035 3613 2050 .
3655 2035 3670 2050 .
3706 1993 3848 2050 nobis

2264 2086 2484 2148 creditis
2537 2085 2809 2142 debitores
2859 2102 3072 2156 sumus,
3105 2085 3367 2156 majorem
3399 2097 3586 2141 tamen
3635 2085 3849 2154 diligent.

2265 2177 2394 2230 tiam
2421 2178 2506 2234 his
2535 2177 2847 2247 impendere
2891 2179 3201 2250 exigimur;
3235 2179 3445 2252 majore
3471 2181 3622 2238 circa
3649 2195 3742 2234 eos
3769 2179 3852 2234 de-

2264 2269 2481 2330 votione
2507 2308 2520 2324 .
2566 2309 2582 2325 .
2625 2310 2638 2325 .
2683 2308 2700 2326 .
2743 2311 2758 2326 .
2803 2310 2818 2326 .
2858 2272 3341 2342 .quosanegotiis
3363 2272 3550 2330 saeculi
3589 2280 3851 2340 sesponte

2266 2361 2512 2418 videmus
2544 2366 2861 2430 removisse,
2885 2374 2940 2420 et
2964 2365 3028 2422 ad
3051 2362 3354 2424 vacandum
3377 2364 3587 2429 Deo,.et
3611 2365 3853 2420 insistet-.-

2267 2453 2392 2509 dum
2424 2456 2680 2522 orationi,
2705 2457 2940 2530 quietem
2971 2465 3030 2512 et
3071 2461 3344 2524 secretum
3379 2457 3630 2528 elegisse.
3660 2454 3853 2514 lterum

2270 2545 2436 2616 igitur
2477 2547 2719 2620 quidam,
2777 2547 2852 2608 illi
2902 2547 3158 2614 videlicet.
3185 2546 3406 2614 fratres,
3445 2547 3538 2616 qui
3592 2547 3647 2602 in
3677 2560 3856 2599 ηιοιιιι-

2268 2637 2440 2702 sterio
2469 2637 2680 2696 Sancus
2709 2637 2891 2696 Mariae
2915 2637 3056 2712 apud
3090 2636 3460 2704 Noviandutn,
3487 2636 3856 2700 monachicam

2271 2743 2328 2792 et
2375 2733 2682 2804 religiosam
2719 2743 2890 2806 agunt
2947 2727 3139 2801 vitam,
3195 2733 3268 2790 ita
3303 2732 3461 2788 nobis
3482 2741 3534 2788 et
3569 2730 3860 2798 majoribus

2270 2829 2472 2884 nostris
2529 2844 2630 2882 sua
2685 2828 3006 2894 devotione,
3052 2836 3109 2884 ct
3161 2825 3498 2890 sinceritate,
3553 2822 3859 2880 cltarissimi

2268 2924 2616 2987 exstiterunt,
2645 2931 2703 2978 ut
2745 2938 2862 2988 eos,
2919 2921 3169 2992 quamvis
3225 2921 3368 2980 intra
3397 2917 3722 2988 episcopium
3760 2931 3860 2971 no-

2271 3025 2444 3074 strum
2486 3016 2712 3072 minime
2742 3015 3068 3081 consistant,
3105 3031 3212 3080 non
3238 3015 3424 3070 minus
3447 3026 3610 3080 quam
3649 3019 3861 3066 nostros

2273 3111 2524 3184 proprios
2552 3111 3028 3177 honoraverimus,
3061 3107 3339 3168 beneﬁciis
3375 3123 3590 3178 quoque
3625 3116 3682 3162 et
3707 3103 3864 3160 donis

2270 3201 2605 3272 auset-imus.
2653 3205 2804 3274 Quod
2855 3219 2982 3276 ergo
3027 3203 3110 3258 eis
3147 3213 3331 3259 nostra
3377 3199 3737 3258 beneﬁcentia
3767 3213 3864 3269 pro

2271 3301 2366 3356 Dei
2394 3313 2580 3360 amore
2622 3297 2874 3364 contulit,
2931 3297 3224 3358 memor-ia.
3256 3296 3460 3366 placuit
3501 3294 3702 3352 litteris
3729 3294 3865 3358 assi-

2269 3409 2460 3466 gnare,
2494 3407 2562 3448 ne
2615 3391 2920 3462 posteritati
2970 3390 3268 3460 quidquam
3294 3389 3380 3448 vel
3421 3389 3754 3460 ignorantia,
3782 3386 3866 3442 vel

2273 3485 2480 3548 malitia
2509 3485 2672 3544 liceat
2706 3485 3008 3543 demutare.

2351 3597 2370 3630 ι
2400 3575 2646 3636 Praeerat
2701 3575 2968 3646 siquidem
3000 3573 3088 3632 illi.
3121 3575 3454 3631 monasterio
3495 3575 3733 3631 domnus
3757 3573 3870 3628 Wi-

2265 3669 2468 3738 pbertua
2509 3669 2701 3730 abbas.
2728 3668 2823 3738 qui
2864 3668 3153 3738 sapientia,
3179 3677 3235 3726 et
3281 3667 3591 3724 innocentia
3635 3683 3739 3722 sua
3773 3680 3868 3720 nos

2279 3760 2384 3818 sibi
2443 3758 2598 3826 valde
2623 3758 3036 3830 conglutinavit,
3072 3774 3248 3830 aquo
3282 3769 3510 3830 rogatus
3533 3774 3675 3822 sum,
3707 3766 3771 3812 ut
3794 3755 3871 3810 al-

2279 3859 2395 3910 tare
2419 3852 2484 3924 de
2511 3850 2662 3916 villa,
2717 3867 2838 3920 quae
2868 3850 3067 3908 dicitur
3095 3849 3300 3915 Grecis,
3339 3849 3485 3920 quod
3517 3850 3746 3919 quidam
3777 3863 3868 3918 po—

2279 3945 2532 4010 tentium,
2590 3944 2810 4008 nomine
2845 3943 3004 4002 Wido
3041 3943 3292 4000 Widonis
3342 3947 3410 3998 de
3438 3943 3672 3998 Cooiaeo
3705 3941 3870 4002 ﬁlius,

2280 4047 2336 4106 et
2366 4036 2634 4107 majorum
2671 4037 2957 4102 beneﬁcio,
2991 4053 3021 4092 a
3045 4036 3224 4101 nobis,
3245 4045 3300 4090 et
3325 4034 3654 4090 abEcclesia
3683 4042 3874 4088 nostra

2281 4131 2520 4196 tenebat,
2576 4131 2749 4184 eidem
2806 4129 3140 4186 monasterio
3184 4127 3508 4184 conferrem.
3546 4125 3696 4182 Idem
3729 4125 3873 4181 enim

2283 4225 2452 4279 abbas
2487 4223 2740 4296 religioso
2769 4238 2880 4293 quo
2908 4221 3146 4292 pollebat
3168 4220 3416 4285 consilio,
3439 4235 3560 4276 cum
3598 4215 3877 4288 pnedictis

2284 4315 2520 4380 Widone
2565 4320 2914 4375 tractaverat,
2946 4321 3006 4370 ut
3034 4311 3207 4374 altare
3239 4311 3366 4368 illud
3390 4309 3674 4382 possidere
3707 4306 3878 4362 laicus

2283 4408 2588 4482 periculum
2641 4407 2910 4482 crederet,
2968 4413 3262 4474 egeratqne
3310 4412 3376 4458 ut.
3420 4399 3652 4473 praelato
3681 4412 3876 4454 morta-

596 4505 925 4574 conciliique
989 4480 1209 4560 causam
1251 4505 1512 4560 denotant.
1555 4505 1834 4573 'Nicolaus,
1866 4506 2002 4562 Vitae
2031 4503 2179 4573 cjus-
2213 4521 2257 4576 ι)
2286 4480 2454 4566 Sterio
2481 4517 2579 4572 pro
2609 4480 2782 4556 salute
2823 4514 2922 4572 sua
2947 4497 3078 4560 illud
3125 4497 3393 4564 redderet.
3426 4493 3484 4563 Si
3519 4503 3710 4548 tamen
3761 4506 3879 4559 ego,

595 4601 720 4653 dem
766 4597 1048 4654 Godefridi
1083 4599 1175 4654 lib.
1231 4614 1272 4663 t,
1315 4613 1437 4669 cap.
1469 4599 1570 4665 50;
1625 4599 1980 4666 lvo!Carnot.
2015 4601 2173 4668 epist.
2213 4661 2216 4664 ξ

597 4691 704 4746 208
764 4693 827 4746 ad
880 4691 1200 4747 l’aschalem
1255 4707 1471 4762 papam.
1527 4691 1632 4748 Sed
1688 4700 1742 4754 et
1792 4691 2060 4747 Guillclm.
2115 4689 2180 4746 de

599 4779 822 4852 Nangis,
850 4781 986 4840 Hist.
1010 4799 1111 4838 ms.
1143 4782 1210 4838 ad
1240 4797 1440 4850 annum
1473 4782 1639 4838 “09:
1670 4800 1689 4834 ι
1719 4781 1996 4844 Paschalis
2021 4797 2178 4852 papa,

582 4871 798 4944 'inqnit,
856 4874 1004 4928 venit
1051 4873 1106 4927 in
1157 4871 1473 4938 Franciam,
1527 4883 1632 4928 etc.
1684 4871 1784 4940 Qui
1829 4887 1966 4942 papa
1998 4887 2027 4924 a
2058 4885 2184 4940 rege

578 4972 586 4980 '
603 4965 939 5022 Francorum
964 4965 1352 5020 honorabiliter
1372 4976 1676 5036 susceptus,
1693 4964 1920 5020 diversis
1943 4963 2186 5017 Francia:

581 5057 740 5114 'locis
793 5058 1096 5129 peragratis
1146 5057 1432 5113 concilium
1468 5057 1772 5113 universale
1815 5057 1954 5128 apud
1983 5055 2186 5110 Trecas

591 5147 900 5207 'honoritice
932 5148 1242 5218 celebravit,
1268 5156 1465 5206 etcum
1510 5165 1694 5205 amore
1714 5147 2068 5212 Francorum,
2093 5145 2186 5218 qui

606 5243 836 5298 multum
887 5243 936 5298 ci
965 5243 1289 5311 servierant,
1320 5251 1388 5299 ct'
1431 5243 1626 5298 timore
1661 5251 1716 5297 et
1747 5241 1868 5296 odio
1893 5237 2188 5310 Theutoni-

607 5350 815 5400 eorum,
847 5354 866 5388 ι
895 5343 1000 5390 etc.
1036 5376 1039 5379 .
1951 5345 1956 5348 '

679 5427 772 5498 (")
802 5427 929 5482 Car.
954 5425 1039 5481 Ill.
1061 5457 1130 5468 —
1159 5425 1265 5481 Pro
1315 5443 1416 5480 me:
1446 5425 1680 5497 auspicio
1713 5424 1943 5480 haberet.
1969 5425 2190 5497 Ejuscc-

610 5519 756 5572 modi
787 5519 1130 5590 prognostica
1161 5519 1386 5588 passim,
1411 5517 1655 5572 Guiltcrti
1687 5517 2026 5585 potissmium
2057 5525 2190 5568 tem-

609 5617 820 5678 pestate
863 5611 1041 5680 legere
1085 5619 1167 5663 est
1189 5611 1240 5663 in
1263 5610 1416 5664 Actis
1442 5611 1779 5671 antistitum;
1811 5609 1950 5662 unde
1982 5608 2191 5661 futuros

612 5715 796 5756 mores
837 5703 1016 5766 electi,
1055 5704 1168 5758 sive
1205 5704 1468 5776 episcopi,
1514 5703 1626 5758 sive
1666 5701 1875 5756 abbatis
1918 5701 2193 5771 conjicere

611 5789 880 5848 solebant.
921 5792 1242 5852 Guillelmus
1281 5795 1624 5851 Malmesbur.
1687 5793 1781 5852 lib.
1816 5810 1854 5863 ι,
1889 5794 1962 5851 De
1993 5792 2188 5867 pontil‘.

2284 4610 2350 4652 ex
2385 4593 2540 4665 cujus
2564 4591 2829 4650 beneficio
2851 4599 2991 4656 erat,
3024 4605 3344 4658 annuerem,
3377 4597 3434 4643 et
3457 4585 3764 4652 edicerem,
3787 4597 3878 4653 ego

2283 4705 2410 4746 vere
2452 4704 2518 4754 ac
2572 4687 2746 4754 libens
2797 4685 2848 4746 id
2895 4683 3080 4752 eﬂ‘eci;
3139 4698 3318 4754 neque
3365 4679 3510 4744 enim
3551 4678 3660 4734 hoc
3727 4675 3882 4740 intel—

2283 4779 2390 4840 lexi
2419 4778 2670 4848 beneﬁcii
2702 4777 2871 4842 nostri
2898 4776 3336 4842 ininorationem,
3374 4771 3468 4832 sed
3506 4770 3702 4826 utilem
3731 4783 3880 4825 cout-

2285 4872 2678 4940 mutationent,
2732 4879 2788 4926 et
2839 4868 2994 4942 quasi
3042 4867 3110 4936 de
3160 4867 3290 4928 laeva
3326 4863 3632 4932 transfer-re
3665 4861 3884 4922 indu-

2287 4977 2478 5028 tcram.
3615 4968 3626 4974 '

2363 5078 2382 5112 ι
2417 5057 2676 5128 Concessi
2706 5056 2871 5130 igitur
2897 5054 3068 5138 altatae
3095 5053 3174 5118 de.
3195 5051 3362 5124 Croci:
3391 5050 3730 5122 praemonito
3765 5066 3886 5112 sall-

2288 5157 2390 5212 σιω
2416 5149 2510 5208 Dei
2537 5147 2814 5218 genitricis
2843 5145 3028 5218 Mariae
3057 5144 3414 5216 taceamne.
3439 5154 3730 5211 annuente
3747 5145 3882 5208 Aus-

2289 5239 2415 5302 culli
2467 5237 2837 5302 archidiaconi
2870 5237 3070 5310 nostri,
3115 5237 3526 5310 etclcricorutn
3563 5249 3882 5302 nostrorum

2289 5331 2600 5396 voluntate;
2655 5331 2728 5390 ita
2760 5330 3032 5400 videlicet,
3082 5337 3140 5394 ut
3179 5345 3322 5398 cura.
3365 5328 3486 5396 ejus
3528 5344 3631 5398 per
3663 5343 3882 5390 manum

2279 5431 2490 5496 “nostrae
2529 5421 2842 5496 principalis
2871 5420 3132 5482 ecclesiae.
3163 5419 3356 5486 decani
3400 5420 3797 5490 dispensetur;
3833 5429 3886 5472 et

2293 5516 2416 5572 inde
2461 5516 2699 5585 quinque
2754 5513 2908 5572 solidi
2964 5513 3260 5584 quotannis
3303 5510 3706 5586 persolvuntur.
3732 5527 3886 5578 cauo-

2292 5607 2431 5661 nicis
2481 5607 2704 5672 nostris,
2765 5606 2816 5659 in
2875 5603 3164 5662 festivitate
3215 5603 3388 5658 sancti
3443 5602 3740 5666 Gcrvasii,
3776 5611 3888 5672 post

2296 5707 2525 5758 mortem
2562 5713 2692 5754 vero
2728 5711 2903 5764 nteant
2941 5697 2994 5760 in
3029 5694 3404 5762 anniversario
3429 5709 3578 5750 meo.
3615 5694 3690 5751 Ut
3717 5706 3810 5750 aut

2297 5791 2583 5850 concessio
2622 5791 2738 5862 inec
2775 5805 2899 5864 cum
2947 5789 3400 5862 determination
3433 5803 3540 5856 sua
3563 5790 3888 5856 inconcussa
