4032 6326
194 309 325 375 1135i

1152 348 1155 353 ·
1220 312 1463 395 υθωιι
1500 318 1562 379 ιο
1604 315 1951 397 D‘ACHERY
1977 325 2211 403 κοτε.

3317 346 3461 417 “20

190 434 530 527 parumne-at,
594 426 963 527 anathemati;
1009 432 1425 509 interpositione
1478 438 1765 501 conﬁrma-
1796 444 1843 507 Α
1871 442 2133 513 ricorum,
2163 444 2304 505 hanc
2322 447 2735 521 concessionem
2768 461 3081 525 nostrorum
3105 473 3375 527 Cormasa
3401 476 3462 525 et

188 538 314 587 mus,
348 522 506 596 sigilli
543 524 716 589 nostri
743 526 1121 603 impressione,
1148 539 1201 586 et
1225 530 1393 603 signis
1431 534 1758 593 convenien-

188 617 318 679 tibus
336 620 627 677 corrobora
638 637 778 679 mus.

254 734 273 769 ι
307 716 526 788 Signum
574 718 839 787 Manassae
876 721 1134 794 episcopi.
1188 722 1248 778 S.
1292 722 1528 787 Ausettltl
1580 722 1757 785 archi-

183 806 398 863 diaconi.
431 808 491 864 8.
514 808 748 875 Lisiardi
796 813 1090 884 prtepositi.
1142 814 1203 868 8.
1239 811 1501 871 Bernardi
1545 814 1755 885 decani.

184 899 238 957 8.
265 901 399 961 Petri
449 904 843 967 archidiaconi.
877 906 935 962 8.
980 907 1239 973 Fulconis
1276 908 1666 967 archidiaconi.
1694 909 1750 965 8.

180 990 405 1065 Hugonis
438 999 816 1073 prgcantoris.
843 999 903 1055 8.
934 998 1139 1057 Odonis
1163 1002 1478 1057 sacerdotis.
1509 1001 1546 1057 S
1592 1001 1759 1059 Gnate

181 1087 270 1142 teri
308 1089 623 1145 sacerdotis.
677 1089 735 1146 S.
792 1090 1015 1147 Roberti
1070 1092 1281 1149 decani.
1324 1090 1382 1147 S.
1410 1093 1613 1155 Odonis
1640 1093 1756 1151 dia-

176 1178 309 1233 coni.
349 1179 405 1233 8.
442 1179 694 1237 Fulconis
720 1182 955 1237 diaconi.
981 1182 1039 1238 8.
1071 1184 1293 1239 Ausoldi
1323 1185 1661 1251 subdiaconi.
1692 1184 1752 1240 8.

175 1267 445 1335 Laurentii
512 1272 855 1333 subdiaconi.
914 1274 974 1330 8.
1015 1274 1237 1339 Heberti
1292 1274 1630 1343 subdiaconi.
1690 1274 1751 1343 S.

172 1363 331 1417 Adam
387 1363 727 1427 subdiaconi.
784 1365 840 1421 S.
896 1365 1137 1422 Ausculti
1185 1366 1442 1438 acolytbi.
1488 1367 1547 1421 8.
1571 1368 1752 1439 Auge-

173 1452 295 1508 nulli
320 1454 574 1527 acolytbi.
605 1456 776 1529 626
804 1457 861 1513 8.
896 1456 1156 1527 Durantis
1178 1458 1436 1532 acolythi.
1465 1458 1522 1525 8.
1557 1458 1753 1537 Leonis

171 1545 417 1616 acolythi.

243 1659 260 1691 ι
293 1640 479 1695 Actum
521 1641 818 1709 Dominica:
854 1642 1251 1713 incarnationis
1278 1638 1425 1715 anno.
1459 1648 1614 1717 “.07.
1654 1668 1675 1717 ῃ

235 1732 397 1790 Porro
428 1735 568 1807 haud
622 1736 978 1810 incongruum
1006 1740 1108 1807 hoc
1131 1740 1251 1809 loco
1273 1743 1469 1811 seriem
1493 1744 1749 1809 abbatum

1865 537 2140 595 voluntate
2162 538 2485 611 clericorum
2508 544 2794 615 facientes,
2835 552 3151 621 statuimus,
3177 570 3235 613 ut
3256 570 3460 615 sanctae

1865 625 2279 685 Suessimwttsis
2327 631 2607 705 Ecclesiae,
2665 641 2751 695 cui
2806 641 3059 715 indignus
3109 664 3368 719 praesum,
3400 653 3457 721 in

1862 718 1950 789 die
1978 720 2351 778 Annivcrsarii
2383 728 2487 783 mei
2516 744 2568 785 vt
2603 731 2827 799 solidos,
2856 750 2954 805 pro
2979 736 3168 803 iisdem
3192 718 3459 807 altaribus

1814 826 1822 836 ’
1860 814 2154 883 quotannis
2207 818 2618 891 persolvantur;
2655 825 2893 883 deeanus
2921 844 3049 887 vero
3095 833 3255 903 hujus
3276 838 3457 895 eccles—

1866 902 1981 977 size,
2008 907 2322 969 earumdem
2363 926 2592 980 persona
2620 914 2871 973 altarium
2902 936 3118 995 semper
3149 902 3370 991 cristat.
3401 935 3461 991 et

1862 998 1930 1067 ad
1961 996 2137 1071 ipsum
2169 1015 2299 1065 cura
2325 1017 2516 1065 eorum
2544 1010 2952 1077 etprovidentia
2986 1018 3270 1085 pertineat.
3302 1019 3459 1085 Hane

1858 1089 2027 1160 igitur
2070 1092 2414 1150 traditionem
2446 1108 2693 1157 nostram
2736 1105 2989 1162 onmibns
3015 1114 3349 1179 temporibus
3372 1114 3457 1171 ina

1856 1181 2118 1247 violatum
2158 1201 2279 1242 esse
2310 1187 2612 1259 cupientes,
2651 1206 2719 1247 ne
2748 1192 2872 1262 quis
2901 1194 3020 1269 ejus
3045 1208 3334 1263 temerator
3357 1220 3455 1265 un-

1857 1292 2020 1350 quam
2098 1278 2342 1346 existat,
2404 1281 2822 1353 interpositione
2877 1294 3459 1357 excommunicatimtia

1855 1370 2266 1439 prohibuimus;
2293 1374 2565 1445 scriptura
2591 1393 2807 1451 quoque
2837 1381 3001 1452 sigilli
3032 1385 3203 1440 nostri
3228 1387 3455 1457 impres-

1856 1461 2015 1529 sione
2064 1465 2272 1529 munita
2319 1465 2816 1526 corroboravimus.
2861 1470 3025 1543 Signa
3069 1475 3239 1535 etiam
3281 1476 3457 1550 legiti-

1854 1569 2069 1613 morum
2098 1556 2532 1627 testimoniorum
2557 1560 2801 1619 adhiberi
2826 1564 3158 1631 censuimus.

1929 1665 1950 1701 ι
1995 1648 2223 1721 Signum
2255 1650 2499 1724 ﬂugonis
2526 1652 2851 1723 Suessorum
2880 1656 3143 1728 episcopi.

1931 1758 1950 1801 ι
1988 1739 2214 1812 Signum
2240 1741 2472 1811 Lisiardi
2504 1744 2799 1815 praepositi.
2833 1743 3059 1817 Signum
3089 1745 3331 1820 llugonis
3354 1750 3451 1807 de—

165 1822 497 1896 Novigeutiui
527 1830 845 1885 monasterii
879 1829 1043 1899 fuerit
1073 1847 1374 1903 recensere,
1411 1836 1749 1907 quandoqui-g
1784 1828 1827 1888 Β
1854 1830 1997 1897 Cani.
2031 1830 2095 1901 S.
2127 1871 2140 1885 .
2185 1871 2200 1886 .
2245 1870 2262 1887 .
2312 1871 2329 1889 .
2373 1872 2387 1888 .
2433 1872 2448 1888 .
2486 1834 2876 1895 architliacom.
2904 1835 2962 1890 3-
2987 1836 3244 1897 Fulconis
3270 1841 3454 1903 επεὶιὶ-

166 1918 283 1972 dem
318 1929 508 1983 auctor
544 1930 758 1977 vetusta
793 1922 962 1992 ipsius
992 1936 1341 1993 monumenta
1366 1926 1535 1993 hocce
1563 1928 1658 1983 lib.
1685 1945 1745 2001 tt,

165 2009 450 2079 describat,
479 2022 535 2077 ut
560 2014 942 2085 quoquomodo
966 2015 1229 2087 integram
1246 2018 1531 2085 historiam
1553 2019 1751 2093 exinde

165 2102 354 2173 curiosi
385 2101 716 2175 ejuscemodi
741 2107 940 2179 mercis
961 2108 1337 2182 exploratores
1363 2111 1578 2181 valeant
1611 2112 1748 2171 bau-

160 2214 285 2255 l'll‘c.

297 2294 519 2363 Abantes
546 2297 851 2365 monasterii
876 2296 941 2365 Β.
973 2297 1163 2365 Maria;
1193 2300 1258 2363 de
1283 2297 1597 2373 Nouigezzto.

226 2388 268 2443 l.
297 2388 563 2451 Henricus
589 2391 751 2446 simul
781 2393 951 2459 abbas
986 2392 1046 2461 ὃ.
1079 2394 1309 2467 [tentigii
1342 2395 1649 2463 “mucosis,
1678 2395 1749 2461 de

160 2496 265 2551 quo
292 2481 585 2538 Gmbertus
614 2493 795 2540 noster
830 2484 926 2540 lib.
954 2502 991 2541 ιι
1027 2488 1092 2541 de
1117 2488 1236 2543 Vita
1268 2506 1362 2544 sua
1393 2506 1513 2563 cap.
1546 2492 1599 2548 2.

224 2570 286 2627 ll.
318 2572 375 2627 S.
407 2572 738 2632 Godcl‘ridus
771 2576 912 2637 rexit
947 2580 1346 2639 monasterium
1369 2583 1436 2645 ad
1468 2598 1559 2643 an.
1587 2583 1740 2651 “04,

155 2677 262 2737 quo
290 2666 354 2719 ad
395 2666 767 2739 episcopatum
826 2668 1245 2739 Ambianensem
1289 2684 1600 2743 assumptus
1640 2683 1741 2739 est.

151 2755 296 2813 ldem
326 2756 624 2819 Guibertus
652 2759 844 2817 eodem
873 2761 1001 2831 loci.
1028 2773 1083 2817 ct
1112 2763 1206 2820 lib.
1240 2780 1325 2829 ιιι.
1355 2781 1475 2835 cap.
1509 2766 1595 2822 l5.

220 2846 380 2909 Gesta
432 2849 492 2913 Β.
551 2850 829 2915 Godefridi
873 2855 1199 2927 conscripsit
1240 2855 1499 2923 Nicolaus
1519 2856 1749 2925 S.Cris-,

151 2943 263 3015 pini
294 2943 515 3015 lllajoris
556 2947 965 3011 Suessimtensis
996 2951 1329 3021 atonachus;
1350 2969 1413 3009 ea
1446 2952 1613 3019 reicit.
1636 2952 1743 3017 Su,-

150 3040 269 3095 rius
294 3039 437 3112 stylo,
454 3056 557 3107 suo,
589 3041 858 3112 perpolita
894 3042 965 3109 ad
995 3042 1137 3107 diem
1159 3045 1191 3101 8
1216 3042 1556 3111 Novembris.

218 3134 278 3188 Β.
309 3134 603 3192 Godelrido
651 3136 719 3190 ad
752 3134 1141 3203 sublevandam
1185 3138 1501 3203 monasterii
1528 3148 1740 3210 egesta~
1770 3193 1809 3213 η

144 3234 254 3282 tem
287 3228 387 3283 tria
412 3228 605 3283 altaria
654 3228 771 3291 sive
796 3228 1055 3299 ecclesias
1080 3229 1366 3303 dilargitur
1394 3230 1546 3303 llugo
1571 3232 1739 3297 Sues-
1769 3228 1811 3253 “

142 3318 413 3375 sionensis
449 3319 763 3391 episcopus,
795 3320 945 3393 quod
967 3328 1223 3385 testatum
1254 3321 1473 3392 reliquit
1496 3322 1551 3381 in
1594 3323 1738 3391 hunc

145 3411 367 3465 modum
400 3428 414 3463 :

223 3522 243 3556 ι
285 3504 395 3577 Ego
435 3504 590 3577 llugo
624 3506 801 3578 gratia
838 3506 933 3567 Dei
956 3506 1285 3575 Suessorum
1312 3510 1622 3581 episcopus,
1645 3527 1741 3579 eos

135 3612 409 3666 gnoscens
440 3599 649 3654 ordinis
677 3609 730 3655 et
766 3600 890 3667 luci,
937 3601 991 3659 in
1024 3616 1131 3672 quo
1160 3602 1301 3659 Deus
1339 3618 1427 3669 me
1457 3604 1735 3677 indignum

136 3694 343 3763 posuit,
374 3694 639 3749 rationem
680 3710 784 3765 qua
818 3696 1072 3765 omnibus
1093 3695 1362 3763 ﬁdelibus,
1387 3696 1747 3767 quantulumg

131 3800 355 3856 cunque
400 3787 452 3841 in
503 3803 589 3843 me
615 3797 722 3852 est,
755 3788 967 3843 debitor
1015 3804 1156 3854 sum,
1196 3796 1363 3843 utme
1391 3804 1495 3843 non
1526 3799 1731 3859 tantum

130 3891 234 3945 pro
279 3875 409 3930 mibi
452 3876 781 3944 commissis,
820 3892 1009 3941 verum
1061 3878 1229 3949 etiam
1261 3894 1365 3955 pro
1403 3866 1747 3955 qnibuslihet“

130 3965 185 4019 in
225 3964 503 4021 Christum
558 3966 927 4033 credentibus,
967 3967 1231 4043 animum,
1273 3970 1319 4025 si
1369 3986 1593 4029 necesse
1638 3972 1730 4043 sit,

129 4076 267 4131 pom
289 4076 368 4125 re,
400 4061 594 4117 nedum
621 4070 892 4115 terrenam
939 4071 995 4117 et
1022 4062 1344 4121 exteriorem
1370 4063 1741 4135 substantiam

130 4153 454 4211 ministrare
497 4164 765 4225 oporteat,
796 4154 1008 4211 dilectis
1057 4155 1316 4212 fratribus
1342 4158 1640 4225 monachis,
1678 4158 1731 4215 in

128 4246 497 4313 ntouastcrio,
546 4246 869 4319 Novigenlo,
927 4248 980 4302 in
1017 4262 1156 4318 pago
1200 4247 1563 4314 Lauduucnsi,
1600 4250 1729 4321 Deo,

119 4347 181 4393 et
226 4349 431 4403 sancta:
476 4340 569 4397 Dei
608 4340 1129 4413 genitriciksemper
1175 4341 1371 4413 virgini
1426 4342 1609 4413 Maria:
1631 4328 1741 4405 hu?

120 4432 336 4488 militcr
393 4434 807 4507 servientibus,
864 4432 971 4491 hoc
1041 4433 1201 4490 modo
1252 4434 1577 4507 benefacere
1637 4435 1733 4507 de-

119 4526 303 4581 crevi.

201 4636 220 4668 ι
263 4614 605 4689 Frequenter
634 4617 802 4682 enim,
835 4617 931 4675 sed
961 4618 1096 4677 satis
1127 4617 1426 4687 humiliter,
1453 4612 1673 4693 rogatus
1695 4635 1726 4674 ιι

114 4706 331 4767 domno
352 4708 646 4767 Godefrido
667 4712 913 4783 praedicti
943 4712 1043 4768 loci
1075 4714 1294 4783 abbate,
1316 4714 1431 4769 viro
1453 4714 1735 4787 religioso,

112 4790 175 4875 et
204 4801 539 4857 charissimo
577 4802 752 4870 nobis,
783 4812 845 4861 ut
868 4801 986 4873 ejus
1009 4804 1323 4865 monasterii
1349 4814 1737 4876 paupertatem,

108 4902 171 4949 et.
214 4892 452 4948 fratrum
487 4895 597 4951 Deo
624 4895 693 4949 ibi
728 4897 1081 4952 servientium
1106 4898 1492 4959 necessitatem
1515 4900 1737 4967 miseri:

104 4988 369 5059 corditer
392 4989 753 5056 attenderem,
777 4999 832 5047 et
862 4989 1068 5051 laboris
1096 5006 1284 5055 eorum
1315 5001 1369 5047 et
1395 4993 1557 5049 studii
1581 4993 1729 5051 circa

103 5078 216 5135 Dei
262 5079 474 5136 cultum
503 5080 741 5152 adjutor,
778 5091 830 5137 et
853 5090 1190 5141 sustentator
1216 5082 1528 5155 existerent,
1563 5084 1737 5155 justis

98 5164 382 5247 precibus
426 5175 768 5247 acquiescere
814 5175 1035 5247 dignum
1097 5176 1320 5243 ducens,
1367 5178 1432 5233 ad
1465 5187 1729 5234 sustenta-

100 5268 332 5322 tionem
366 5266 509 5323 illins
547 5267 938 5323 monachorum
972 5268 1231 5335 C(Blthli,
1287 5268 1387 5324 tria
1415 5268 1605 5324 altaria
1628 5285 1727 5341 pro

95 5375 318 5416 amore
350 5360 444 5417 Dei
468 5369 521 5414 et
551 5368 697 5415 statu
739 5359 985 5415 ecclesia:
1019 5372 1242 5431 nostrae,
1271 5370 1326 5417 et
1357 5362 1481 5418 vita:
1510 5372 1728 5419 :eterna:

91 5453 377 5521 obtentu,
437 5452 663 5507 devotus
701 5451 975 5518 concessi,
1030 5452 1203 5507 altore
1247 5452 1456 5507 scilicet
1486 5454 1552 5508 de
1579 5451 1729 5508 Jovi-

92 5545 303 5617 niaco,
340 5543 511 5597 altare
545 5544 612 5597 de
658 5542 980 5611 Valsalione,
1014 5542 1185 5598 altare
1229 5544 1295 5599 de
1336 5544 1457 5599 vilia
1490 5561 1608 5617 quae
1635 5561 1726 5601 vo-

90 5616 284 5694 catur
306 5635 454 5693 Pons
479 5635 659 5691 Sancti
687 5634 949 5690 Mcdardi.

184 5747 209 5783 ι
253 5728 329 5784 Ει
375 5728 502 5799 quia
550 5743 703 5783 sacra
734 5729 980 5799 praecipit
1025 5730 1325 5789 auctoritas
1354 5738 1436 5797 ut,
1459 5744 1577 5799 qua:
1607 5739 1724 5787 rata

90 5836 241 5891 esse
269 5825 563 5897 episcopus
606 5818 857 5891 voluerit,
900 5837 1121 5897 suorum
1167 5821 1397 5893 consilio
1420 5822 1588 5880 faciat
1617 5822 1725 5881 cle-

1753 4552 1809 4613 Β

1778 4607 1807 4627 ⁷
1840 4607 2057 4664 feodum
2113 4620 2358 4664 nostrum
2382 4610 2473 4665 alii
2511 4626 2674 4679 quam
2723 4612 2881 4667 nobis
2918 4612 3019 4669 sibi
3053 4614 3284 4669 vendere
3314 4629 3433 4673 non,

1853 1919 2087 1989 diaconi.
2214 1922 2371 1981 Ebali
2403 1925 2794 1989 archidiacmti.
2838 1926 2895 1982 8.
2933 1926 3157 1991 Roberti
3202 1947 3449 2009 praecen-

1854 2013 2003 2083 tpris.
2041 2014 2098 2068 S.
2145 2014 2414 2081 Guarneri
2472 2018 2797 2097 presbyteri.
2838 2019 2896 2074 S.
2941 2019 3183 2093 llugonis
3230 2026 3453 2098 presby-

1852 2106 1977 2175 teri.
2008 2106 2067 2161 S.
2106 2105 2310 2177 Orionis
2341 2112 2666 2191 presbyteri.
2717 2110 2773 2167 8.
2820 2111 2987 2180 Petri,
3024 2114 3289 2178 liotberti,
3321 2116 3453 2175 Ber-

1851 2200 2027 2267 nardi.
2094 2200 2466 2267 diaconorum.
2502 2204 2558 2269 8.
2608 2203 2907 2274 Thzcbaldi,
2962 2206 3162 2274 lvonis,
3215 2210 3451 2280 Giroldi,

1847 2291 2075 2363 Qdonis.
2100 2294 2507 2365 Bartliolotmei,
2552 2297 2753 2365 Alexis.
2789 2298 3062 2367 Bainaldi,
3095 2302 3452 2363 subdiaconu-

1848 2401 1987 2440 rum.
2018 2386 2075 2441 S.
2125 2388 2369 2453 Ansoldi,
2403 2390 2707 2455 Laurentii,
2762 2392 2963 2458 lvonis,
3025 2395 3299 2464 llerberti,
3347 2399 3451 2461 Are

1848 2479 1979 2547 nulli
2007 2478 2257 2545 Walteri,
2285 2482 2615 2554 lugelranui,
2649 2485 3008 2561 acolytorum,

1923 2591 1941 2625 ι
1976 2572 2129 2653 Ηυεο
2153 2586 2357 2635 sancta:
2373 2576 2787 2635 Suessioneusis
2811 2578 3069 2647 Ecclesiae
3088 2580 3452 2643 cancellarin;

1848 2664 1974 2723 huic
2008 2666 2210 2721 charta:
2241 2667 2593 2736 subscripsit,
2617 2677 2671 2725 et
2696 2670 2911 2740 relegit.

1920 2775 1938 2808 ι
1965 2757 2158 2817 Actum
2190 2758 2348 2817 Verbi
2381 2744 2651 2817 [nearnati
2695 2763 3023 2827 antro-1100.
3062 2764 3302 2837 llugonis
3330 2768 3443 2838 cpio.

1845 2849 1997 2919 scopi
2028 2865 2171 2905 anno
2199 2865 2315 2919 vin,
2342 2862 2531 2922 epacta
2556 2868 2712 2919 xvm,
2736 2864 2992 2913 currente
3013 2870 3109 2924 vn,
3144 2858 3447 2923 indictione

1843 2953 1963 2995 Vill.
1999 2959 2017 2991 ι

1917 3031 2000 3097 Ul.
2032 3032 2337 3091 Guibcrtus
2372 3052 2465 3092 seu
2497 3035 2778 3095 Wibertus
2812 3041 2967 3109 “04,
2999 3058 3063 3100 ex
3092 3045 3359 3100 monacho
3381 3045 3442 3109 S.

1843 3124 2118 3187 Geremari
2152 3127 2549 3196 Flaviacensis,
2600 3147 2821 3203 genere,
2857 3134 3131 3207 religione.
3162 3140 3309 3197 omni
3358 3139 3444 3195 lit-

1846 3226 2085 3273 teratura
2118 3217 2319 3286 clarus,
2357 3220 2520 3276 veluti
2575 3223 2743 3291 ipsius
2792 3240 2982 3294 opera,
3013 3244 3132 3298 qua:
3165 3246 3306 3284 nunc
3334 3230 3443 3300 pri-

1842 3328 1986 3366 mum
2029 3313 2079 3367 in
2123 3313 2296 3369 lucem
2352 3315 2673 3381 emittimus,
2705 3327 3058 3375 attestautur.
3122 3322 3326 3378 Addam
3356 3322 3441 3376 hic

1838 3405 2238 3461 ordinationem
2264 3405 2509 3464 Guiberti
2535 3409 2599 3473 de
2624 3411 2821 3467 .obitus
2858 3413 2938 3469 sui
2970 3414 3081 3485 dic,
3120 3423 3246 3478 tres,
3290 3426 3436 3475 ante-

1839 3513 2001 3570 quam
2040 3500 2107 3555 ab
2136 3499 2391 3561 humanis
2441 3503 2755 3572 excederet,
2790 3520 2984 3573 amotos,
3022 3505 3238 3567 factam.
3268 3505 3442 3565 [labet

1841 3592 1917 3661 ita.
1952 3611 1965 3648 :

1916 3705 1934 3739 ι
1980 3685 2094 3765 Ego
2118 3685 2439 3743 Guithertus
2467 3686 2562 3753 Dei
2591 3689 2767 3760 gratia
2801 3701 3003 3757 sancta;
3036 3690 3130 3749 Dei
3156 3693 3445 3765 genitricis

1836 3776 2020 3839 Maria:
2038 3764 2183 3850 apud
2229 3777 2587 3852 Novigeotum
2642 3797 2851 3839 servus.
2894 3764 3169 3852 Quoniam
3203 3786 3268 3841 de
3302 3802 3435 3859 aug-

1837 3886 2021 3926 mento
2072 3871 2315 3928 ecclesia:
2345 3888 2457 3933 suae
2504 3888 2773 3944 quemque
2798 3886 3064 3937 rectorem
3096 3894 3286 3941 curare
3313 3894 3439 3943 con,-

1836 3963 2004 4033 venit,
2032 3975 2157 4025 octo
2210 3963 2435 4030 solidos,
2484 3968 2583 4035 qui,
2607 3968 2748 4038 apud
2776 3964 3161 4025 llandienrtcm
3209 3969 3261 4029 in
3295 3970 3441 4027 atrio.

1834 4053 2079 4115 ecclesia:
2143 4055 2211 4111 ab
2264 4056 2567 4126 hospitibus
2623 4042 2823 4119 nostris
2874 4061 3286 4132 accipiebantur
3317 4101 3333 4126 ,
3379 4061 3439 4123 in.

1834 4149 1973 4209 festo
1999 4150 2172 4206 sancti
2229 4149 2445 4205 Martini
2481 4150 2570 4205 tali
2624 4153 2783 4207 modo
2813 4154 2939 4211 emi.
2993 4153 3217 4208 Maritus
3247 4153 3433 4221 cujus-

1834 4243 1955 4297 dam
1987 4243 2229 4305 mulieris
2261 4243 2313 4298 in
2359 4243 2517 4301 feodo
2544 4263 2572 4299 a
2616 4246 2773 4301 nobis
2803 4256 3071 4311 tenuerat,
3106 4262 3301 4301 nomen
3330 4246 3430 4309 Pa-

1832 4348 2003 4403 gauus
2046 4343 2187 4400 erat,
2235 4350 2341 4405 quo
2392 4335 2665 4405 defuncto,
2716 4336 2801 4393 cui
2856 4337 3044 4397 relicta
3098 4338 3195 4407 ipsi
3230 4337 3433 4409 quaein,

1832 4424 1956 4479 dote
1984 4440 2078 4480 eos
2108 4441 2137 4479 a
2166 4425 2359 4481 marito
2405 4436 2712 4496 acceperat,
2736 4427 2901 4499 627
2950 4427 3296 4501 Hildeburgis
3329 4446 3427 4489 no;-

1833 4518 2001 4584 mine,
2036 4518 2203 4573 tilium
2237 4529 2289 4574 et
2316 4518 2481 4574 tiliam
2528 4500 2908 4587 ιιιιιιριιε,ἰ;ἰιιιι
2957 4521 3111 4577 valde
3136 4530 3341 4592 egeret,
3371 4530 3429 4579 et

1832 4705 2044 4770 liceret,
2102 4707 2317 4763 tandem
2376 4706 2535 4761 nobis
2581 4707 2842 4777 vendidit,
2889 4718 2943 4763 et
2973 4719 3192 4764 centum
3225 4709 3427 4785 solidos

1830 4797 2056 4873 proinde
2092 4812 2121 4851 a
2150 4797 2307 4853 nobis
2350 4800 2582 4868 accepit,
2629 4798 2702 4852 ita
2738 4809 2818 4865 ut,
2851 4802 3212 4870 pra:sentibus
3262 4801 3421 4861 Codi-

1831 4891 1969 4949 ciaci
2001 4891 2169 4946 castri
2198 4891 2535 4961 proceribus,
2570 4900 2678 4951 tam
2721 4892 2841 4965 ipsa.
2860 4909 3023 4963 quam
3060 4894 3200 4949 ﬁlius
3228 4906 3283 4965 et
3313 4894 3429 4965 liiia

1829 4984 1947 5053 ejus
1969 5001 1998 5039 a
2024 4994 2292 5056 potestate
2316 4984 2459 5040 feodi
2496 4999 2617 5047 sese
2647 4997 2931 5052 exuerent,
2974 4986 3215 5057 mihique
3250 4996 3303 5043 ct
3335 5003 3428 5043 ceu

1831 5078 2010 5151 closia:
2037 5079 2351 5145 redderent,
2378 5087 2435 5135 et
2450 5079 2657 5147 pariter
2684 5080 2885 5134 donum
2916 5078 3034 5147 ejus
3064 5095 3226 5148 super
3249 5079 3421 5139 altare

1830 5181 2117 5240 ponerent.
2175 5169 2311 5225 lluic
2353 5170 2718 5225 interfuerunt
2756 5170 3029 5229 Robertus
3057 5171 3420 5243 Castellauus.

1829 5249 2130 5337 Bainaldus
2174 5268 2457 5335 Belehere,
2511 5269 2628 5324 Ade
2662 5279 2716 5325 et
2748 5269 2940 5323 lterius
2967 5284 3090 5324 cum
3140 5278 3294 5337 patre
3324 5280 3425 5327 suo

1829 5361 2099 5428 Guidone,
2133 5361 2405 5416 Bobertus
2438 5361 2711 5433 Anguilla,
2750 5361 3023 5419 Gerardus
3062 5359 3231 5415 ltolle.

1905 5473 1924 5506 ι
1960 5453 2099 5522 Quin
2140 5456 2302 5509 etiam
2351 5469 2379 5507 a
2423 5454 2656 5523 quodam
2695 5454 2865 5507 utilite
2905 5451 2994 5522 qui
3032 5451 3423 5509 Guermundus

1828 5546 2251 5609 vocabatur,’ct
2293 5546 2344 5599 in
2387 5544 2787 5615 eleemosynam
2828 5545 3136 5613 accepimus
3170 5560 3419 5599 mansum

1827 5640 2115 5709 quemdam
2150 5639 2289 5708 apud
2322 5637 2596 5701 Remcias,
2628 5655 2786 5707 quem
2821 5654 2916 5706 pro
2944 5637 3140 5690 allodio
3173 5637 3417 5706 posside-

1828 5734 1921 5787 bat
1951 5750 1964 5784 :
1999 5746 2156 5801 quem
2186 5732 2348 5784 etiam
2376 5729 2741 5785 Fortmundus
2764 5730 3004 5800 quidam,
3032 5728 3191 5799 cujus
3214 5729 3420 5783 familia

1830 5831 1942 5881 tota
1969 5831 2086 5879 erat
2113 5821 2181 5878 de
2203 5818 2328 5893 jure
2356 5817 2603 5877 ecclesia:
2632 5828 2855 5887 nostra),
2887 5834 3008 5881 cum
3043 5829 3185 5887 terra
3211 5830 3417 5891 appen-
