4032 6336
555 341 698 407 “21

1488 336 1574 403 AD
1604 336 1759 399 OPP.
1805 328 2328 400 νεμξάυιιιεκτι
2368 334 2457 396 DE
2493 330 2888 397 NOVIGENTO

3709 335 3866 396 ιηκ

555 461 679 518 dice
722 459 792 517 ab
842 458 960 532 ipso
996 452 1349 515 Guermnndo
1380 455 1620 511 tenebat.
1653 453 1820 527 Cujus
1853 454 2143 527 largitione
2172 475 2218 537 Α
2252 452 2519 510 universis
2559 453 2614 509 in
2661 451 2881 509 Christo
2924 448 3173 509 ﬁdelibus
3214 426 3271 510 in
3314 458 3670 526 perpetuum.
3705 457 3871 526 Quo-

558 565 740 612 tamen
773 567 879 610 non
910 550 987 606 fui
1011 550 1276 621 ingratus,
1300 546 1396 604 sed
1421 546 1640 618 triginta
1667 548 1908 618 quinque
1940 546 2141 604 solidos

554 648 606 706 ei
637 644 864 708 contuli,
907 644 1034 714 quia
1073 658 1196 698 eum
1230 655 1521 712 pauperem
1566 640 1698 696 scivi
1733 654 1757 719 τ’
1780 641 1869 711 qui
1918 656 2141 697 mansus

554 751 668 797 tres
693 724 898 796 solidos
923 736 1304 793 Laudunensis
1332 745 1563 791 moneta
1587 734 1877 804 quotannis
1901 734 2063 791 solvit
2084 735 2138 791 in

551 834 848 891 festivitate
872 832 1043 888 sancti
1075 830 1329 903 Remigii.
1366 829 1464 885 Cui
1497 829 1640 885 dono
1667 827 1975 885 Furmelina
2002 844 2142 886 uxor

551 942 650 984 sua
679 927 912 982 libenter
952 923 1163 979 annuit.
1198 922 1267 977 Et
1306 918 1466 989 hujus
1496 921 1574 976 rei
1613 929 1780 977 testes
1810 930 1935 976 sunt
1964 920 2141 977 Guido

553 1022 621 1078 de
643 1021 807 1087 Guni,
839 1021 955 1076 Ado
983 1019 1147 1086 filius,
1180 1016 1361 1073 Helias
1395 1016 1460 1071 de
1489 1014 1648 1084 Fera,
1678 1014 1853 1072 Guido
1882 1014 2136 1073 illius.....

551 1115 952 1173 Gerelmus.....
986 1112 1267 1169 Albcricns
1304 1110 1370 1165 de
1397 1109 1645 1165 'l‘raveci.

626 1225 644 1259 ι
683 1206 793 1260 Hos
822 1213 948 1261 octo
983 1203 1187 1258 solidos
1217 1217 1339 1257 cum
1374 1200 1545 1256 tribus
1576 1200 1700 1266 illis,
1733 1200 1823 1271 qui
1856 1201 1921 1257 de
1950 1216 2140 1257 manso

550 1297 856 1359 solvuntur,
887 1311 986 1365 pro
1027 1293 1383 1349 anniversarii
1434 1293 1537 1348 mei
1586 1293 1673 1348 die
1718 1293 1975 1349 constitui
2016 1308 2138 1349 eum

552 1390 782 1447 consilio
813 1389 1041 1444 fratrum
1079 1398 1416 1451 nostrorum,
1448 1384 1579 1456 ipsis
1619 1384 1879 1449 fratribus
1908 1385 1974 1440 ad
2004 1399 2140 1454 quos

552 1483 831 1553 potuerint
882 1480 1161 1552 epularum
1218 1486 1510 1549 apparatus
1561 1478 1814 1533 dandos:
1858 1486 1913 1533 et
1945 1492 2008 1533 ea
2053 1478 2141 1533 die

549 1587 742 1629 omnes
788 1571 1030 1627 ecclesia:
1082 1571 1393 1627 sacerdotes
1447 1569 1641 1624 missas
1691 1568 1887 1640 singuli
1942 1568 2142 1639 quique

548 1673 790 1729 cantent,
822 1665 965 1719 sicut
1004 1664 1057 1719 in
1106 1664 1192 1719 die
1237 1662 1596 1719 ordinationis
1630 1661 1812 1718 facere
1851 1663 2048 1719 solent.
2081 1662 2139 1717 In

546 1756 659 1812 vita
706 1766 883 1813 autem
928 1772 1074 1819 mea.
1114 1758 1282 1813 etiam
1334 1756 1380 1811 si
1426 1757 1493 1812 ab
1540 1757 1754 1813 abbatia
1798 1756 2137 1826 decederem,

2246 548 2391 603 niam
2409 548 2699 620 Apostolus
2718 548 2981 621 pmcipit,
3006 550 3133 605 dum
3160 558 3372 621 tempus
3398 549 3869 622 habetis,0pera-

2247 641 2376 697 mini
2404 643 2603 698 bonum
2626 644 2691 698 ad
2716 659 2926 709 omnes,
2950 644 3188 699 maxime
3209 653 3389 700 autem
3415 646 3484 700 ad
3512 645 3872 700 domcsﬁcos

2247 734 2372 791 fidei
2408 734 2555 807 (Cal.
2589 753 2663 802 vt,
2703 737 2815 810 10).
2857 758 2874 791 ι
2928 736 3036 793 Nos
3080 747 3242 809 prout
3285 736 3574 809 pastoralis
3624 738 3869 792 solertia

2246 828 2433 900 exigit,
2473 831 2600 885 dum
2636 841 2851 902 tempus
2878 831 3158 893 habemus.
3193 847 3277 896 ea,
3304 847 3425 902 qua:
3453 831 3687 902 pietatis
3730 841 3871 885 sunt

2243 931 2297 976 et
2326 923 2733 987 misericordiae,
2767 924 2998 979 invicem
3027 925 3228 980 sectari
3258 923 3545 979 debemus.
3579 920 3877 977 Omnibus

2244 1016 2510 1085 siquidem
2564 1025 2750 1071 notum
2804 1032 2926 1073 esse
2980 1017 3257 1083 volumus,
3314 1025 3425 1071 tam
3484 1013 3870 1086 pmsentibus

2244 1122 2407 1178 quam
2458 1108 2679 1174 futuris,
2717 1109 3009 1164 Ratlulfum
3054 1102 3416 1180 Nigellensem
3462 1107 3866 1171 castellanum,

2244 1200 2310 1253 ab
2342 1200 2502 1255 lvone
2533 1200 2823 1268 bigellensi
2858 1201 3077 1256 domino
3106 1215 3202 1271 per
3228 1198 3642 1255 successionem
3678 1206 3869 1269 poste-

2243 1288 2446 1357 ritatis,
2475 1290 2530 1345 in
2569 1290 2743 1345 altare
2777 1291 2843 1347 de
2870 1291 3052 1357 Curci,
3087 1301 3194 1346 tam
3241 1293 3295 1347 in
3345 1291 3577 1347 minutis
3626 1290 3867 1348 decimis

2244 1397 2403 1452 quam
2437 1384 2491 1438 in
2520 1384 2829 1456 hoSpitibus
2857 1385 3010 1450 atrii;
3032 1401 3127 1442 seu
3162 1388 3216 1441 in
3251 1385 3631 1441 oblationibus
3676 1399 3866 1440 sacer-

2245 1475 2406 1541 dotis,
2435 1477 2823 1535 dintidietatem
2865 1494 2964 1551 per
3003 1480 3185 1535 omnia
3223 1481 3276 1534 in
3320 1480 3541 1535 feodum
3573 1479 3862 1545 tenuisse;

2245 1582 2447 1639 eosque
2477 1570 2669 1626 ambos
2710 1580 2837 1627 ante
2863 1587 2962 1627 nos
2992 1571 3270 1628 humiliter
3298 1574 3542 1638 venisse,
3577 1587 3859 1643 recogno-

2244 1673 2458 1719 SCentes
2498 1679 2660 1735 super
2690 1665 2793 1721 hoc
2831 1664 3044 1736 culpam
3081 1681 3257 1729 suam,
3294 1665 3767 1737 Radulplmmque
3806 1664 3859 1721 in

2244 1771 2465 1810 manum
2510 1757 2689 1814 lvonis
2737 1759 2881 1814 hunc
2920 1759 3137 1815 feodum
3176 1759 3503 1825 reddidisse,
3536 1770 3599 1816 et
3636 1760 3859 1817 lvonela

548 1857 644 1904 aut
683 1849 818 1904 alias
862 1848 1056 1919 quavis
1094 1848 1381 1904 occasione
1410 1848 1879 1919 transmigrarent,
1910 1847 1963 1900 in
2001 1845 2140 1902 festo
2172 1852 2215 1912 Β
2244 1848 2414 1905 libere
2442 1859 2498 1906 et
2521 1851 2767 1909 absolute
2793 1854 2849 1907 in
2874 1868 3095 1908 manum
3122 1861 3367 1908 nostram
3390 1854 3710 1918 remisisse,
3739 1868 3863 1909 eus-

547 1951 751 1999 sanctte
782 1942 962 1999 Lucite
992 1944 1209 1999 eosdem
1239 1942 1493 1999 denarios
1519 1943 1729 1999 dandos
1758 1942 2140 1999 constituimus

549 2032 615 2088 ad
646 2033 875 2090 fratrum
916 2034 1289 2091 refectionem.
1339 2034 1418 2090 Ex
1451 2036 1543 2091 Dei
1571 2052 1700 2109 ergo
1730 2048 1785 2093 et
1810 2050 1995 2093 nostra
2024 2053 2142 2093 om-

550 2129 698 2184 nium
752 2130 1079 2187 auctoritate
1127 2131 1664 2187 excommunicamus
1706 2141 1760 2187 et
1796 2132 1891 2187 Dei
1935 2130 2140 2200 judicio

548 2225 847 2280 addicimus
882 2240 1070 2281 omnes
1116 2225 1206 2295 qui
1254 2226 1353 2282 has
1395 2241 1664 2297 expensas
1706 2225 1955 2282 undecim
2003 2241 2140 2297 quos

547 2318 897 2388 praediximus
939 2318 1254 2387 solidorum,
1288 2322 1356 2377 ab
1381 2335 1447 2377 eo
1474 2322 1561 2378 cui
1589 2320 1842 2378 destinati
1870 2329 2017 2387 sunt,
2048 2335 2139 2376 re-

551 2411 839 2467 moverint.

623 2520 641 2554 ι
679 2503 872 2557 Actum
921 2503 1193 2561 lncarnati
1236 2504 1402 2562 Verbi
1442 2521 1584 2564 anno
1637 2505 1793 2562 1121.
1845 2494 1903 2561 S.
1931 2504 2137 2561 Alardi.

550 2593 607 2650 8.
646 2594 880 2651 Radulli.
928 2596 988 2654 S.
1039 2597 1308 2655 liainaldi.
1358 2600 1417 2655 S.
1449 2600 1631 2656 Alardi
1674 2600 2033 2657 refectorarii.
2077 2600 2135 2656 S.

548 2686 813 2743 Godil‘ridi
862 2691 1121 2746 cantoris.
1170 2689 1227 2747 8.
1270 2691 1493 2748 Otlonis.
1528 2691 1586 2746 8.
1619 2690 1900 2748 Gullermi.
1942 2690 2139 2746 Addel-

548 2779 643 2835 uti.
676 2816 692 2834 .
724 2819 737 2833 .
756 2820 770 2834 .
789 2819 803 2834 .
822 2819 837 2834 .
859 2821 872 2835 .
892 2820 907 2837 .
932 2820 947 2837 .
982 2782 1044 2836 S.
1073 2782 1222 2838 Adze.
1254 2783 1310 2838 S.
1336 2782 1611 2839 Fulconis.
1638 2783 1694 2838 S.
1722 2782 2061 2853 Leotiegarii,
2085 2790 2140 2838 et

548 2883 868 2932 ceterorum
899 2876 1162 2933 omnium.
1260 2916 1265 2921 ρ

616 2949 709 3022 ινί
747 2967 994 3025 Andreas
1030 2969 1186 3024 1124.
1228 2968 1387 3025 Prior
1412 2978 1571 3025 antea
1601 2970 1837 3026 cmnolm
1869 2967 2139 3040 Novigen-

548 3060 668 3117 tini.
716 3061 1012 3118 Nonnullas
1061 3064 1322 3121 benevolo
1369 3064 1551 3120 animo
1597 3062 2138 3119 Praimonstratensi-

545 3155 679 3221 bus,
730 3159 966 3213 maxime
1018 3157 1161 3229 apud
1215 3157 1529 3226 Bonolium,
1585 3157 1957 3230 possessiones
2009 3170 2138 3212 con-

547 3248 734 3304 cessit.

623 3358 643 3394 c
680 3341 735 3396 In
768 3342 987 3399 nomine
1016 3352 1217 3398 sancta:
1245 3352 1300 3399 et
1332 3343 1626 3399 individnze
1651 3342 1954 3398 Trinitatis.
2016 3368 2023 3373 ν

622 3452 642 3486 ε
684 3433 874 3490 Sciant
945 3450 1135 3492 omnes
1185 3446 1482 3507 praesentes
1534 3445 1589 3491 et
1635 3436 1798 3492 futuri
1848 3434 1991 3507 quod
2039 3448 2139 3506 ego

546 3524 796 3581 Andreas
850 3526 1019 3584 abbas
1074 3529 1289 3585 Sanctae
1324 3528 1505 3584 Mariae
1554 3526 1819 3599 Nogenti,
1876 3540 2138 3583 concessu

547 3617 769 3688 capituli
814 3620 1023 3685 nostri,
1075 3620 1317 3676 concessi
1396 3620 1642 3676 ecclesia:
1700 3619 2140 3675 Praemonstratte

545 3725 764 3767 onmem
826 3720 1028 3766 terram
1080 3711 1242 3767 alodii
1302 3714 1475 3768 nostri
1529 3712 1673 3784 quod
1731 3710 2141 3782 possidebamns

548 3804 691 3874 apud
740 3801 1060 3869 Bonolium,
1107 3819 1209 3873 per
1256 3818 1480 3859 censum
1533 3804 1789 3859 tredecim
1844 3800 2140 3857 solidorum

546 3905 781 3949 moneta:
826 3894 1282 3960 Vermandeusis,
1339 3896 1489 3951 omni
1536 3910 1679 3949 anno
1726 3893 2139 3965 persolvendum

548 3985 615 4041 ad
645 3983 1091 4041 Purificationem
1140 3996 1341 4041 sancta:
1380 3985 1476 4041 Dei
1522 3985 1803 4056 genitricis
1833 3983 2036 4038 Mariae.
2078 3984 2143 4039 Et

548 4079 655 4135 hoc
684 4088 862 4135 ratum
894 4086 949 4134 et
990 4078 1206 4133 firmum
1239 4078 1591 4134 attestalione
1619 4076 1777 4149 sigilli
1815 4076 1986 4131 nostri
2015 4091 2143 4131 con-

548 4168 856 4237 firmamus,
879 4180 933 4226 et
957 4168 1330 4225 inconvulsum
1361 4184 1682 4241 permanere
1706 4168 2066 4225 decernimus.

627 4282 647 4318 ‹
687 4264 858 4334 Hujus
895 4262 1261 4320 concessionis
1300 4274 1468 4319 testes
1502 4271 1647 4317 sunt.
1673 4260 1996 4319 Godel‘ridus
2027 4276 2141 4318 mo-

546 4357 757 4415 nachus
785 4367 840 4414 et
868 4368 1061 4414 cantor
1088 4358 1394 4431 Novigenti,
1426 4358 1736 4413 Bernartius
1766 4357 2137 4427 elecmosyna-

548 4450 687 4517 rius,
726 4448 1028 4507 Adelardus
1076 4453 1396 4518 monachus,
1428 4450 1739 4507 Adelelmns
1786 4450 2136 4516 secretarius,

2243 1956 2349 2010 que
2376 1941 2430 1995 in
2459 1956 2749 2000 commune
2778 1959 2877 2000 nos
2908 1960 3034 2000 cum
3067 1946 3355 2003 devotione
3392 1962 3596 2017 magna
3634 1963 3859 2015 rogasse

2243 2045 2534 2103 quatenus,
2553 2052 2650 2106 pro
2670 2037 2957 2094 animabus
2980 2048 3388 2096 antecessorum
3415 2040 3861 2112 suorum,“

2244 2137 2298 2182 et
2322 2128 2629 2199 specialiter
2652 2145 2753 2202 pro
2776 2130 2958 2186 anima
2981 2130 3253 2187 Guillelmi
3277 2133 3468 2188 fratris
3492 2130 3743 2193 Radulti,
3768 2132 3859 2202 qui

2243 2218 2298 2274 in
2330 2221 2662 2277 monasterio
2706 2221 2880 2278 beata
2921 2222 3105 2279 Maria:
3139 2222 3373 2297 Nogenti
3417 2226 3739 2280 monachus
3782 2224 3859 2278 fa-

2243 2320 2384 2381 ctus,
2411 2322 2465 2369 et
2505 2314 2755 2385 sepultus
2800 2325 2903 2381 est,
2934 2317 3113 2373 eidem
3160 2317 3499 2374 monasterio
3536 2321 3651 2375 hoc
3680 2319 3858 2374 eccle—

2243 2405 2524 2463 siasticum
2575 2407 2903 2466 beneﬁcium
2953 2411 3433 2484 contraderemusj,
3486 2421 3546 2469 et
3593 2415 3857 2469 canonice

2244 2499 2614 2558 firmaremus.

2319 2610 2339 2644 ι
2379 2591 2490 2649 Nos
2518 2588 2683 2667 igitur
2713 2595 2990 2653 devotioni
3021 2612 3212 2655 eorum
3258 2598 3709 2671 aggratulantes,
3740 2602 3853 2667 tibi,

2242 2682 2415 2741 frater
2443 2688 2657 2743 Andrea
2693 2690 3023 2760 supradictae
3048 2691 3295 2749 ecclesia:
3323 2695 3669 2750 venerabilis
3700 2696 3855 2759 abba,

2244 2778 2460 2847 tuisque
2510 2775 2951 2849 successoribus,
2998 2782 3370 2855 fratribusque
3416 2784 3555 2841 inibi
3603 2787 3721 2843 Deo
3750 2803 3856 2843 ser-

2241 2871 2536 2940 vientibus,
2570 2874 2834 2945 quidquid
2882 2877 2934 2932 in
2987 2876 3161 2934 altare
3209 2880 3276 2934 de
3319 2878 3484 2935 Cnrci
3530 2881 3855 2951 Radulphus

2241 2965 2580 3022 saeculariter
2616 2970 2859 3034 tenebat,
2900 2985 3002 3027 nos
3037 2971 3413 3030 ecclesiastice
3456 2974 3855 3046 possidendum

2241 3059 2472 3117 ulterius
2512 3077 2613 3132 pro
2659 3062 2946 3121 animabus
2994 3066 3460 3136 praedecessorum
3512 3076 3851 3129 nostrorum.

2244 3161 2299 3207 et
2345 3154 2536 3209 matris
2582 3171 2719 3211 meae
2768 3158 3151 3225 concedimus;
3192 3169 3251 3215 ut
3292 3159 3435 3230 quod
3478 3160 3628 3217 laica
3668 3178 3855 3216 manus

2166 3217 2214 3281 C
2245 3247 2516 3305 hactenus
2552 3249 2602 3304 in
2648 3253 3020 3308 sanctuarium
3064 3252 3160 3309 Dei
3210 3254 3349 3311 male
3391 3256 3597 3319 tenuit,
3630 3257 3853 3342 ecclesia

2244 3349 2332 3397 tua
2365 3344 2622 3414 deinceps
2654 3346 2789 3400 bene
2826 3355 2882 3401 et
2926 3347 3096 3403 libere
3137 3348 3435 3418 possideat.
3467 3348 3776 3422 Presbyter
3805 3352 3849 3405 in

2240 3436 2501 3504 parochia
2537 3445 2632 3491 tuo
2661 3453 2885 3494 assensu
2918 3454 3017 3509 per
3054 3457 3273 3496 manum
3305 3443 3553 3514 episcopi
3597 3454 3849 3513 j'onatur.

2244 3527 2303 3583 Si
2347 3530 2476 3599 quid
2516 3545 2646 3586 vero
2693 3532 2748 3587 in
2801 3534 2991 3589 eadem
3034 3535 3292 3605 parocbia
3326 3547 3381 3591 tu
3412 3548 3472 3592 et
3504 3553 3851 3595 δωσίδικοι-ες

2244 3621 2345 3689 tui,
2377 3623 2489 3679 Deo
2516 3623 2833 3689 auxiliante,
2868 3627 3153 3697 acquirere
3183 3630 3453 3700 poteritis,
3501 3631 3673 3704 hujus
3700 3634 3849 3689 char-

2246 3714 2370 3769 tulaa
2397 3717 2681 3773 sanctione
2712 3718 3014 3776 firmamus.

2320 3826 2341 3861 ι
2378 3808 2449 3865 Ut
2478 3810 2647 3880 igitur
2675 3812 2790 3869 haec
2821 3816 3004 3870 omnia
3047 3827 3159 3873 rata
3192 3830 3246 3873 et
3278 3820 3604 3877 inconvnlsa
3642 3838 3849 3894 penna.

2244 3911 2431 3957 neant.
2461 3905 2831 3977 praecipimus,
2864 3917 2920 3962 et
2962 3909 3125 3982 sigilli
3175 3914 3343 3968 nostri
3381 3915 3771 3985 impressione,
3798 3928 3851 3972 et

2248 3995 2463 4049 testium
2492 3998 2867 4066 suppositione
2900 4003 3345 4068 corroboramus,
3376 4016 3430 4061 et
3462 4023 3534 4062 ne
3565 4008 3695 4077 quis
3720 4025 3850 4078 prx-

2243 4094 2490 4156 sumplor
2541 4087 2645 4143 hoc
2694 4091 2893 4146 donum
2951 4092 3154 4149 violare
3206 4112 3446 4167 unquam
3520 4112 3846 4170 prmsnmat.

2244 4176 2606 4234 anathematis
2640 4178 2984 4248 inhibitionc,
3018 4186 3345 4243 auctoritate
3375 4193 3553 4245 sancti
3591 4190 3847 4262 Spiritus,

2242 4270 2613 4340 prohibemus.
2642 4272 2811 4345 Hujus
2839 4278 2914 4331 rei
2948 4286 3111 4335 testes
3138 4291 3264 4335 sunt
3291 4284 3560 4352 suppositi
3596 4303 3614 4339 :

2320 4383 2339 4416 ε
2377 4364 2435 4419 8.
2469 4365 2708 4421 Simonis
2747 4370 3010 4443 episcopi.
3063 4372 3120 4429 S.
3158 4373 3400 4445 Hngonis
3441 4379 3849 4438 archidiaconi.

2244 4456 2301 4512 8.
2329 4456 2578 4514 Balduini
2615 4462 2828 4518 decani.
2884 4466 2941 4519 8.
2992 4464 3136 4521 Petri
3184 4471 3442 4525 cantoris.
3492 4470 3551 4527 S.
3602 4477 3849 4547 magistri

546 4539 1216 4637 Albericus-praepositns,
1259 4540 1555 4637 Herbet‘ius
1590 4542 1923 4606 eellcral‘IUS.
1973 4540 2140 4596 F0160
2175 4581 2219 4637 Β
2245 4550 2413 4607 Petri.
2442 4555 2499 4617 S.
2530 4554 3090 4627 Theodericiabbatis
3115 4561 3297 4617 Sancti
3330 4564 3484 4635 Eligii
3515 4539 3800 4625 Noviomi.

547 4643 705 4701 puer,
738 4630 930 4685 lterius
965 4646 1121 4701 puer,
1152 4641 1206 4685 et
1236 4632 1440 4687 caeteri.

626 4739 645 4771 ι
684 4720 749 4775 Et
776 4722 842 4776 de
872 4724 1061 4777 eadem
1084 4723 1504 4778 Prwmonstrata
1545 4724 1794 4786 ecclesia.
1828 4724 1982 4796 Hugo
2016 4733 2143 4780 tunc

549 4813 810 4883 temporis
832 4814 1021 4880 abbas,
1053 4816 1327 4875 Gerardus
1367 4818 1536 4889 prior,
1571 4818 1896 4875 Hardwinus
1927 4831 2138 4886 cantur,

548 4903 745 4961 Petrus
791 4904 1072 4972 diaconus,
1122 4908 1429 4965 Almoricns
1478 4910 1757 4975 diaconus,
1788 4911 1981 4977 Adam,
2014 4911 2142 4967 Thi-

548 4996 762 5066 baldus,
797 4999 1136 5067 subdiaconi,
1168 5001 1484 5068 Rainaldus,
1510 5003 1767 5072 Joannes,
1800 5006 1971 5075 pueri.

626 5110 644 5143 ι
678 5091 839 5147 Anno
867 5092 1264 5151 incarnationis
1292 5094 1502 5151 Domini
1533 5097 1691 5161 1129,
1725 5098 2016 5155 indictione
2040 5114 2140 5165 vn,

549 5194 736 5258 epacta
771 5202 962 5252 xxvut,
992 5203 1146 5244 conc.
1172 5205 1210 5245 1.
1242 5208 1261 5243 ι

619 5278 932 5351 Radulphns
976 5291 1155 5337 autem
1200 5282 1551 5350 castellanus,
1585 5292 1640 5339 et
1681 5284 1771 5339 lvo
1816 5284 2142 5357 Nigellcnsis

549 5370 880 5440 Ecclesiam,
937 5391 1098 5446 quam
1149 5377 1347 5448 injuste
1389 5379 1755 5449 usurpabant,
1810 5382 2143 5450 approbante

552 5465 771 5521 Simone
805 5465 1154 5524 Noviomensi
1200 5469 1472 5540 episcopo,
1519 5470 1735 5526 tradunt
1773 5473 2000 5527 Andreae
2042 5474 2141 5527 ab-

549 5557 684 5623 bati,
713 5566 768 5611 et
799 5562 1083 5617 monachis
1107 5561 1167 5616 Β.
1195 5561 1375 5617 Maria:
1397 5562 1767 5634 Novigentinm
1797 5606 1809 5619 .
1842 5565 1918 5620 En
1950 5566 2143 5621 tabulae

550 5647 883 5703 donationis.

628 5758 646 5791 ι
679 5740 733 5793 lu
763 5741 982 5795 nomine
1007 5741 1206 5809 Patris,
1239 5753 1293 5799 et
1317 5745 1456 5809 Filii,
1489 5756 1544 5801 et
1572 5746 1808 5818 Spiritus
1835 5751 2040 5808 Sancti.

632 5849 651 5885 ς
684 5830 799 5901 Ego
823 5828 1013 5889 Simon
1036 5832 1130 5889 Dei
1154 5837 1349 5906 gratia,
1374 5837 1810 5896 Noviomensium
1835 5844 2119 5918 episcopus

2322 4661 2342 4695 ‹
2375 4642 2568 4699 Actum
2595 4644 2859 4705 Noviomo
2885 4650 2937 4705 in
2967 4656 3253 4720 praesentia
3294 4655 3537 4715 Simonis
3578 4663 3853 4732 episcopi.

2244 4751 2387 4791 anno
2432 4739 2500 4793 ab
2543 4738 2923 4797 lncarnationc
2973 4743 3183 4801 Domini
3237 4748 3409 4803 nostri
3457 4748 3591 4807 Jesu
3647 4752 3855 4810 Christi

2245 4830 2560 4897 millesimo,
2592 4835 2890 4891 centesimo
2931 4838 3209 4896 tricesimo
3236 4844 3500 4901 secundo.
3531 4845 3654 4918 Ego
3699 4848 3854 4921 Ruga

2244 4923 2603 4978 cancellarius
2632 4927 2951 4999 subscripsi.
2997 4949 3015 4983 ι

2320 5012 2381 5068 γ.
2420 5014 2596 5069 Bruuo
2643 5016 2776 5072 1140
2824 5019 3114 5077 ecclesiam
3165 5026 3555 5085 canonicorum
3599 5029 3854 5089 Codicia-

2245 5105 2511 5171 censium,
2555 5116 2609 5162 et
2662 5109 2748 5179 pia
2800 5112 3047 5182 quaedam
3086 5115 3191 5171 alia
3238 5118 3464 5176 donaria
3514 5121 3850 5195 lngelranni,

2245 5208 2361 5255 rata
2392 5202 2501 5255 vult
2533 5202 2960 5265 Bartholomreus
2983 5208 3366 5271 Laudunensis
3395 5216 3690 5290 episcopus
3720 5221 3851 5277 hoc-

2245 5305 2307 5347 ce
2331 5291 2624 5363 diplomate
2654 5310 2669 5350 :

2320 5403 2338 5437 ι
2376 5385 2428 5439 lu
2474 5388 2693 5475 nomine
2742 5389 2941 5458 Patris,
2974 5401 3029 5449 et
3070 5392 3213 5458 Filii,
3247 5406 3303 5452 et
3353 5396 3596 5471 Spiritus
3644 5404 3849 5461 sancti.

2244 5476 2357 5548 Ego
2395 5477 2822 5537 Bartbolommus
2871 5483 2962 5538 Dei
3005 5489 3178 5555 gratia
3227 5488 3677 5548 Laudunensium
3727 5498 3846 5564 epi-

2245 5584 2459 5639 scopus.
2508 5570 2772 5639 Quoniam
2813 5578 3102 5647 Apostolus
3147 5583 3415 5653 prtecipit,
3455 5586 3583 5638 dun
3631 5598 3850 5658 tempus

2245 5663 2479 5731 habetis,
2507 5668 2805 5736 operamini
2840 5670 3040 5726 bonum
3072 5674 3138 5728 ad
3168 5690 3377 5739 omnes,
3397 5678 3636 5733 maxime
3658 5692 3846 5737 autem

2246 5757 2310 5811 ad
2348 5759 2676 5814 domesticos
2714 5760 2837 5817 fidei
2875 5761 3018 5833 (Gal.
3048 5781 3127 5833 v1,
3162 5768 3275 5839 i0),
3316 5774 3416 5825 nos'
3448 5785 3611 5839 prout
3660 5785 3849 5843 pasto-

2246 5850 2372 5905 r:-lis
2409 5850 2627 5905 solertia
2668 5853 2855 5925 exigit,
2887 5856 3012 5912 dum
3059 5867 3271 5931 tempus
3308 5862 3588 5932 habemus,
3624 5881 3689 5921 ea
3722 5883 3851 5938 qua
