4032 6336
166 434 309 490 Ηῆέ)

1298 438 1509 495 DOMNI
1546 439 1607 493 L.
1638 436 1978 493 D’ACIIERY
2019 440 2243 496 ΝΟΤιΕ.

3291 413 3424 509 nae

160 528 386 622 pietatis
415 558 540 603 sunt
574 559 628 603 et
668 550 1071 615 miSericorditc,
1104 551 1336 607 invicem
1371 552 1566 607 sectari
1592 551 1749 606 debc-
1780 552 1828 609 A
1856 551 2017 607 domo
2063 554 2425 623 adiacentium
2462 558 2734 625 villarum,
2770 576 2868 630 pro
2908 564 3195 620 reficiendo
3241 579 3425 635 ponte,

162 657 307 697 mus.
345 640 610 696 Omnibus
648 641 912 711 siquidem
954 652 1137 697 notum
1173 658 1296 699 esse
1343 644 1609 707 volumus,
1640 652 1749 697 tam

164 732 369 807 futuris
409 747 569 803 quam
620 734 1001 802 praesentibus,
1038 736 1184 804 quod
1231 734 1582 807 lngelrannus
1613 734 1752 789 (ilius

165 821 393 879 'l‘bomae
445 822 734 878 ecclesiam
789 824 842 878 in
894 833 1075 879 castro
1132 824 1503 881 Codiciacensi
1556 824 1749 887 sitam,

165 932 332 987 quam
374 918 635 972 hactenus
677 923 863 972 contra
890 917 979 986 jus
1013 918 1442 973 ecclesiasticum
1486 924 1749 980 tenuerat,

165 1019 268 1074 per
297 1020 400 1066 me.
426 1013 482 1059 et
507 1020 607 1075 per
635 1006 994 1061 venerabilem
1028 1007 1248 1063 fratrem
1279 1017 1523 1063 nostrum
1546 1006 1753 1061 Goisle-

166 1108 299 1149 num
348 1095 799 1151 Snessioucnsem
850 1097 1181 1167 episcopum,
1212 1098 1408 1153 crebro
1447 1110 1607 1163 super
1652 1096 1753 1149 hoc

164 1187 569 1255 commonitus,
610 1189 829 1243 tandem
876 1187 1059 1245 divina
1107 1189 1458 1259 inspiratione
1488 1202 1749 1257 compun-

164 1282 313 1344 ctus,
345 1281 592 1335 absolute
623 1280 676 1335 in
707 1295 869 1337 manu
902 1292 1087 1337 nostra
1112 1281 1368 1344 reddidit,
1398 1278 1450 1334 id
1478 1277 1674 1333 obnixe
1700 1286 1754 1332 et

169 1369 364 1436 devote
393 1386 422 1422 a
451 1370 611 1424 nobis
639 1380 923 1440 expetens,
955 1380 1014 1425 ιιι
1046 1371 1290 1428 eamdem
1320 1368 1605 1425 ecclesiam
1636 1383 1754 1423 mo-

164 1460 410 1515 nasterio
441 1461 613 1517 beatae
643 1461 826 1517 Mariae
858 1463 926 1519 de
958 1461 1257 1534 Novigento
1284 1460 1749 1526 contraderemus,

167 1560 228 1608 et
250 1553 509 1608 canonice
539 1552 902 1609 firmaremus.

251 1659 271 1693 ι
312 1639 423 1696 Nos
477 1642 639 1712 igitur
683 1642 928 1712 petitioni
984 1641 1100 1710 ejus
1152 1651 1430 1715 gratanter
1472 1655 1751 1696 assensum
1792 1644 1811 1659 ’

167 1732 493 1800 praebentes,
530 1732 646 1796 tibi,
674 1732 846 1789 frater
869 1733 1074 1799 Brttno,
1103 1733 1394 1803 supradicti
1439 1730 1751 1787 monasterii

170 1808 498 1875 venerabilis
530 1820 664 1876 abba
708 1822 918 1892 tuisque
950 1822 1376 1886 successoribus,
1403 1831 1458 1877 et
1496 1818 1753 1876 fratribus

172 1911 306 1967 inibi
339 1913 448 1967 Deo
476 1912 834 1968 servientibus
868 1911 1147 1982 praefatam
1165 1911 1467 1972 ecclesiam
1495 1917 1754 1980 perpetuo

170 2002 549 2070 possidendam
586 2005 952 2068 concedimus,
984 2004 1056 2057 ita
1099 2003 1349 2058 videlicet
1393 2013 1450 2055 ut
1488 2000 1756 2056 deceden—

172 2090 321 2147 tibus
365 2091 641 2147 canonicis
683 2092 1000 2161 praebendas
1045 2092 1282 2161 ipsorum
1320 2089 1539 2153 habeas,
1576 2100 1629 2143 ei
1660 2104 1757 2159 pro

171 2179 432 2237 facultate
446 2181 553 2237 loci
578 2191 977 2253 consequenter
999 2181 1387 2236 monachorum
1418 2178 1549 2233 inibi
1576 2194 1762 2233 nume-

172 2286 296 2327 rum
325 2272 637 2328 substituas.

250 2380 272 2413 ς
304 2362 572 2419 Prtefatus
611 2362 800 2418 itidem
841 2361 1196 2434 lngelrannus
1225 2360 1330 2417 sub
1360 2362 1492 2417 turri
1519 2361 1760 2417 ecclesiae

171 2452 441 2521 capellam
486 2454 727 2507 construi
769 2452 919 2517 fecit,
957 2452 1011 2506 in
1053 2467 1183 2522 qua,
1209 2460 1271 2506 ut
1312 2450 1554 2521 quotidie
1597 2450 1760 2506 missa

175 2540 551 2596 defunctorum
592 2557 690 2611 pro
730 2542 910 2597 anima
949 2541 1120 2612 patris
1166 2540 1248 2597 sui
1290 2540 1534 2604 Thomtr,
1563 2550 1618 2595 et
1662 2556 1761 2611 pro

174 2633 459 2693 animabus
486 2633 726 2690 omnium
759 2632 994 2689 fidelium
1029 2632 1423 2698 defunctorum,
1452 2618 1760 2688 celebrare-

174 2732 288 2789 tur,
316 2724 532 2778 hortatu
566 2723 963 2793 religiosorum,
1004 2731 1193 2791 rogatu
1226 2722 1391 2776 etiam
1426 2721 1617 2776 matris
1652 2735 1762 2775 suae

178 2811 508 2878 Milesendis,
534 2821 590 2868 et
634 2813 882 2869 Rotberti
930 2812 1117 2868 fratris
1151 2811 1256 2877 sui,
1301 2820 1356 2867 et
1399 2810 1603 2866 sororis
1651 2824 1763 2864 suae

178 2900 519 2969 Milcsendis,
556 2888 613 2958 et
649 2917 875 2959 assensu
925 2918 1211 2974 procerum
1257 2918 1508 2967 suorum,
1548 2902 1759 2955 vineam

174 2994 468 3063 quamdam
533 2994 602 3049 ab
651 2995 798 3049 omni
859 2995 1253 3051 consuetudine
1304 2994 1563 3059 liberam,
1627 2994 1763 3048 duos

176 3082 390 3139 modios
428 3082 686 3138 frumenti
732 3084 799 3139 ad
850 3083 1083 3155 terragia
1118 3083 1369 3139 Cocciaci
1414 3082 1574 3148 villae,
1616 3090 1671 3137 et
1693 3084 1760 3136 ad

181 3182 549 3229 transversum
604 3174 671 3229 de
719 3172 1070 3230 Blarencurte
1115 3173 1368 3242 triginta,
1416 3173 1483 3227 ad
1537 3172 1759 3227 Casnels

178 3277 312 3319 vero
342 3264 526 3319 decem
554 3263 756 3318 solidos
781 3265 835 3321 in
861 3263 1000 3320 festo
1027 3264 1169 3320 beati
1206 3263 1435 3334 Remigii
1468 3263 1760 3334 quotannis

175 3352 569 3423 persolvendos
630 3354 980 3408 contradidit.
1055 3354 1210 3409 Dedit
1268 3354 1337 3408 ad
1398 3363 1763 3409 transversum

179 3444 619 3513 Codieiacensem
659 3444 847 3514 viginti
878 3444 1078 3500 solidos
1110 3444 1175 3499 ad
1205 3443 1492 3498 luminaria
1519 3442 1765 3499 ecclesiae

174 3533 585 3598 concinnanda;
629 3542 686 3588 et
714 3533 1056 3588 confirmavit
1095 3532 1292 3589 donum
1319 3533 1544 3588 duorum
1573 3531 1762 3587 videli-

173 3631 271 3678 cet
297 3622 616 3688 solidorum,
660 3623 804 3692 quod
840 3632 996 3692 pater
1036 3631 1091 3677 et
1140 3633 1313 3678 mater
1348 3632 1476 3677 ante
1522 3620 1766 3677 fecerant

176 3713 329 3771 omni
359 3714 587 3784 septima
615 3714 683 3768 ad
715 3713 1062 3769 refectionem
1089 3714 1341 3768 fratrum.

256 3822 279 3858 ι
316 3803 676 3862 Contulerunt
715 3805 881 3859 etiam
921 3820 1081 3874 pares
1111 3806 1403 3876 supradicti
1446 3806 1649 3862 castelli
1689 3807 1766 3861 ei-

180 3896 304 3952 dem
345 3894 678 3950 monasterio
706 3909 806 3963 pro
839 3894 1123 3951 animabus
1159 3896 1292 3960 suis,
1323 3903 1377 3949 et
1410 3896 1764 3963 praedecesso-

182 4000 304 4041 rum
348 3999 570 4041 suorum
611 3996 626 4038 :
672 3984 965 4039 Botbertus
1012 3985 1080 4041 de
1120 3984 1265 4051 Cais,
1299 4000 1330 4038 v
1372 3983 1575 4039 solidos
1614 3983 1767 4039 bonae

184 4086 416 4135 monetae
453 4075 682 4147 singulis
706 4075 866 4131 antiis
904 4075 972 4131 ad
1009 4086 1378 4131 transversum
1410 4073 1763 4148 Qodiciaceu-

180 4182 329 4230 sem;
375 4162 671 4220 Rainaltlus
710 4163 988 4226 Beleliere,
1023 4179 1076 4219 ιιι
1122 4163 1325 4218 solidos
1354 4162 1623 4217 cenSualis
1656 4176 1766 4216 mo-

180 4267 325 4314 neta:
349 4258 416 4312 ad
441 4272 664 4312 censum
691 4271 849 4313 suunt
880 4256 946 4312 de
977 4254 1361 4309 Morilencurte
1386 4252 1763 4322 accipiendos;

180 4349 303 4403 Ado
330 4348 396 4403 de
420 4349 580 4414 Luni,
616 4364 668 4404 ιιι
712 4346 1240 4403 solidos'cursabilis
1278 4355 1533 4410 monetae;
1574 4344 1768 4399 lterius

185 4439 360 4496 frater
386 4440 524 4509 ejus,
551 4457 608 4497 xt
642 4439 874 4506 solidos;
905 4439 1201 4494 Rothertus
1231 4437 1463 4503 Vitulus,
1499 4453 1577 4491 xn
1605 4438 1767 4492 deua-

1786 3218 1836 3281 Ο

1854 642 2033 695 abbati
2087 654 2136 698 et
2193 648 2472 703 monachis
2514 649 2567 703 iit
2612 660 2932 722 perpetuum
2984 656 3255 711 habendos
3301 673 3423 713 con-

1854 733 2035 786 cessit.

1930 838 1949 871 t
1993 820 2062 876 Ut
2088 832 2267 877 autem
2310 825 2423 879 htec
2469 828 2649 883 omnia
2695 830 2749 885 in
2806 841 3077 901 posterum
3109 836 3425 893 inconcussa

1854 920 2227 978 permaneant,
2271 914 2635 972 anathematis
2690 919 3095 990 interpositione
3138 927 3428 981 confirma.

1856 1014 1994 1065 mus,
2036 1000 2193 1068 sigilli
2251 1001 2414 1055 etiam
2462 1006 2632 1059 nostri
2692 1008 3044 1079 impressione
3102 1024 3155 1070 et
3212 1017 3426 1071 testium

1854 1088 2223 1158 suppositione
2251 1093 2692 1151 corroboramus.

1927 1196 1946 1227 ι
1993 1177 2217 1250 Signum
2285 1183 2663 1242 Bartholommi
2738 1188 3108 1248 Laudunensis
3173 1198 3427 1267 episcopi.

1856 1266 2079 1339 Signum
2110 1272 2326 1328 Ernaldi
2378 1277 2766 1334 archidiaconi.
2833 1282 2890 1335 s.
2943 1266 3432 1341 Bartltolomzniar-

1854 1365 2157 1421 chidiaconi
2233 1378 2289 1422 et
2359 1370 2707 1426 thesaurarii.
2758 1372 2814 1426 8.
2904 1372 3167 1431 Guidonis
3220 1378 3430 1432 decani.

1856 1453 1914 1510 S.
1947 1456 2155 1513 Milonis
2180 1460 2549 1529 prtecentoris.
2578 1462 2639 1517 S.
2694 1464 2933 1519 Anselmi
2988 1467 3200 1522 abbatis
3246 1469 3432 1523 Sancti

1859 1547 2154 1604 Vincentii.
2209 1549 2269 1605 S.
2315 1552 2563 1607 Baltluini
2615 1554 2837 1610 abbatis
2871 1555 3057 1611 Sancti
3085 1556 3330 1613 Joannis.
3375 1558 3431 1613 S.

1854 1639 2041 1695 Leonii
2074 1644 2284 1698 abbatis
2313 1645 2497 1699 Sancti
2528 1644 2823 1700 Michaelis.
2856 1644 2913 1700 S.
2944 1646 3205 1703 Gualterii
3228 1649 3437 1704 abbatis

1858 1728 2041 1783 Sancti
2071 1729 2306 1786 Martini.
2339 1731 2395 1786 S.
2427 1731 2717 1788 Gisleberti
2747 1733 2960 1788 abbatis
3015 1733 3201 1789 Sancti
3232 1734 3433 1790 Nicolai

1856 1818 1924 1873 de
1952 1818 2123 1873 Saltu.
2384 1892 2387 1893 ν

1928 1930 1947 1962 ι
1959 1911 2150 1965 Actum
2166 1911 2407 1968 Lauduni
2422 1929 2564 1968 anno
2576 1912 3265 1970 Dominicaelncarnationis
3279 1916 3434 1971 “38.

1935 2025 1952 2055 ι
1985 2007 2115 2060 Data
2142 2022 2238 2075 per
2268 2023 2483 2062 manum
2507 2007 2725 2062 Ernaldi
2748 2008 3077 2063 cancellarii.
3111 2028 3129 2060 ι

1931 2094 2062 2161 Quae
2115 2093 2457 2150 Norbertinze
2530 2089 2779 2151 familim'
2816 2096 3049 2151 alumnis
3098 2108 3439 2153 concesserat

1860 2200 1990 2240 suus
2020 2185 2296 2251 decessor,
2319 2186 2608 2241 confirmat
2631 2187 2838 2241 Bruno.

1931 2276 2002 2329 At
2056 2274 2427 2331 controversia
2471 2275 2777 2329 Brunonem
2842 2276 2983 2329 inter
3034 2282 3090 2329 et
3159 2273 3437 2346 ilugonem

1862 2366 2270 2422 Praimonstrati
2320 2367 2591 2431 abbatem,
2644 2366 2814 2435 sopita
2869 2365 3086 2420 tandem
3130 2373 3213 2419 est
3265 2364 3441 2418 istbac

1862 2457 2239 2513 Bartholomaei
2272 2457 2646 2512 Laudunensis
2675 2457 2943 2512 sententia
2968 2455 3293 2511 decretoria.

1938 2567 1958 2600 ι
1995 2548 2051 2603 ιιι
2081 2548 2297 2602 nomine
2344 2546 2538 2610 Patris,
2600 2555 2655 2601 et
2696 2546 2840 2609 Filii,
2892 2557 2949 2601 et
2979 2546 3213 2617 Spiritus
3243 2545 3438 2599 sancti.

1862 2639 2055 2693 Amen.
2095 2636 2519 2692 Bartholomazus
2575 2636 2669 2691 Dei
2720 2637 2890 2707 gratia
2943 2636 3001 2691 S.
3064 2634 3439 2691 Laudunensis

1865 2729 2117 2784 Ecclesia:
2150 2729 2368 2784 humilis
2400 2728 2668 2791 minister,
2702 2728 2899 2783 dilecto
2942 2727 3051 2782 filio
3078 2742 3175 2783 suo
3199 2726 3437 2780 Brunoni

1866 2820 2049 2876 abbati
2082 2818 2142 2876 S.
2174 2818 2358 2874 Maria
2387 2820 2454 2874 de
2480 2819 2802 2889 Novigeuto,
2864 2820 3085 2889 suisque
3111 2816 3443 2873 successori-

1862 2911 1966 2966 bus
1990 2910 2046 2965 in
2093 2919 2435 2980 perpetuum.
2486 2908 2617 2973 Qum
2665 2908 2730 2961 ad
2783 2904 2971 2976 pacem
3015 2906 3378 2963 Ecclesiarum
3409 2920 3441 2957 a

1865 2999 2149 3055 catholicis
2197 3000 2466 3069 episc0pis
2514 2998 2655 3053 inter
2681 2998 2961 3069 religiosas
2987 2997 3223 3051 maxime
3250 3010 3441 3066 perso-

1865 3089 2137 3159 nasjuste
2181 3088 2454 3153 ordinata,
2498 3088 2758 3142 canonice
2820 3085 3063 3141 stabilita
3109 3092 3255 3149 sunt,
3286 3082 3440 3137 firma

1867 3180 2067 3236 debent
2085 3188 2140 3235 et
2162 3189 2417 3249 perpetua
2443 3192 2576 3248 pace
2612 3176 2834 3231 muniri.

1939 3291 1960 3324 ι
1993 3272 2066 3326 Ea
2091 3269 2538 3340 propter,dilecte
2562 3268 2661 3330 ﬁli,
2686 3267 3043 3338 quaastionem
3074 3278 3192 3335 quae
3220 3264 3361 3318 inter
3393 3271 3443 3317 te

1865 3370 1922 3416 et
1942 3361 2198 3417 dilectum
2259 3359 2425 3414 lilium
2476 3358 2754 3427 llugoncm
2796 3355 3049 3411 abbatem
3074 3357 3141 3409 de
3165 3348 3439 3408 Prmmon-

1865 3461 2059 3520 strato,
2091 3452 2295 3508 nostris
2317 3449 2650 3519 temporibus
2694 3462 2905 3503 emersa
2951 3454 3055 3511 est,
3086 3459 3183 3516 per
3210 3443 3441 3514 gratiam

1865 3545 1962 3601 Dei
2001 3552 2329 3614 cooperante
2374 3542 2648 3597 confratre
2696 3547 2882 3595 nostro
2926 3536 3181 3594 Goisleno
3211 3548 3441 3590 venera-

1865 3635 1959 3693 bili
1994 3635 2319 3693 Suessorum
2363 3633 2639 3702 episcopo,
2691 3631 2759 3684 ad
2816 3629 3034 3700 plenum
3092 3626 3338 3693 deﬁnire,
3390 3634 3445 3680 et

1864 3724 2115 3796 praesenti
2154 3723 2351 3792 pagina
2376 3732 2486 3776 tam
2536 3720 2733 3775 futuris
2772 3734 2935 3790 quam
2964 3718 3323 3789 praesentibus
3348 3730 3443 3770 no-

1867 3825 1981 3870 tum
2019 3814 2199 3869 facere
2233 3826 2507 3867 curamus.

1941 3924 1960 3957 t
1998 3903 2142 3960 Sane
2201 3912 2421 3959 constat
2479 3900 2762 3958 ecclesiam
2818 3901 2885 3956 de
2937 3897 3345 3964 Cocciacovilla,
3389 3906 3445 3952 et

1864 3994 2205 4068 parochiales
2231 3995 2459 4060 reditus,
2490 3993 2557 4049 ad
2609 3994 2896 4050 ecclesiam
2929 3992 2990 4048 Β.
3033 3992 3215 4047 Mariae
3240 3991 3306 4046 de
3331 3989 3442 4045 No-

1868 4087 2080 4157 vigento
2116 4087 2407 4157 pertinere.
2462 4085 2629 4139 Porro
2680 4086 2819 4139 intra
2880 4082 3124 4154 ejusdem
3172 4081 3445 4151 parocbite

1868 4177 2130 4232 terminos
2159 4176 2212 4229 in
2242 4176 2362 4230 loco
2388 4177 2482 4245 qui
2508 4176 2762 4230 Roserias
2787 4172 3111 4245 appellatur,
3129 4172 3444 4228 Milesendis

1868 4266 2154 4338 lngelrami
2190 4274 2386 4329 mater,
2435 4265 2824 4319 monasterium
2875 4262 3199 4326 construxit,
3230 4271 3286 4317 et
3309 4276 3445 4331 prte-

1868 4359 2014 4412 dicto
2043 4357 2220 4412 abbati
2247 4357 2312 4412 de
2340 4356 2768 4411 Praemonstrato
2808 4356 2875 4409 ad
2900 4354 3145 4410 ordinem
3168 4351 3444 4423 religionis

1869 4449 2159 4503 concessit.
2194 4446 2358 4515 Cujus
2385 4446 2701 4499 monasterii
2735 4443 3153 4507 dedicationem,
3188 4450 3317 4497 teet
3345 4441 3445 4497 Ec-

182 4530 329 4594 rios;
359 4528 545 4586 Simon
583 4530 831 4597 Crassus,
872 4546 947 4585 ιιι
990 4528 1272 4593 denarios;
1319 4526 1511 4583 Petrus
1539 4526 1605 4583 de
1634 4526 1764 4583 Fre-
1790 4553 1846 4615 ι)
1870 4536 2036 4593 clesia
2075 4546 2160 4591 tua
2190 4535 2615 4599 contradicente,
2641 4534 2879 4597 tandem,
2921 4540 3182 4603 praesente
3240 4538 3296 4585 et
3357 4543 3445 4584 co-

177 4614 462 4685 ssencurt,
489 4637 567 4676 xu
594 4622 877 4690 denarios;
912 4620 1088 4677 Guido
1112 4620 1256 4675 filius
1284 4618 1541 4684 Alberici,
1571 4634 1644 4672 xu
1674 4616 1767 4673 de-

178 4711 411 4777 narios;
440 4711 765 4778 Bonifacius,
796 4731 871 4769 xu
907 4713 1191 4777 denarios;
1237 4710 1536 4766 Rainaldus
1572 4709 1764 4776 Rufus,

179 4819 248 4860 ιιι
276 4802 711 4879 εθιίθιίοεονίιιὴ
746 4806 1069 4862 Lambertus
1097 4804 1371 4870 Gruellus,
1398 4819 1456 4857 ιιι
1502 4801 1767 4857 sextarios

179 4895 321 4959 vini,
350 4910 488 4967 quos
520 4897 751 4952 habebat
783 4897 839 4953 in
873 4900 1126 4968 praedicta
1162 4899 1349 4964 vinea;
1388 4896 1662 4952 Robertus
1703 4897 1769 4950 de

176 4983 384 5039 Curva!
418 4985 747 5041 condonavit
792 4988 1211 5043 consuetudines
1258 5004 1394 5060 quas
1438 4986 1676 5042 habebat
1713 4983 1767 5038 in

175 5073 378 5130 eadem
405 5075 583 5131 vinea.
964 5084 967 5085 ⁷

262 5185 285 5217 ς
326 5165 550 5222 Noverit
608 5169 773 5224 etiam
830 5170 1120 5240 posteritas
1177 5169 1441 5231 fidelium,
1492 5170 1635 5238 quod
1699 5166 1769 5223 ad

181 5267 559 5312 transversum
588 5261 767 5328 pontis
797 5261 863 5315 de
888 5260 1188 5329 Cniaperit,
1217 5277 1374 5330 quem
1405 5262 1576 5331 Drogo
1605 5276 1767 5331 nepos

184 5348 464 5405 llatbildis
492 5351 942 5417 Grossaz,‘Beatae
989 5352 1171 5409 Maria:
1210 5353 1491 5424 Novigenti
1538 5355 1604 5408 ad
1638 5369 1769 5409 con-

181 5440 497 5496 versionem
549 5443 771 5498 veniens
811 5443 1070 5509 contulit,
1116 5444 1254 5499 idem
1302 5443 1651 5514 lngelraunus
1703 5444 1769 5499 de

178 5527 413 5583 Carreta
460 5529 743 5584 denarium
790 5547 953 5585 unum
999 5532 1152 5587 bonae
1195 5539 1459 5593 monetae,
1505 5532 1571 5585 de
1612 5546 1768 5585 carro

185 5632 320 5672 vero
349 5617 483 5674 duos
508 5620 780 5682 denarios,
811 5630 864 5674 et
892 5623 956 5676 de
980 5621 1257 5677 Trussello
1286 5622 1339 5675 in
1362 5619 1503 5675 Sella
1527 5619 1766 5688 iacente,

186 5707 469 5761 denarium
522 5724 710 5772 unum,
755 5718 809 5762 et
846 5723 880 5761 ν
914 5710 1111 5767 solidos
1161 5711 1300 5780 apud
1330 5708 1670 5774 Puislerium,
1714 5720 1769 5763 et

187 5798 410 5853 obolum
462 5816 623 5852 unum
672 5800 828 5853 bonae
872 5815 1099 5856 moneta:
1147 5803 1211 5857 de
1248 5801 1416 5873 629
1449 5813 1769 5871 unaquaque

516 5943 787 6001 PATBOL.
823 5941 1028 6001 CLVI.

1868 4635 2127 4696 operante
2151 4624 2461 4696 supradicto
2501 4624 2821 4693 coepiscopo
2849 4630 3034 4678 nostro
3060 4620 3331 4687 Goisleno,
3356 4632 3445 4673 res

1870 4716 1942 4771 ita
1970 4715 2188 4770 deﬁnita
2213 4722 2296 4769 est
2327 4731 2339 4765 :

1944 4823 1963 4855 ‹
1993 4802 2278 4867 Videlicet,
2320 4811 2378 4857 ut
2430 4803 2630 4857 nullam
2681 4802 2903 4857 omnino
2960 4802 3188 4858 ecclesia
3239 4812 3327 4856 tua
3374 4802 3441 4856 de

1867 4894 2297 4965 possessionibus
2345 4894 2452 4949 tuis
2482 4894 2720 4964 patiatur
2770 4894 3201 4957 diminutionem,
3241 4893 3336 4949 sed
3371 4893 3441 4946 ad

1867 4987 2137 5058 integrum
2185 4986 2444 5049 decimas,
2494 4984 2793 5039 oblationes
2833 4984 3064 5048 debitas,
3121 4984 3442 5037 vivorumet

1868 5086 2207 5133 mortuorum
2240 5091 2430 5131 curam
2455 5116 2470 5140 ,
2507 5084 2565 5130 et
2611 5074 2656 5130 si
2715 5074 2844 5143 quid
2881 5075 3023 5128 ultra
3076 5082 3160 5128 est
3208 5072 3349 5142 quod
3374 5072 3441 5127 de

1869 5168 2168 5239 parochiali
2209 5166 2332 5235 iure
2406 5166 2719 5231 descendat,
2767 5172 2968 5223 aeterna
3001 5165 3182 5234 quiete
3201 5164 3441 5234 posside-

1870 5257 2019 5313 bitis.
2050 5257 2157 5328 Ipsi
2186 5272 2317 5311 vero
2342 5255 2884 5310 Praemonstratenses
2917 5252 3050 5308 nihil
3092 5252 3159 5309 de
3196 5252 3445 5307 omnibus

1870 5351 1955 5406 his
1974 5365 2094 5419 qua:
2114 5348 2283 5404 vestri
2302 5346 2442 5415 juris
2468 5354 2647 5412 erunt,
2678 5354 2933 5416 poterunt
2958 5359 3240 5416 usurpare.
3267 5343 3440 5413 Quod,

1869 5438 2005 5493 utin
2038 5447 2318 5507 posterum
2367 5446 2543 5491 ratum
2590 5447 2639 5491 et
2691 5435 3067 5491 inconvulsum
3091 5442 3443 5505 permaneat,

1870 5543 1991 5599 ego,
2026 5536 2081 5582 et
2133 5526 2560 5593 Suessionensis,
2608 5525 2891 5597 praesentis
2942 5512 3288 5596 chirographi
3314 5540 3445 5595 pace

1872 5620 2172 5681 ﬁrmamus,
2208 5626 2263 5673 et
2306 5618 2496 5687 sigillis
2531 5617 2730 5673 nostris
2750 5616 3160 5685 consignamus.

1947 5730 1965 5761 ι
2002 5710 2194 5763 Actum
2247 5709 2494 5763 Lauduni
2544 5724 2684 5763 anno
2733 5708 3024 5763 Dominicae
3054 5706 3441 5763 lucarnationis

1873 5800 2165 5857 millesimo
2197 5799 2493 5855 centesimo
2517 5797 2929 5869 quadragesimo
2967 5798 3164 5867 primo.

3050 5930 3126 5991 36
