4032 6326
554 367 686 422 1151

1480 353 1562 406 AD
1591 351 1738 406 ΟΡΡ.
1781 349 1932 402 VEN.
1976 342 2300 401 GUIBEIITI
2345 341 2429 396 DE
2470 339 2857 397 NOVIGENTO

3680 330 3795 384 “52

634 498 651 527 ι
691 477 751 532 S.
811 469 1181 530 Bartholotnmi
1235 465 1606 519 Laudunensis
1628 460 1883 531 episcopi.
1919 458 1976 511 S.
2012 457 2136 512 Coi-

2259 465 2341 503 ter
2365 449 2570 502 litteras
2598 449 2772 517 sigillo
2827 462 2944 500 meo
2996 446 3280 499 rohoratas
3345 438 3647 511 posteritati
3675 437 3798 492 futu-

558 569 688 623 sleni
750 547 1156 619 Shessiouensis
1205 555 1459 626 episc0pi.
1519 552 1574 606 S.
1627 551 1873 605 Widonis
1921 547 2133 602 decani.

559 659 618 713 S.
683 654 940 709 Richardi
999 646 1386 705 archidiaconi.
1446 644 1502 698 S.
1548 642 1789 696 Barthol.
1838 641 2134 695 archidiac.

743 744 954 798 abbatis
984 742 1040 796 S.
1071 738 1314 795 Joannis.
1346 737 1402 790 S.
1429 733 1634 789 Anselli
1659 731 1784 786 abb.
1816 730 1874 786 S.
1903 729 2137 784 Vincen-

557 836 636 889 tii.
673 834 729 888 S.
755 830 1032 888 Gilleberti
1061 829 1184 885 abb.
1229 827 1286 882 S.
1340 824 1544 880 Nicolai
1572 824 1638 877 de
1683 820 1857 876 Saltu.
1913 819 1970 874 S.
1997 817 2138 871 Wil-

557 923 702 977 Ielmi
760 923 883 977 abb.
947 920 1002 976 S.
1043 917 1249 974 Nicolai
1302 915 1366 972 de
1419 909 1602 968 Prato.
1653 909 1712 965 S.
1770 909 1986 964 Milonis
2012 922 2140 962 can-

558 1016 710 1071 toris.
750 1034 769 1066 ι

629 1126 718 1181 Vl.
751 1126 1128 1197 Ingelrannus,
1160 1125 1320 1179 1157.

628 1217 741 1272 VII.
802 1217 1058 1283 Joannes,
1114 1219 1182 1272 ab
1237 1212 1542 1270 annoII64
1593 1211 1659 1265 ad
1697 1209 1851 1264 1185.
1877 1207 1990 1263 IIoc
2028 1209 2144 1276 ipso

557 1318 780 1380 regente
802 1322 1022 1363 crevere
1047 1305 1359 1362 monasterii
1400 1304 1562 1369 bona,
1592 1301 1897 1370 summique
1923 1297 2143 1368 pontiﬁ-

559 1416 654 1456 ces
682 1400 974 1470 privilegiis
999 1399 1327 1452 munierunt.

635 1511 764 1565 VIII.
817 1510 1019 1573 Helias,
1053 1509 1211 1573 “85,
1257 1507 1560 1576 complures
1596 1507 1715 1561 iniit
1751 1520 1873 1561 cum
1917 1503 2146 1558 diversis

559 1604 870 1668 societates,
929 1602 1230 1672 prtesertit'n
1285 1616 1408 1656 cum
1485 1599 1710 1669 I-Iugone
1759 1599 2146 1653 Praemonstra-

560 1695 700 1749 tcnsi
731 1695 950 1749 abbate.

628 1806 721 1860 IX.
757 1807 1059 1868 Robertus,
1097 1821 1238 1860 anno
1269 1805 1404 1859 1190
1433 1804 1497 1858 ad
1533 1803 1687 1857 1201.

629 1916 698 1970 X.
729 1916 923 1972 Petrus
982 1915 1186 1986 Claudy
1259 1916 1442 1986 (vulgo
1490 1915 1536 1968 le
1590 1914 1858 1984 Boileux),
1903 1911 2032 1966 IQOI
2089 1912 2142 1965 in

563 2006 1044 2061 archimandrilam
1090 2006 1146 2060 S.
1204 2005 1432 2075 Remigii
1488 1995 1796 2066 “emensis,
1863 2005 1949 2056 tthi
1997 2003 2147 2072 prius

563 2097 866 2150 institutum
910 2098 1264 2151 monasticum
1288 2097 1562 2164 professus
1594 2106 1732 2158 erat,
1763 2095 2001 2164 eligitur.

635 2185 722 2240 XI.
758 2187 1026 2241 Ilobertus
1054 2185 1116 2252 ll,
1144 2185 1303 2249 I213,
1329 2185 1612 2239 ecclesiam
1638 2186 1751 2254 ipse
1777 2201 1804 2237 a
1828 2183 2146 2238 fundamen—

563 2279 653 2340 tis,
705 2277 1023 2332 dormitoria
1076 2277 1206 2340 duo,
1240 2277 1473 2330 alterum
1503 2277 1967 2348 presbyterorum,
1997 2276 2148 2330 novi-

563 2372 760 2424 tiorum
795 2369 1026 2424 alterum
1053 2368 1310 2423 ardiﬁcari
1344 2368 1554 2422 curavit
1597 2370 1825 2421 summis
1853 2367 2142 2435 impensis;

563 2475 792 2529 quorum
819 2459 1062 2512 omnium
1097 2459 1183 2511 vix
1222 2459 1392 2512 ruina:
1413 2469 1624 2527 parent.
1672 2457 1786 2514 IIoc
1809 2459 2004 2514 abbate
2028 2473 2148 2512 cor-

564 2565 663 2619 pus
706 2547 926 2603 Thema:
968 2549 1033 2603 de
1073 2547 1236 2602 Marla
1277 2547 1597 2603 translatum
1648 2557 1754 2614 est,
1793 2548 1872 2602 uti
1924 2564 1992 2602 ex
2021 2548 2151 2603 sub-

564 2641 706 2705 iecta
736 2639 1040 2710 Ingelranni
1072 2639 1262 2694 charta
1290 2648 1632 2710 perspectum
1670 2639 1922 2694 habetur.

641 2749 660 2781 ι
694 2730 749 2784 In
804 2729 1024 2784 nomine
1045 2728 1246 2794 Patris,
1304 2737 1360 2784 et
1399 2723 1547 2792 Filii,
1588 2738 1643 2783 et
1673 2728 1910 2798 Spiritus
1950 2730 2146 2784 sancti.

568 2822 758 2874 Amen.
785 2819 897 2891 Ego
923 2819 1278 2890 lngelrannus
1304 2819 1396 2873 Dei
1421 2819 1592 2888 gratia
1625 2819 1878 2873 dominus
1907 2817 2148 2884 Cociaci,

567 2914 837 2968 universis
897 2921 1099 2967 sanctae
1151 2912 1344 2965 matris
1397 2911 1652 2966 Ecclesia:
1706 2909 1850 2975 ﬁliis,
1913 2925 2152 2979 przesens

568 3005 830 3074 scriptum
889 3003 1237 3072 inspecturis.
1284 3001 1483 3057 Notum
1529 3001 1668 3057 facio
1726 3001 1892 3071 quod,
1923 3001 2154 3057 cumvir

569 3096 766 3151 nobilis
797 3097 1048 3152 dominus
1079 3094 1315 3149 Thomas
1349 3093 1416 3149 de
1443 3093 1610 3148 Marla
1658 3095 1815 3149 bonae
1875 3093 2151 3150 memoria:

567 3199 883 3243 antecesser
935 3201 1110 3251 meus,
1160 3194 1214 3239 et
1289 3185 1558 3254 quendam
1612 3186 1864 3240 dominus
1912 3183 2149 3246 Cociaci,

568 3277 871 3346 antiquitus
897 3275 1138 3345 sepultus
1171 3274 1364 3328 fuisset
1399 3274 1451 3327 in
1479 3275 1712 3342 quadam
1739 3273 1964 3343 capella,
1989 3273 2156 3345 630

565 3383 733 3437 quam
759 3368 842 3422 vir
868 3367 1095 3422 illustris
1125 3375 1181 3420 et
1218 3366 1322 3436 pia:
1367 3365 1760 3420 recordationis
1786 3366 2035 3421 dominus
2064 3365 2152 3420 In-

570 3460 866 3530 gelrannus
905 3475 1038 3513 avus
1087 3473 1262 3520 meus,
1323 3466 1378 3512 et
1438 3457 1580 3511 ﬁlius
1636 3455 1879 3525 ejusdem
1936 3449 2156 3512 Thomm

571 3550 818 3604 construi
852 3549 979 3603 fecit
1002 3550 1101 3604 sub
1144 3549 1312 3602 veteri
1350 3549 1486 3601 turri
1524 3547 1768 3602 ecclesia:
1791 3548 1849 3602 Β.
1881 3547 2062 3602 Maria:
2092 3549 2156 3603 de

575 3641 851 3711 Nogento;
878 3641 931 3694 in
960 3657 1064 3710 qua
1114 3656 1211 3708 pro
1248 3641 1427 3694 anima
1462 3639 1704 3707 ejusdem
1736 3641 1957 3695 Thema:
1989 3641 2158 3710 patris

575 3730 680 3793 sui,
710 3739 764 3783 et
790 3745 887 3799 pro
910 3729 1190 3784 animabus
1221 3728 1459 3782 omnium
1489 3728 1725 3782 ﬁdelium
1757 3728 2156 3792 defunctorum,

577 3837 607 3873 a
639 3821 922 3875 monachis
960 3821 1200 3890 ejusdem
1258 3819 1499 3874 ecclesia:
1549 3818 1790 3888 quotidie
1844 3835 1950 3873 una
1992 3819 2159 3890 missa

577 3914 970 3968 celebraretur.
1031 3913 1271 3967 Tandem
1308 3921 1551 3980 tempore
1603 3927 1722 3965 meo
1751 3926 1873 3964 cum
1929 3911 2194 3972 ecclesia

579 4005 646 4058 de
673 4003 917 4072 Negento
943 4005 1194 4075 cmpisset
1214 4001 1280 4056 de
1305 4015 1442 4055 novo
1466 3999 1806 4063 retediﬁcari,
1836 4009 1889 4053 et
1917 4002 2160 4053 eamdem

579 4093 844 4164 capellam
922 4108 1144 4149 necesse
1218 4099 1364 4146 esset
1416 4089 1655 4144 amoveri
1697 4098 1917 4158 propter
1965 4103 2160 4143 novum

578 4200 739 4254 opus,
772 4185 914 4253 quod
945 4198 1039 4252 per
1059 4186 1304 4236 eamdem
1336 4180 1594 4251 capellam
1631 4189 1685 4234 et
1713 4194 1808 4249 per
1831 4178 2160 4246 sepultttram

581 4275 824 4344 praedicti
883 4269 1103 4325 Thema:
1157 4272 1445 4339 Oportebat
1511 4285 1757 4324 crescere
1815 4278 1869 4322 ct
1911 4268 2159 4332 extendi;

580 4367 811 4422 domnus
848 4364 1118 4418 Bebertus
1153 4372 1281 4416 tunc
1325 4362 1495 4416 abbas
1535 4361 1600 4414 de
1625 4360 1867 4430 Nogento
1889 4369 1942 4413 et
1974 4375 2162 4412 mona-

580 4457 669 4510 chi
697 4455 936 4523 ejusdem
970 4452 1094 4518 loci,
1154 4452 1222 4507 de
1275 4466 1497 4506 assensu
1537 4460 1591 4504 et
1633 4449 1908 4504 voluntate
1941 4465 2081 4512 mea,
2109 4460 2162 4503 ct
2195 4481 2245 4539 Ι)

584 4565 670 4603 me
695 4555 982 4618 praesente,
1029 4561 1152 4599 cum
1202 4543 1494 4612 aliquantis
1531 4540 1816 4605 militibus,
1839 4550 1894 4596 et
1923 4541 2163 4595 servien-

587 4636 733 4689 tibus
765 4634 922 4697 meis,
958 4648 1156 4702 corpus
1186 4631 1429 4700 ejusdem
1455 4629 1679 4685 Thema:
1705 4629 1770 4684 de
1796 4629 1938 4694 loco,
1982 4629 2033 4683 in
2060 4645 2166 4698 quo

585 4726 736 4795 prius
766 4723 1033 4793 sepultum
1082 4721 1263 4776 fuerat
1325 4719 1623 4775 honoriﬁce
1665 4719 2086 4784 transtulerunt;
2115 4727 2168 4772 et

586 4813 826 4883 peractis
865 4812 1156 4866 missarum
1188 4809 1567 4873 solemniis,in
1622 4811 1801 4865 medio
1855 4810 2023 4865 choro
2071 4826 2168 4864 suo

590 4920 739 4958 nova:
787 4903 1030 4959 ecclesia-
1083 4900 1399 4956 solemniter
1447 4901 1878 4965 tuntulaverunt;
1935 4913 1988 4954 et
2025 4901 2168 4954 illam

591 4998 834 5059 missam,
866 5010 984 5063 qua:
1013 5008 1110 5062 pro
1147 4993 1329 5046 anima
1379 5007 1520 5060 saepe
1561 4992 1688 5045 dicti
1717 4992 1958 5057 Thomtc,
1989 5003 2044 5046 et
2074 5007 2172 5060 pro

590 5086 878 5140 animabus
906 5084 1148 5138 omnium
1196 5081 1434 5137 ﬁdelium
1479 5081 1856 5137 defunctorum
1906 5084 1960 5138 in
1999 5083 2169 5137 veteri

591 5176 795 5246 capella
824 5175 975 5245 prius
1017 5172 1417 5240 celebrabatur,
1471 5172 1525 5227 in
1573 5188 1714 5227 novo
1736 5188 1904 5242 opere
1953 5188 2050 5242 per
2079 5187 2172 5226 vo-

592 5268 854 5322 luntatem
899 5282 1073 5322 meam
1143 5266 1412 5322 duxerunt
1452 5265 1697 5336 quotidie
1746 5266 1800 5320 in
1849 5273 2171 5334 perpetuum

593 5359 879 5414 celebrari.
2019 5373 2026 5379 ·

671 5466 691 5498 ι
733 5449 796 5502 Et
835 5465 902 5504 ne
940 5464 1038 5517 per
1088 5449 1430 5504 succedentia
1478 5456 1718 5518 tempora
1745 5447 1861 5503 hmc
1892 5448 2174 5504 translatio

598 5538 841 5606 corporis
868 5538 1145 5607 saepedicti
1170 5537 1388 5592 Thema:
1432 5536 1690 5594 oblivioni
1722 5539 2044 5604 traderetur,
2079 5540 2175 5593 ab—

601 5627 698 5682 bas
727 5636 778 5682 et
806 5628 1058 5683 monachi
1091 5626 1332 5695 ejusdem
1358 5627 1612 5682 Ecclesia:
1641 5628 1914 5698 petierunt
1942 5642 1970 5680 a
2003 5640 2089 5681 me
2118 5637 2176 5680 ut

599 5716 846 5782 eamdem
888 5716 1319 5786 translationem,
1372 5728 1427 5774 et
1474 5717 1644 5786 diem,
1675 5717 1728 5772 in
1749 5732 1855 5788 qua
1884 5716 2024 5772 facta
2051 5716 2171 5785 fuit,

2238 555 2421 593 rerum
2453 539 2911 592 commendarem.

2315 650 2331 680 α
2378 630 2491 699 Ego
2538 638 2716 682 autem
2770 627 3008 698 petitioni
3032 641 3223 682 eorum
3269 630 3551 695 gratanter
3579 620 3804 691 prabens

2241 734 2545 782 assensum,
2573 726 2867 788 prmsentcs
2905 718 3116 772 litteras
3170 715 3290 770 ﬁeri
3343 712 3596 783 przecepi,
3645 720 3694 766 et
3738 711 3804 768 si-

2240 808 2351 878 gilli
2385 806 2487 860 mei
2523 807 2818 861 munimine
2845 807 3124 871 roborari;
3183 811 3240 860 et
3290 803 3357 857 ad
3389 800 3806 856 recordationem

2242 891 2400 960 hujus
2445 891 2594 954 facti,
2641 890 2912 960 prmdictis
2960 889 3143 945 abbati
3191 896 3246 941 et
3307 885 3592 940 monachis
3634 885 3697 940 de
3717 883 3808 940 No-

2242 989 2398 1051 gente
2431 981 2483 1035 in
2509 991 2825 1051 perpetuum
2859 980 3216 1034 reservandas
3244 977 3516 1033 commisi.

2320 1091 2335 1121 I
2375 1071 2568 1126 Actum
2613 1071 2770 1126 Verbi
2821 1071 3090 1125 Incarnati
3139 1069 3298 1130 I9I8.
3329 1082 3516 1122 mense
3535 1067 3728 1137 Aprili,
3759 1084 3808 1121 III

2242 1161 2378 1216 Non.
2416 1162 2656 1229 ejusdem
2690 1163 2912 1228 mensis,
2944 1172 3136 1231 quarta
3197 1160 3337 1214 feria
3383 1168 3508 1214 ante
3564 1150 3810 1214 IIesurre-

2244 1256 2478 1309 ctionem
2508 1254 2716 1308 Domini
2747 1255 2915 1309 nostri
2946 1254 3071 1309 Jesn
3112 1252 3338 1307 Christi.
3378 1270 3396 1300 ι

2314 1344 2536 1400 Planum
2576 1355 2754 1401 autem
2802 1346 2860 1400 ﬁt
2887 1361 2950 1401 ex
2985 1346 3088 1399 hac
3137 1342 3810 1414 Ingelrannicharta,om-

2245 1436 2332 1489 nia
2388 1435 2667 1490 vetustatis
2717 1444 3060 1489 monumenta
3139 1448 3341 1501 susque
3395 1432 3572 1501 deque
3621 1432 3811 1495 diruta;

2247 1524 2386 1592 unde
2415 1539 2521 1576 non
2554 1525 2750 1577 mirum
2776 1523 2819 1578 si
2850 1539 3059 1586 eorum,
3085 1537 3205 1592 qua:
3235 1521 3534 1576 Gnibertus
3564 1521 3632 1574 de
3657 1519 3812 1587 stptzl-

2245 1590 2338 1666 cro
2369 1611 2530 1678 Quilii
2565 1613 2731 1683 regis,
2783 1621 2838 1666 et
2876 1590 3118 1666 caeteris
3145 1609 3390 1678 ejusdem
3420 1608 3657 1662 emnobii
3694 1610 3814 1662 anti-

2246 1705 2516 1773 quitatum
2575 1704 2818 1773 vestigiis
2871 1704 3048 1773 attigit
3105 1702 3160 1755 in
3214 1701 3350 1755 libro
3390 1700 3526 1752 nde
3574 1697 3690 1752 Vita
3711 1713 3813 1762 sua,

2175 1789 2224 1844 ’Β
2252 1797 2324 1850 nil
2353 1797 2610 1865 supersit.

2321 1893 2432 1946 Xll.
2503 1893 2752 1946 Galtcrus
2813 1905 2904 1945 seu
2959 1889 3252 1952 Walterus,
3313 1888 3474 1952 19.3I,
3526 1883 3817 1938 monachal:

2249 1985 2538 2038 collohium
2597 1983 2851 2036 induerat
2909 1983 2961 2037 in
3046 1982 3103 2036 S.
3165 1980 3441 2036 Vincentii
3493 1978 3814 2034 Lauduncnsi

2250 2076 2600 2130 monasterio.

2322 2167 2454 2220 XIII.
2490 2166 2725 2220 Joannes
2760 2168 2973 2230 tertius,
3021 2166 3176 2219 1240.

2324 2258 2462 2313 XIV.
2500 2259 2710 2325 Itcritts,
2742 2259 2900 2313 1:248.

2331 2348 2444 2403 XV.
2483 2349 2781 2410 Matthtcus,
2797 2349 2920 2404 I28I
2937 2386 2950 2400 .

2321 2441 2440 2496 XVI
2500 2441 2738 2497 Joannes
2762 2441 2848 2510 IV,
2882 2444 2947 2496 de
2978 2443 3158 2514 Palye,
3195 2441 3352 2499 1500.

2321 2531 2483 2586 XVII.
2518 2532 2788 2587 Iiobertus
2820 2533 2903 2599 Ill,
2937 2534 3090 2589 l55‘2.

2322 2621 2505 2678 XVIII.
2547 2621 2781 2680 Joannes
2832 2625 2876 2679 V
2939 2626 3292 2696 Despagnyes,
3322 2640 3392 2681 ex
3444 2624 3819 2680 marcltionibus

2253 2714 2598 2783 Despagnyes
2630 2713 2682 2767 in
2711 2709 2982 2779 Picardia,
3008 2707 3165 2769 1517.

2325 2803 2463 2860 XIX.
2495 2806 2819 2861 Laurentius
2849 2805 2922 2858 du
2971 2805 3160 2870 Basse,
3190 2803 3350 2860 1415.

2322 2891 2442 2948 XX.
2480 2891 2714 2949 Joannes
2753 2893 3001 2959 Roussel;
3031 2895 3139 2960 cui,
3173 2895 3318 2964 quod
3357 2895 3676 2949 monasterii
3700 2894 3820 2947 bona

2256 2983 2623 3052 dilapidasset,
2677 2999 2871 3039 munus
2915 2984 3141 3054 abrogat
3181 2986 3474 3055 episcopus
3523 2980 3819 3038 Laudunen~

2257 3077 2363 3142 sis;
2414 3091 2864 3147 oeconomumque
2928 3078 3209 3133 Nicolaum
3261 3079 3328 3134 de
3383 3078 3588 3134 Lestoc
3651 3078 3825 3133 consti.

2261 3170 2380 3223 tuit.

2331 3256 2470 3312 XXI.
2507 3256 2757 3315 Nicolaus
2780 3259 2842 3315 de
2874 3255 3078 3326 Lestoc,
3109 3253 3496 3326 I464,Joanne
3511 3261 3620 3316 vita
3643 3261 3827 3324 functo,

2257 3349 2503 3418 eligitur:

2331 3440 2490 3495 XXII.
2525 3439 2762 3496 Joannes
2795 3441 2884 3505 IV,
2922 3441 3242 3506 Marcsclml,
3270 3437 3409 3498 1475
3440 3443 3507 3499 ad
3538 3459 3665 3499 ann.
3689 3445 3825 3499 “89.

2689 3534 2912 3587 Abbates
2960 3536 3420 3588 commendatarii.

2333 3623 2514 3678 XXIII.
2547 3624 2779 3678 Arturus
2811 3624 3028 3694 Douuoy
3059 3638 3228 3678 sacra:
3260 3626 3482 3694 capellae
3525 3627 3830 3681 Parisiensis

2263 3717 2582 3780 canonicos,
2615 3715 2759 3768 omni
2778 3715 2900 3784 jure
2950 3716 3286 3784 posthabito,
3336 3727 3524 3786 spreta
3557 3719 3832 3773 monacho-

2264 3822 2383 3859 rum
2409 3806 2692 3868 electione,
2730 3800 3012 3860 Nicolaum
3042 3803 3270 3870 Mavart,
3302 3807 3388 3860 cui
3442 3808 3723 3862 ctenohita:
3760 3823 3834 3860 re-

2265 3888 2444 3964 gimen
2476 3895 2704 3948 abbati-.e
2744 3895 3134 3964 imposuerant,
3165 3897 3497 3967 exagitavit;
3543 3914 3605 3952 ac
3633 3898 3833 3952 tandem

2266 3998 2406 4035 anno
2435 3981 2586 4044 1489,
2614 3983 2879 4036 abbatiam
2907 3984 3116 4038 obtinet
3143 3985 3195 4038 in
3237 3987 3636 4042 commendam.

2337 4073 2525 4127 XXIV.
2559 4072 2794 4129 Joannes
2826 4074 2936 4138 VII,
2976 4076 3040 4128 de
3085 4073 3400 4142 Beaumom,
3441 4078 3839 4133 archidiaconus

2269 4161 2645 4231 Lingonensis,
2688 4163 2825 4216 I512
2851 4164 2917 4217 ad
2947 4163 3104 4218 1529.

2339 4250 2507 4306 XXV.
2543 4251 2770 4306 Carolus
2817 4253 2882 4305 de
2947 4251 3262 4321 Vignacourt
3309 4257 3604 4312 archidiac.
3647 4257 3836 4313 Ruthe-

2270 4353 2415 4409 mag.
2437 4348 2490 4393 et
2519 4340 2770 4394 eanonic.
2797 4341 2995 4405 Paris.,
3025 4340 3187 4397 1529.

2344 4431 2536 4485 XXVI.
2568 4430 2807 4486 Joannes
2827 4433 2891 4485 de
2938 4433 3261 4504 Longueval,
3302 4449 3400 4504 per
3426 4439 3719 4493 cessionem
3749 4438 3834 4492 Ca-

2273 4524 2370 4604 roli
2403 4523 2540 4578 1514
2563 4524 2628 4578 ad
2667 4541 2756 4578 an.
2806 4525 2965 4591 1557,
2999 4541 3126 4594 quo,
3169 4542 3358 4582 mense
3386 4528 3552 4595 Julio,
3581 4529 3837 4585 abbatiam

2273 4615 2548 4670 abdicavit
2580 4615 2631 4668 in
2666 4615 2847 4670 fratris
2877 4615 3054 4670 Caroli
3087 4619 3338 4685 gratiam.

2343 4705 2552 4760 XXVII.
2587 4705 2812 4762 Carolus
2843 4707 2902 4772 II,
2951 4709 3016 4762 de
3054 4707 3371 4779 Longueval,
3404 4710 3632 4767 Joannis
3659 4709 3834 4770 frater.

2276 4798 2413 4853 1564
2460 4798 2695 4868 pessime
2746 4814 2838 4853 res
2892 4802 3208 4855 monasterii
3274 4802 3693 4869 administravit,
3745 4805 3842 4857 imo

2274 4888 2572 4957 dissipavit.
2606 4887 2704 4942 IIic
2731 4904 2896 4943 urere
2926 4891 3026 4944 sibi
3058 4891 3307 4960 copulata
3341 4893 3408 4947 ad
3437 4893 3842 4948 Calvinistarum

2276 4989 2456 5048 partes
2477 4979 2681 5033 nefarie
2710 4981 2989 5035 devolutus
3012 4993 3112 5037 est.

2346 5071 2577 5124 XXVIII.
2612 5069 2831 5125 Gabriel
2866 5072 2913 5125 le
2969 5071 3196 5138 Seneux,
3229 5075 3314 5129 cui
3356 5077 3541 5144 specie
3571 5088 3722 5131 tenus
3759 5090 3844 5128 at:-

2277 5163 2476 5216 batiam
2501 5165 2667 5218 cessit
2712 5164 2942 5219 Carolus
2963 5163 3080 5228 ille;
3134 5167 3404 5234 siquidem
3449 5169 3682 5224 nefando
3705 5185 3840 5222 mer-

2277 5261 2511 5316 cimonio
2578 5263 2951 5329 possessiones
2993 5263 3095 5317 sibi
3152 5264 3413 5320 continuo
3467 5265 3716 5330 retinuit;
3762 5265 3840 5318 sed

2277 5364 2564 5424 antequam
2638 5356 3038 5424 possessionem
3081 5354 3245 5410 iniret
3287 5356 3337 5410 lc
3405 5356 3618 5411 Scaeua:
3685 5366 3840 5412 morte

2279 5454 2687 5514 przeoccnpatur
2724 5446 2880 5500 1571.

2351 5536 2542 5591 XXIX.
2576 5537 2886 5605 Gaspardus
2939 5538 3004 5591 de
3049 5537 3288 5602 Brem'er,
3328 5537 3645 5608 Delphines,
3672 5555 3836 5594 mense

2281 5627 2580 5696 Septembri
2615 5644 2703 5681 an.
2741 5629 2876 5682 I572
2905 5643 2935 5682 a
2991 5644 3116 5700 rege
3139 5630 3411 5684 abbatiam
3453 5631 3682 5686 obtinet.
3724 5631 3836 5684 Pos-

2281 5717 2521 5774 scssiene
2551 5719 2742 5786 adepta
2767 5717 2918 5774 litem
2959 5727 3134 5776 movet
3175 5719 3438 5774 adversus
3481 5721 3759 5789 przefatum
3781 5723 3834 5772 de
