4032 6336
177 333 182 338 -
273 303 398 359 1155

1401 299 1616 362 DOMNI
1649 301 1710 356 L.
1753 300 2044 356 D'AUIIEII
2056 293 2113 351 Y'
2137 295 2366 357 NOTAE.

3397 306 3533 364 ΗΜ

271 415 688 486 I.ougueval,qui
708 416 845 470 bona
861 413 1748 487 monasteriisuispossessionibus
1764 413 1848 466 ad-
1879 414 1925 469 Α
1953 411 2124 477 ducis,
2149 412 2244 467 sed
2269 419 2324 467 et
2346 411 2570 467 aliorum
2603 419 2709 466 tam
2760 412 3156 483 episcoporum,
3207 429 3364 486 quam
3396 420 3533 488 opti-

264 511 531 580 junxcrat,
553 524 702 565 sacra
723 508 922 564 feretra
948 526 1081 564 auro
1097 519 1436 580 argentoque
1453 509 1844 574 adornata,ca-

271 603 388 658 lices
405 617 607 666 sacros,
625 609 956 672 gemmas,et
986 600 1246 671 quidquid
1276 601 1576 670 pretiosum
1603 597 1844 666 reperire

267 695 428 757 licuit,
452 694 794 762 depraedatus
824 694 1018 758 fuerat,
1034 693 1312 748 exciderat
1332 692 1527 758 silvas;
1578 700 1843 759 quatenus

268 784 376 852 ipse
407 798 511 837 non
544 785 705 838 modo
751 785 1001 838 universa
1051 785 1386 848 restitueret,
1443 783 1536 838 sed
1565 790 1619 838 et
1650 781 1842 836 turrim

266 887 316 930 et
338 878 564 932 chorum
589 877 856 942 ecclesiae,
904 891 1024 946 quae
1074 877 1190 945 ipso
1220 877 1307 930 die
1357 875 1674 944 nuptiarum
1721 888 1842 928 cor-

269 975 501 1030 ruerant,
535 967 884 1040 instauraret.
945 967 1012 1020 At
1058 975 1271 1020 cuncta:
1319 963 1584 1033 Gaspardi
1612 974 1842 1018 conten-

266 1059 436 1112 tiones
460 1059 682 1113 iucassze
704 1066 1098 1112 remanserunt.
1126 1057 1333 1111 Etenim
1364 1065 1582 1126 accepta
1611 1055 1842 1123 pecunia

264 1157 472 1216 pactum
504 1147 626 1202 iniit
647 1163 768 1202 cum
797 1145 1008 1210 Carolo,
1047 1145 1135 1214 qui
1167 1159 1264 1214 per
1293 1144 1376 1200 Ias
1399 1152 1454 1198 ct
1491 1141 1646 1197 nefas
1679 1143 1842 1197 rebus

267 1235 516 1291 Ecclesia:
550 1236 773 1305 pacilice
799 1235 998 1303 potitus
1033 1241 1136 1288 est.

334 1326 499 1380 XXX.
531 1326 765 1380 Joannes
805 1324 938 1389 VIII,
960 1325 1027 1378 de
1069 1323 1121 1378 la
1163 1321 1390 1392 Grange,
1424 1323 1718 1389 Parisinus,
1748 1322 1844 1378 Iitc

264 1416 516 1471 Carolum
582 1417 646 1470 de
699 1413 1010 1485 Longueval
1055 1421 1113 1467 et
1157 1413 1324 1466 armis
1360 1413 1724 1482 persequitur,
1749 1415 1842 1468 sed

263 1511 461 1564 frustra
497 1527 509 1560 :
543 1521 712 1577 quare
744 1507 928 1560 multis
983 1504 1386 1561 calamitatibus
1431 1505 1716 1560 lacessitus
1745 1507 1843 1560 ab-

263 1598 764 1658 batiam‘abdicare,
815 1605 980 1665 atque
1023 1593 1230 1648 Jacobo
1294 1594 1363 1649 du
1412 1595 1528 1661 Val,
1584 1604 1840 1665 tanquam

257 1689 668 1745 eouﬁdentiario
689 1689 848 1759 631
889 1696 950 1742 ut
977 1695 1196 1753 vocant,
1244 1684 1428 1742 Caroli
1479 1687 1547 1742 de
1587 1687 1842 1760 League-

263 1780 368 1843 val,
400 1781 591 1835 cedere
622 1788 844 1834 coactus
865 1786 968 1833 est.

336 1868 527 1924 XXXI.
566 1868 798 1940 Jacobns
824 1869 896 1924 du
930 1865 1056 1931 Val,
1108 1863 1326 1924 nomine
1375 1869 1633 1923 duntaxat
1681 1868 1848 1923 abbas

260 1961 518 2026 effectus;
551 1963 806 2018 nimirum
831 1977 894 2017 ea
916 1962 1032 2034 lege
1069 1974 1127 2018 ut
1151 1978 1274 2018 eum
1305 1962 1538 2031 primum
1572 1961 1848 2030 Philippus

263 2054 333 2107 de
353 2050 680 2121 Lougucval,
719 2067 860 2122 smpc
888 2053 982 2106 fati
1009 2050 1187 2106 Caroli
1219 2051 1379 2114 Illius,
1412 2049 1726 2118 adoleverit,
1757 2051 1849 2102 ab-

261 2143 465 2199 batiam
497 2144 550 2196 in
580 2143 696 2214 ejus
717 2143 948 2214 gratiam
971 2142 1282 2213 deponeret,
1309 2139 1452 2210 quod
1480 2149 1536 2194 et
1563 2147 1742 2194 actum
1765 2147 1849 2192 est

259 2249 403 2288 anno
434 2231 588 2288 I586.

332 2323 546 2377 XXXII.
588 2323 864 2393 Philippus
892 2324 954 2377 de
991 2321 1314 2395 Longueval,
1371 2321 1548 2379 Caroli
1582 2321 1848 2393 primoge-

261 2415 428 2478 nitus,
469 2414 682 2468 abbatia
711 2414 912 2484 potitus
941 2415 1006 2467 ad
1036 2430 1164 2469 ann.
1197 2413 1365 2479 1624,
1419 2428 1527 2482 quo
1579 2412 1846 2466 abbatiam

263 2513 472 2560 retenta
508 2505 784 2574 pensione,
819 2505 1041 2560 tradidit
1068 2505 1304 2561 Antonio
1344 2507 1409 2561 de
1442 2503 1751 2576 Lougueval
1783 2520 1846 2558 ex

261 2597 428 2650 fratre
455 2597 655 2666 nepoti.

335 2687 572 2740 XXXIII.
613 2687 878 2742 Antonius
905 2687 970 2741 de
999 2679 1318 2757 Longueval,
1353 2687 1440 2742 die
1467 2687 1533 2740 15
1558 2683 1844 2740 Novembr.

263 2777 440 2832 adhuc
467 2777 792 2840 duodenuis,
850 2767 1113 2847 quantum
1150 2794 1246 2848 per
1291 2787 1504 2832 mtatem
1543 2785 1597 2832 et
1641 2785 1848 2846 tempus

266 2868 439 2934 licuit,
471 2869 846 2922 iustaurationi
878 2871 1125 2932 a'bbatiar,
1184 2869 1586 2939 disciplinaeque
1616 2869 1846 2940 regulari

262 2961 530 3021 incubuit,
563 2962 747 3015 accitis
774 2975 838 3014 ea
861 2963 924 3016 de
958 2977 1016 3017 re
1043 2962 1323 3018 monachis
1355 2977 1475 3017 cum
1508 2978 1573 3016 ex
1603 2962 1660 3016 S.
1711 2958 1847 3017 Ger-

265 3052 410 3106 mani
445 3053 790 3120 Parisicnsis,
827 3063 939 3107 tum
984 3068 1051 3108 ex
1096 3054 1300 3108 Casalis
1351 3053 1627 3108 Benedicti
1660 3068 1848 3109 mona-

261 3142 475 3208 steriis;
509 3159 572 3197 ac
604 3145 818 3198 tandem
855 3144 1289 3216 congregationis
1319 3142 1375 3200 S.
1411 3144 1608 3211 Mauri;
1655 3145 1738 3198 cui
1798 3154 1851 3198 et

262 3230 718 3300 Noviugentinum
755 3235 1081 3297 coenobium,
1129 3243 1286 3305 pacto
1330 3235 1397 3289 ad
1439 3235 1541 3288 hoc
1583 3233 1851 3301 confecto,

261 3324 572 3393 aggregavit
607 3324 692 3380 die
715 3323 778 3380 ﬁl
816 3327 1020 3382 mensis
1049 3325 1300 3382 Octobris
1328 3325 1482 3381 1646.
1518 3325 1638 3380 Vita
1666 3325 1856 3381 defun-

259 3422 385 3469 ctus
420 3415 506 3470 die
535 3417 564 3468 7
595 3415 718 3470 Julii
752 3417 918 3484 1649,
970 3417 1212 3488 sepultus
1260 3413 1314 3472 in
1359 3417 1586 3474 ecclesia
1629 3416 1686 3473 S.
1716 3417 1854 3472 Ger»

264 3507 410 3560 mani
439 3508 504 3561 de
533 3507 906 3564 Autissiodoro
952 3509 1174 3565 Parisiis
1209 3525 1223 3563 :
1272 3511 1426 3580 cujus
1463 3524 1559 3565 cor
1587 3510 1654 3564 ad
1689 3508 1853 3563 Novi-

257 3597 541 3664 gcntiuum
579 3599 882 3653 cceuobium
913 3599 1170 3664 delatum,
1216 3606 1378 3669 atque
1424 3598 1712 3668 sepultura:
1743 3606 1853 3652 tra-

263 3688 438 3742 ditum
465 3698 569 3744 est.

336 3779 578 3835 XXXIV.
608 3780 844 3838 Joannes
865 3783 928 3837 de
955 3776 1167 3850 Grasse,
1192 3781 1557 3854 provincialis,
1580 3781 1852 3837 abbatiam

260 3871 582 3942 adipiscitur
611 3889 699 3929 an.
734 3874 893 3932 1649.

338 3963 429 4033 (⁷⁷)
465 3963 594 4018 (ΞΜ).
629 3957 692 4018 ν.
719 3997 788 4006 -
813 3967 1040 4037 Augium
1069 3977 1336 4032 castrum;
1367 3966 1680 4045 comitatus,
1702 3963 1853 4032 cujus

261 4054 398 4107 urbs
449 4054 716 4124 praecipua
763 4057 1027 4127 Augium,
1083 4049 1346 4111 Pieardia:
1392 4055 1634 4111 inferiori
1691 4063 1853 4124 atque

262 4144 544 4198 territorio
572 4143 841 4201 Caletensi
879 4148 1240 4203 contermina.
1272 4146 1556 4201 Familiam
1591 4145 1850 4201 comitum

259 4236 598 4304 Augensium
635 4237 747 4292 sive
778 4238 1124 4300 Aucensium,
1156 4239 1394 4308 reperies
1421 4239 1471 4292 in
1523 4237 1630 4293 ﬁne
1674 4236 1853 4292 Histo-

262 4325 365 4379 ria:
385 4325 744 4382 Northmann.
776 4329 990 4398 scriptae
1019 4330 1085 4383 ab
1106 4328 1336 4383 Andrtea
1369 4329 1696 4394 Duchesnio,
1725 4343 1849 4397 pag.

261 4415 426 4472 1086.

340 4507 429 4579 (⁷⁸)
465 4508 602 4562 Ibid.
627 4540 693 4548 —
719 4510 940 4565 Abbatia
970 4509 1155 4565 Sancti
1189 4511 1460 4566 Michaelis
1494 4512 1652 4582 juxta
1684 4527 1846 4578 mare,

255 4599 406 4668 quod
436 4600 630 4653 dicitur
657 4599 1101 4656 (literis-Portus.
1132 4603 1304 4672 Ipsius
1351 4603 1644 4659 conditoris
1689 4611 1850 4673 atque

257 4691 512 4762 originis,
565 4708 662 4747 nec
704 4709 810 4747 non
859 4694 1170 4748 facultatum
1219 4694 1465 4748 notitiam
1523 4703 1580 4748 ut
1624 4695 1847 4759 habeas,

259 4783 537 4850 quodnam
567 4783 860 4852 antiquius,
897 4784 1146 4849 nobilius,
1195 4786 1399 4840 certius
1444 4793 1848 4839 montm'ientum

261 4873 496 4943 prodere
541 4874 794 4941 quivero,
842 4889 1004 4943 quam
1036 4872 1364 4930 fundatiouis
1407 4874 1675 4929 tabulam?
1704 4875 1852 4931 Ilanc

260 4981 395 5036 ergo
429 4982 493 5021 ex
517 4967 752 5035 antiquis
778 4967 988 5021 schedis
1013 4967 1065 5020 in
1099 4967 1271 5022 lucem
1301 4968 1487 5022 emitto
1515 4985 1525 5020 :

259 5056 463 5109 Charta
489 5057 710 5129 (ibpnlirc
748 5056 1245 5112 Ullerioris-Portus
1269 5061 1331 5112 de
1355 5060 1634 5114 rlonalt'onc
1659 5070 1705 5113 et
1730 5078 1852 5114 con-

337 5150 635 5216 ﬁrmatione
662 5148 871 5202 Roberli
899 5149 1099 5220 comitis
1121 5151 1272 5220 Augi,
1301 5151 1596 5219 funduloris
1624 5151 1853 5206 ecclesia:

338 5237 402 5290 de
433 5235 908 5290 Ulteriori-Porlu.
940 5217 950 5227 ⁴

346 5347 365 5378 ι
412 5327 468 5381 In
504 5329 722 5382 nomine
747 5336 950 5382 sancta:
979 5336 1035 5382 et
1063 5329 1351 5385 individuae
1401 5329 1702 5395 Trinitatis,
1752 5333 1854 5386 Pa-

263 5416 392 5482 tris,
423 5425 479 5470 et
507 5417 650 5481 Filii,
680 5427 735 5471 et
764 5417 996 5488 Spiritus
1026 5419 1220 5482 sancti,
1261 5420 1450 5474 Amen.
1484 5422 1638 5476 Anno
1672 5423 1739 5478 ab
1769 5422 1856 5475 Iu-

259 5509 584 5562 earuatione
617 5509 824 5563 Domini
869 5509 1152 5564 millesimo
1193 5511 1467 5564 tricesimo
1514 5520 1686 5566 sexto.
1743 5513 1854 5585 Ego

258 5599 540 5655 Robertus
571 5615 753 5656 comes
779 5602 1067 5672 Augeusis,
1127 5604 1350 5657 consilio
1397 5603 1624 5658 Maurilii
1675 5607 1852 5659 archi-

256 5676 507 5762 episcopi
535 5685 1002 5764 Retltomagensis,
1038 5673 1090 5752 et
1109 5695 1372 5751 Willcrmi
1397 5695 1851 5754 Northmauorum

1949 511 2154 556 malum
2183 501 2568 568 Northmauim,
2600 505 2985 577 hominumque
3006 524 3246 564 meorum
3278 510 3452 572 laude,
3477 520 3532 566 et

1946 593 2216 662 praecipue
2265 595 2473 648 monitu
2526 597 2712 650 uxoris
2763 611 2895 651 mea:
2933 597 3192 653 Bealrieis
3219 601 3528 665 comitissaw,

1945 683 2220 740 abbatiam
2269 684 2320 738 in
2372 686 2630 742 honorem
2674 686 2764 742 Dei
2805 697 2859 742 ct
2908 689 3080 744 sancti
3119 689 3393 746 Michaelis
3443 706 3532 745 ar—

1947 777 2194 848 changeli
2247 778 2388 846 apud
2449 779 2893 834 Ulteris-Portum
2945 784 3242 847 constituo,
3292 792 3346 837 et
3392 786 3533 838 unde

1946 869 2196 924 monachi
2231 868 2302 924 ibi
2335 869 2540 935 vivant,
2573 871 2668 939 qui
2707 886 2805 941 pro
2831 887 2946 927 mea
2977 889 3330 942 meorumque
3359 874 3532 928 salute

1947 959 2116 1012 Deum
2145 958 2360 1013 assidue
2389 969 2635 1024 exorent,
2665 977 2832 1017 uxore
2861 963 3125 1028 Ileatrice,
3149 974 3204 1018 et
3225 964 3348 1021 tiliis
3375 965 3530 1025 meis.

1945 1049 2176 1104 Radulfo
2211 1049 2480 1116 videlicet,
2527 1049 2808 1107 Willcrmo
2864 1063 3024 1124 atque
3059 1055 3299 1112 Roberto
3337 1070 3530 1110 conce-

1945 1139 2220 1207 dentibus,
2259 1149 2422 1212 atque
2454 1141 2898 1210 Iaudantibus,de
2937 1145 3070 1201 meis
3103 1147 3531 1215 possessionibus

1945 1232 2185 1288 stabilio.

2022 1343 2040 1375 ‹
2087 1324 2166 1380 Do
2219 1325 2381 1396 igitur
2429 1325 2509 1380 eis
2554 1326 2607 1380 in
2641 1324 3034 1382 Ulteris-Portu
3084 1327 3392 1394 ecclesiam,
3442 1329 3532 1385 tibi

1945 1417 2132 1470 eadem
2159 1415 2373 1470 abhatia
2405 1425 2486 1471 est
2522 1426 2856 1480 constructa,
2906 1432 3030 1471 cum
3065 1426 3172 1470 tota
3221 1417 3446 1478 decima,
3481 1431 3537 1472 et

1945 1525 2066 1564 cum
2101 1509 2352 1564 omnibtts
2378 1509 2445 1562 ad
2475 1510 2720 1564 eamdem
2757 1509 3046 1564 ecclesiam
3099 1509 3533 1578 pertinentibus;

1945 1609 2001 1653 et
2022 1599 2211 1670 viginti
2241 1603 2430 1654 domos
2466 1599 2519 1654 in
2570 1601 2756 1656 eadem
2808 1599 2960 1664 villa,
3012 1613 3106 1654 sex
3150 1599 3201 1652 in
3231 1599 3438 1654 cambis
3469 1615 3536 1654 ex

1945 1691 2100 1760 ipsis,
2135 1698 2190 1745 et
2219 1690 2353 1745 duos
2381 1689 2628 1745 homines
2659 1704 2947 1745 vavasores
2975 1689 3194 1753 liberos,
3229 1697 3284 1744 et
3310 1703 3537 1743 censum
3571 1711 3574 1713 -

1881 1777 2218 1849 Blignorum
2250 1779 2492 1850 ejusdem
2551 1779 2722 1844 vitim;
2771 1788 2824 1834 et
2868 1779 3184 1848 palustrem,
3241 1785 3438 1832 terram
3483 1786 3540 1829 et

1952 1861 2103 1939 pirata
2140 1869 2406 1939 dejuxta,
2438 1878 2494 1925 et
2522 1884 2736 1925 omnem
2779 1878 2980 1924 terram
3035 1869 3316 1932 arabilem,
3372 1883 3534 1936 quam

1952 1959 2005 2013 in
2035 1959 2276 2014 dominio
2305 1973 2446 2025 meo,
2498 1959 2550 2012 in
2586 1959 2775 2013 eadem
2819 1958 2961 2025 villa,
2994 1958 3045 2012 id
3097 1968 3179 2013 est
3219 1959 3268 2012 in
3310 1957 3537 2013 Ulteris—

1950 2051 2114 2106 Portu
2145 2051 2352 2118 habeo,
2395 2058 2450 2106 et
2505 2065 2720 2106 omnem
2761 2052 3207 2106 consuetudinem
3255 2051 3535 2106 hominum

1952 2144 2196 2212 illorum,
2231 2147 2322 2215 qui
2350 2153 2479 2201 sunt
2508 2145 2683 2200 sancti
2712 2144 3008 2212 Michaelis,
3033 2145 3293 2216 quidquid
3315 2146 3538 2202 omnino

1949 2235 2039 2291 sit.

2025 2347 2045 2380 ‹
2090 2328 2221 2384 Item
2273 2331 2326 2384 in
2375 2330 2793 2394 UIteris-Portu,
2845 2340 2900 2387 et
2938 2332 2990 2386 in
3037 2329 3188 2402 Attgo
3216 2331 3432 2403 oppido,
3485 2341 3542 2387 et

1950 2417 2215 2474 decimam
2249 2419 2596 2475 denariorum
2623 2421 2691 2477 de
2720 2422 3205 2488 vicecomitatibus,
3235 2432 3286 2477 et
3311 2423 3364 2476 iu
3394 2432 3542 2477 utra-

1951 2522 2056 2577 que
2085 2507 2210 2562 villa
2240 2509 2501 2578 quidquid
2534 2510 2702 2564 abbas
2729 2519 2783 2564 et
2823 2511 3072 2565 monachi
3118 2512 3403 2580 acquirere
3446 2528 3540 2581 po-

1954 2606 2151 2652 terunt.
2185 2597 2341 2664 Quod
2367 2598 2413 2653 si
2439 2589 2695 2655 homines
2716 2599 2928 2654 abbatis
2957 2600 3286 2670 piscem,qui
3318 2609 3542 2654 vocatur

1954 2688 2173 2755 turium,
2205 2689 2443 2759 capiunt,
2471 2697 2614 2744 totus
2643 2691 2747 2743 erit
2777 2689 2959 2744 Sancti
2992 2691 3289 2758 Michaelis,
3325 2706 3542 2745 crassus

1952 2779 2116 2848 piscis
2153 2780 2199 2836 si
2226 2790 2418 2850 captus
2467 2779 2649 2848 fuerit,
2700 2779 2782 2835 ala
2821 2797 2926 2836 una
2967 2789 3022 2836 et
3069 2781 3329 2837 medietas
3357 2782 3564 2836 cauda!

1953 2869 2053 2923 erit
2083 2871 2384 2926 monachis.

2029 2979 2047 3012 ι
2098 2963 2172 3016 Do
2211 2964 2374 3017 etiam
2415 2979 2514 3034 ego
2549 2964 2816 3018 ltobertus
2847 2978 3032 3018 comes
3075 2965 3248 3019 eidem
3286 2963 3543 3018 Ecclesia:

1953 3053 2092 3120 apml
2149 3054 2390 3123 Augum,
2444 3055 2778 3109 mansionem
2841 3054 3119 3122 cujusdam
3171 3056 3406 3110 hominis
3449 3055 3542 3124 qui

1958 3153 2202 3200 vocatur.
2282 3184 2295 3199 .
2376 3185 2388 3198 .
2471 3185 2483 3200 .
2565 3184 2580 3198 .
2658 3183 2673 3200 .
2756 3185 2768 3199 .
2851 3187 2864 3199 .
2947 3161 3112 3200 .eum
3150 3146 3442 3211 viridario;
3489 3154 3546 3200 et

1957 3233 2090 3289 alias
2116 3243 2225 3289 tres
2249 3235 2587 3300 mansiones;
2619 3235 2992 3304 decimamque
3019 3235 3259 3304 pasnagii
3283 3235 3541 3288 silvarum

1955 3330 2090 3400 Αιιεὶ
2117 3347 2132 3396 ;
2171 3330 2522 3399 omniumque
2558 3328 2891 3384 exaltatuum
2919 3329 3233 3384 earumdem
3263 3328 3542 3393 silvarum,

1956 3421 2266 3492 ubicunque
2319 3423 2478 3488 liant,
2527 3422 2718 3478 silvam
2773 3437 2991 3493 quoque
3034 3422 3258 3477 liberam
3306 3422 3361 3476 iu
3409 3436 3545 3492 Opus

1957 3512 2274 3567 monasterii
2301 3519 2358 3566 et
2383 3511 2670 3568 ministerii
2699 3513 3112 3567 monachorum.

2033 3621 2051 3654 ι
2089 3603 2166 3657 Do
2203 3603 2368 3657 etiam
2403 3612 2600 3658 terram
2629 3603 3099 3668 ltIaisuilli-Vallis,
3141 3619 3264 3659 cum
3289 3612 3470 3674 portu,
3493 3613 3550 3657 et

1956 3691 2216 3760 quidquid
2245 3691 2298 3744 in
2333 3692 2522 3746 eodem
2549 3691 2671 3746 loco
2703 3692 2906 3756 habeo;
2936 3694 3348 3762 quercitumque
3391 3693 3546 3748 Criu-

1957 3782 2046 3846 Iii;
2080 3792 2134 3837 et
2174 3782 2504 3837 maisuillum
2541 3782 2736 3839 Soreth
2775 3783 3036 3849 liberum,
3082 3794 3137 3839 et
3180 3787 3424 3854 quietum
3479 3788 3546 3839 ah

1957 3871 2104 3926 omni
2166 3873 2562 3929 consuetudine
2595 3913 2610 3939 ,
2677 3882 2734 3929 et
2805 3875 3164 3946 quodcunque
3229 3877 3354 3931 inde
3409 3877 3543 3931 exit.

1957 3959 2279 4018 Maisnillum
2317 3979 2532 4034 quoque
2557 3964 2816 4020 Alardum
2848 3969 2945 4033 do;
2993 3977 3048 4022 et
3075 3969 3257 4023 villam
3286 3985 3406 4040 qua?
3437 3969 3546 4024 Ra-

1957 4057 2455 4114 micheon-Maisnil
2501 4061 2727 4128 dicitur;
2759 4070 2815 4116 et
2848 4060 3010 4117 aliam
3060 4076 3182 4130 qua:
3230 4060 3546 4117 Grimonth-

1957 4138 2165 4204 ﬂaisnil
2198 4156 2442 4204 vocatur.
2471 4149 2539 4204 Et
2568 4152 2806 4207 concedo
2833 4152 3180 4206 medietatem
3211 4151 3277 4205 de
3308 4151 3544 4206 Boiteal-
3627 4181 3634 4185 -

1958 4241 2168 4295 Maisnil
2216 4243 2355 4310 apud
2405 4242 2636 4300 Fucardi
2667 4255 2923 4309 montem.
2960 4246 3025 4301 Et
3051 4248 3117 4299 de
3146 4245 3386 4300 dominio
3423 4262 3546 4300 meo

1956 4333 2026 4386 do
2047 4333 2183 4388 duos
2210 4335 2416 4399 hortos,
2449 4344 2504 4389 et
2531 4338 2839 4392 mansiones
2868 4338 3106 4408 quinque
3140 4337 3435 4407 hospitum,
3489 4350 3547 4393 et

1877 4437 1932 4496 ι)
1958 4441 2122 4478 umun
2152 4425 2538 4480 molendinum.
2571 4427 2626 4481 In
2656 4427 2896 4484 fontibus
2926 4438 3131 4493 autem,
3159 4439 3386 4499 excepto
3417 4429 3546 4484 telo-

1959 4529 2080 4579 neo,
2127 4524 2182 4570 et
2234 4515 2511 4586 parochia,
2563 4517 2632 4572 do
2683 4517 2810 4572 illud
2865 4519 3008 4588 quod
3057 4519 3109 4574 in
3143 4519 3382 4574 dominio
3423 4535 3544 4575 meo

1957 4606 2128 4662 habeo
2151 4607 2204 4660 in
2231 4607 2410 4671 terris,
2439 4615 2493 4663 et
2519 4610 2708 4677 pratis,
2759 4617 2815 4663 et
2836 4608 3048 4675 aluctis,
3082 4619 3136 4665 et
3174 4611 3454 4676 marescis,
3489 4619 3546 4666 et

1957 4715 2119 4755 unam
2149 4700 2364 4754 domum
2410 4700 2660 4765 liberam,
2704 4711 2757 4756 et
2801 4718 2966 4756 untun
3011 4703 3398 4770 molendinum,
3451 4705 3543 4760 ubi

1959 4799 2064 4844 tota
2095 4791 2342 4844 moiitura
2380 4792 2444 4846 de
2467 4787 3000 4847 Grimonth-Maisnil
3040 4795 3200 4849 debet
3245 4797 3452 4858 venire,
3496 4796 3541 4848 si

1956 4881 2207 4938 dominus
2239 4881 2377 4936 villa)
2403 4882 2712 4936 moIeudiuo
2744 4885 3002 4938 caruerit.

2029 4987 2048 5025 α
2095 4973 2173 5027 Do
2197 4974 2359 5028 etiam
2410 4974 2672 5028 decimam
2721 4975 3120 5045 molendinique
3168 4977 3444 5046 Blangeei,
3489 4988 3542 5030 et

1956 5074 2160 5132 septem
2192 5064 2475 5118 molarum.
2510 5063 2666 5132 Apud
2712 5075 2916 5134 septem
2969 5066 3139 5120 molas
3190 5067 3257 5119 do
3295 5066 3538 5135 ejusdem

1958 5155 2094 5209 villae
2129 5155 2444 5221 ecclesiam,
2501 5165 2556 5210 et
2602 5157 2962 5226 quodcunque
3010 5158 3076 5210 ad
3128 5172 3248 5210 eam
3275 5157 3540 5226 pertinet,

1957 5256 2266 5316 terramque
2299 5249 2457 5302 unius
2481 5264 2739 5312 carrucaa,
2771 5257 2824 5303 et
2857 5257 3021 5302 totam
3047 5251 3311 5304 decimam
3355 5250 3422 5304 de
3443 5250 3539 5304 do-

1955 5340 2124 5394 minio
2147 5355 2286 5395 meo.
2313 5340 2369 5394 In
2397 5339 2629 5394 Crioleio
2657 5340 3024 5394 molendinum
3052 5355 3215 5392 unum
3270 5355 3391 5393 cum
3423 5347 3537 5394 tota

1951 5430 2115 5500 632
2147 5431 2423 5495 molitura,
2448 5432 2589 5486 etde
2615 5430 2814 5496 IIoscis,
2861 5439 2916 5484 et
2960 5430 3026 5485 de
3054 5429 3380 5486 Estaelonde
3409 5429 3540 5486 Vin-

1955 5523 2186 5586 Iiothuil,
2221 5531 2275 5576 et
2299 5525 2431 5578 duas
2457 5525 2764 5578 mansiones
2789 5524 3006 5578 liberas.

2033 5630 2052 5662 ι
2099 5611 2393 5666 Ecclesiam
2418 5628 2632 5681 quoque
2662 5613 2728 5666 do
2757 5613 2820 5666 de
2867 5613 3202 5678 Anediuaee,
3251 5622 3308 5668 et
3345 5613 3536 5668 fiscum

1954 5703 2171 5774 Rogerii
2215 5702 2450 5773 ejusdem
2481 5701 2636 5770 villae,
2684 5703 2776 5772 qui
2825 5705 3122 5761 monachus
3167 5703 3393 5762 etl‘ectus
3427 5711 3534 5769 est,
