4032 6326
508 306 647 362 11⁵55

1495 295 1587 348 A'D
1617 286 1771 350 ὈΡΡ.
1811 289 1966 348 VEN.
2009 285 2332 346 GUIBERTI
2358 287 2445 346 ΠΕ
2473 284 2874 348 ’ΝΟἫΟΕΝΤΟ

3629 294 3756 350 Ηῗγῖ

498 429 555 474 et
581 426 746 472 totam
807 424 1004 471 terram
1071 406 1482 465 Gozondintare.
1533 405 1588 458 lu
1639 403 1854 459 Verleio
1909 418 2070 457 unum
2103 387 2148 444 Α
2178 421 2329 461 suam
2363 408 2429 460 de
2459 405 2595 472 Rin;
2625 406 2694 461 de
2722 407 2864 464 dono
2897 405 3138 463 Ymberti
3167 405 3234 461 de
3274 401 3556 472 Basinval,
3605 414 3660 461 et
3695 409 3758 462 de

501 506 866 562 molendinum
900 505 966 557 do
993 515 1090 570 pro
1117 499 1294 553 anima
1326 495 1541 567 Rogerii
1580 495 1673 549 ﬁ-lii
1725 495 1970 560 Turlodi,
2023 502 2077 547 et

499 604 698 649 terram
730 607 889 660 quam
912 587 1186 643 Romeldis
1208 586 1326 639 avia
1352 585 1520 654 ipsius
1548 583 1761 654 Rogerii
1789 583 1840 637 itt
1864 583 2078 638 Verleio

500 675 780 747 habuerat,
833 689 888 736 et
923 694 1084 749 quam
1133 679 1247 749 ipse
1285 677 1548 748 llugerius
1607 676 1850 732 ecclesiae
1893 677 2076 732 Sancti

497 771 792 834 Michaelis,
827 783 910 822 me
947 776 1234 837 praesente,
1276 767 1443 832 dedit,
1475 765 1686 820 scilicet
1733 767 2076 821 medietatem

496 859 634 912 villae
663 857 731 910 do
756 869 856 926 ego
889 856 1158 910 ltobertus
1185 869 1366 910 comes
1404 853 1648 908 liberam.

570 965 590 998 ι
637 947 710 1001 De
739 945 969 999 Boevilla
1001 954 1206 1010 autem,
1256 953 1312 998 et
1357 944 1424 999 de
1461 942 1681 998 Penleio
1724 951 1779 998 et
1809 943 1876 998 de
1897 942 2074 996 Brun-

492 1038 619 1092 villa
665 1037 734 1091 do
783 1036 1074 1100 ecclesias,
1128 1043 1186 1090 et
1237 1043 1403 1089 lotam
1445 1035 1733 1098 decimam,
1787 1043 1842 1087 et
1873 1044 2074 1088 terram

493 1136 728 1198 quatuor
755 1127 956 1192 bobus;
987 1126 1272 1181 ecclesiam
1299 1139 1513 1194 quoque
1539 1125 1605 1178 de
1631 1123 2080 1178 Guillemercourt

493 1222 585 1284 do,
620 1235 744 1274 cum
777 1219 932 1272 tertia
960 1218 1162 1287 garba;
1198 1226 1252 1269 et
1308 1216 1592 1270 ecclesiam
1623 1214 1804 1268 Sancti
1840 1214 1982 1267 Petri
2027 1214 2076 1267 in

500 1310 668 1376 Valle,
710 1325 834 1365 cum
866 1317 973 1363 tota
1007 1310 1243 1373 decima;
1276 1317 1328 1362 et
1356 1307 1639 1362 ecclesiam
1672 1305 1858 1360 Sancti
1891 1305 2078 1359 Wala-

495 1401 594 1456 rici
621 1403 687 1456 de
711 1401 1157 1470 Moute-Aquoso,
1185 1415 1304 1453 cum
1337 1407 1482 1453 terra
1513 1407 1568 1453 et
1595 1399 1808 1454 caeteris
1861 1399 1926 1452 ad
1958 1413 2078 1453 eam

495 1492 926 1561 pertinentibus;
957 1500 1010 1544 et
1039 1489 1325 1544 ecclesiam
1356 1488 1424 1544 de
1455 1489 1633 1560 Burgo
1669 1489 1916 1554 Tu-roldi,
1955 1506 2077 1544 cum

503 1591 614 1636 tota
647 1583 876 1647 decima,
905 1591 954 1636 ct
992 1581 1208 1651 triginta
1239 1580 1478 1651 quinque
1505 1596 1660 1635 acras
1691 1589 1881 1646 teme;
1928 1581 2080 1636 Basi-

492 1669 612 1722 licis
660 1678 860 1724 terram
902 1671 969 1724 ad
1000 1685 1161 1723 unam
1207 1685 1514 1734 carrucam,
1545 1682 1601 1724 et
1631 1670 1915 1725 ecclesiam
1951 1686 2073 1724 cum
2113 1681 2118 1696 ‘

492 1767 607 1813 tota
633 1759 861 1826 decima,
891 1769 941 1814 ct
974 1760 1234 1830 quidquid
1264 1761 1330 1814 ad
1362 1773 1482 1814 eam
1513 1761 1766 1829 pertinet,
1819 1768 1876 1814 et
1924 1776 2075 1814 man-

491 1845 672 1900 siones
718 1847 990 1917 hospitum
1039 1848 1340 1903 duodecim.
1396 1849 1474 1902 Do
1517 1856 1570 1902 et
1612 1847 1958 1902 Roscclinum
2009 1848 2076 1903 de

492 1935 916 1991 Matun-Maisni’l
945 1939 1376 2004 caementa-rium,
1396 1955 1518 1992 cum
1545 1937 1678 1992 ﬁsco
1710 1951 1834 2002 suo;
1865 1947 1918 1991 et
1941 1935 2078 1991 San-

494 2035 640 2082 ctum
689 2028 973 2083 Martinunt
1019 2030 1084 2084 de
1111 2029 1245 2084 silva
1288 2029 1516 2083 liberum
1555 2036 1612 2083 et
1651 2029 1916 2096 quietum,
1949 2042 2074 2081 cum

495 2119 679 2185 terris,
709 2128 765 2174 et
791 2120 1116 2190 hospitibus,
1144 2129 1199 2174 et
1224 2119 1488 2190 quidquid
1526 2120 1595 2174 ad
1621 2121 1872 2174 eumdem
1899 2120 2075 2173 locum

491 2209 746 2277 pertinet,
794 2209 884 2264 ubi
931 2211 1205 2278 quondam
1266 2196 1497 2265 domnus
1549 2208 1852 2274 Cervinus,
1909 2209 2078 2264 abbas

492 2298 677 2352 Sancti
753 2299 1028 2364 Ricltarii,
1083 2300 1418 2355 eremiticam
1482 2301 1648 2354 vitam
1696 2300 1887 2366 duxit;
1947 2301 2076 2356 item

492 2388 673 2442 locum
709 2388 856 2442 illum
887 2389 977 2459 qui
1029 2391 1229 2444 dicitur
1275 2389 1754 2460 Flameuguevilla,
1783 2401 1838 2446 et
1878 2401 2077 2446 terram

492 2480 654 2534 unius
699 2481 892 2544 aratri.
929 2489 983 2534 et
1030 2490 1239 2551 partem
1270 2496 1403 2536 meae
1447 2480 1750 2548 Warance;
1783 2483 2082 2538 decimam-

491 2583 597 2638 que
625 2569 817 2624 telonei
856 2581 1061 2641 septem
1085 2573 1378 2639 molarum;
1403 2571 1810 2628 etGrandinciae
1835 2575 2078 2638 omnium

491 2663 720 2730 piscium
747 2664 990 2732 coquinae
1017 2679 1184 2729 mem;
1217 2673 1272 2717 et
1291 2664 1358 2718 de
1379 2665 1511 2730 sale,
1547 2673 1602 2718 et
1632 2666 1700 2718 de
1719 2666 1863 2719 omni
1889 2681 2075 2734 carne,

503 2768 624 2822 quae
681 2753 847 2818 mihi,
879 2753 958 2805 vel
1009 2753 1311 2808 hzeredibus
1353 2755 1486 2808 meis
1527 2756 1592 2808 de
1618 2754 1808 2824 Anglia
1830 2755 2076 2810 veniunt.

573 2863 593 2894 ι
640 2844 904 2900 Similiter
949 2846 1212 2900 decimam
1272 2845 1340 2900 do
1381 2856 1438 2900 et
1487 2862 1681 2915 aquam
1729 2847 1797 2901 de
1847 2847 2075 2914 Criolio,

491 2944 618 2989 octo
646 2935 838 2989 diebus
884 2945 1012 2990 ante
1060 2936 1408 2992 festivitatem
1456 2939 1628 2992 sancti
1679 2938 1982 3006 Michaelis,
2024 2949 2078 2995 et

489 3026 607 3093 ipsa
648 3035 804 3080 nocte
830 3024 1142 3080 festivitatis
1163 3025 1430 3095 ejusdem,
1463 3043 1657 3096 aquam
1688 3030 1754 3082 de
1784 3044 1868 3095 eo,
1901 3030 2074 3084 eidem

491 3116 722 3170 abbatiae
749 3117 846 3188 dog;
873 3116 1127 3172 similiter
1148 3127 1273 3171 ante
1301 3118 1495 3172 festum
1517 3120 1886 3175 translationis
1903 3121 2073 3174 sancti

490 3206 789 3273 Benedicti,
822 3223 1017 3277 aquam
1039 3208 1106 3263 de
1125 3207 1326 3263 Criolio
1352 3210 1591 3263 concedo
1629 3211 1803 3265 eidem
1830 3212 2077 3266 ecclesia:

487 3306 726 3365 quatuor
753 3297 964 3364 diebus,
991 3305 1045 3352 et
1085 3297 1199 3367 ipsa
1227 3306 1383 3352 nocte
1409 3296 1559 3361 festi,
1585 3314 1780 3367 aquam
1810 3301 1878 3355 de
1906 3315 1988 3355 eo.

554 3405 585 3438 ί
631 3388 691 3441 In
742 3389 932 3460 Anglia
983 3388 1054 3442 do
1102 3388 1392 3453 Bonitone,
1439 3398 1495 3443 et
1534 3390 1796 3460 quidquid
1839 3390 1905 3445 ad
1954 3407 2074 3446 eam

483 3477 746 3547 pertinet,
777 3479 829 3532 in
854 3479 1046 3543 terris,
1078 3479 1132 3532 in
1174 3478 1500 3548 hospitibus,
1535 3488 1591 3533 et
1613 3481 1824 3534 excteris
1856 3483 2038 3537 rebus.

565 3588 584 3620 ε
631 3569 758 3624 Ιιωε
783 3570 962 3623 omnia
995 3569 1134 3624 dono
1159 3570 1334 3624 eidem
1351 3571 1581 3625 abbatize
1602 3571 1655 3625 in
1676 3571 2073 3644 eleemosynam

489 3657 742 3724 liberam,
769 3669 826 3714 et
852 3659 1112 3728 quietam,
1133 3671 1187 3714 et
1218 3674 1313 3728 per
1339 3660 1583 3713 chartam
1613 3659 1773 3714 istam
1809 3661 2075 3716 testiﬁcor

489 3749 654 3816 dona,
681 3765 800 3818 qua:
821 3749 1150 3804 Guillermus
1180 3750 1322 3804 ﬁlius
1365 3764 1539 3815 meus,
1587 3763 1676 3804 me
1721 3760 1986 3818 praesente
2021 3760 2075 3805 et

493 3837 884 3900 consentiente,
917 3838 1090 3893 eidem
1113 3837 1355 3892 ecclesiae
1386 3839 1437 3890 in
1459 3837 1856 3908 eleemosyuam
1879 3849 2076 3895 contu-

486 3927 576 3992 lit,
595 3927 1144 3982 videlicetecclcsiam
1171 3928 1237 3982 de
1264 3927 1519 3998 llaymies
1545 3945 1668 3984 cum
1700 3939 1811 3986 tota
1836 3931 2070 3994 decima,

491 4027 546 4072 et
579 4025 779 4072 terram
820 4017 984 4071 trium
1037 4017 1309 4086 hospitum
1370 4019 1436 4072 ad
1489 4019 1736 4073 eamdem
1783 4019 2072 4074 ecclesiam

489 4107 873 4177 pertinentem.

567 4220 586 4255 ι
635 4203 920 4258 Testiﬁcor
951 4203 1114 4258 etiam
1145 4204 1325 4258 omnia
1347 4203 1511 4270 dona,
1549 4219 1689 4273 qum,
1727 4220 1812 4259 me
1833 4220 2071 4275 prarsen-

492 4301 564 4358 te,
594 4293 826 4358 volente,
857 4302 912 4348 et
938 4303 1188 4365 rogante,
1214 4296 1463 4360 barones,
1505 4295 1721 4358 milites,
1751 4306 1805 4350 et
1826 4297 2074 4352 nationes

493 4395 651 4439 terra:
686 4400 838 4448 meaa,
867 4385 1043 4440 eidem
1067 4386 1309 4440 ecclesiae
1331 4387 1382 4440 in
1415 4387 1814 4458 cleemosynam
1844 4388 2070 4443 liberam
2106 4421 2152 4479 Β

491 4473 837 4528 contulerunt
861 4482 916 4528 et
936 4474 1198 4542 quietam,
1225 4475 1472 4530 videlicet
1505 4476 1725 4546 triginta
1767 4493 1926 4533 acras
1956 4487 2068 4533 ter-

493 4579 566 4620 ra:
596 4564 738 4634 apud
772 4564 1224 4621 Ulteris—l’ortum
1253 4566 1320 4620 de
1349 4567 1490 4622 dono
1517 4567 1758 4639 l-Iugouis
1787 4569 2073 4646 vieccnmi-

493 4656 586 4719 lis,
611 4655 779 4723 patris
811 4656 1056 4711 Guiberti
1106 4657 1174 4712 de
1219 4656 1458 4724 Ditneio;
1501 4659 1569 4712 de
1611 4659 1756 4714 dono
1804 4659 2070 4715 Willermi

491 4745 778 4811 Caucheis,
815 4747 948 4801 duas
983 4747 1288 4802 mansiones
1338 4747 1390 4802 in
1437 4749 1562 4803 villa
1623 4749 2070 4817 Ultoris-Portus,

493 4845 548 4892 et
591 4847 755 4892 totam
812 4849 1008 4893 terram
1058 4839 1574 4906 Montis-Goisberti,
1631 4854 1688 4897 et
1731 4845 1838 4898 duo
1881 4844 2070 4913 jugera

494 4930 633 4997 prati
662 4930 801 4998 apud
831 4930 1362 5000 Flamenguevillam,
1407 4940 1462 4987 et
1491 4935 1633 5004 apud
1685 4934 1942 4990 Criolium
1969 4936 2070 4990 alia

495 5017 601 5072 duo
619 5015 810 5088 jugera
839 5018 1002 5088 prati,
1030 5028 1084 5072 et
1136 5027 1338 5074 terram
1370 5036 1530 5089 quam
1562 5023 1780 5077 tenebat
1828 5023 1882 5076 in
1921 5025 2073 5093 Augo

493 5109 711 5178 oppido,
743 5117 800 5164 et
851 5110 1166 5165 viridarium
1213 5126 1401 5176 unum,
1441 5122 1496 5166 et
1539 5113 1797 5184 quidquid
1842 5116 2074 5170 habebat

496 5200 549 5256 itt
577 5211 782 5272 septem
832 5203 1020 5267 molis;
1053 5202 1120 5258 de
1167 5203 1308 5257 dono
1335 5203 1590 5259 Ricltardi
1619 5205 1837 5272 Boistel,
1876 5216 1932 5263 et
1959 5207 2071 5262 llil-

497 5291 644 5345 duini
689 5292 755 5346 de
798 5291 1074 5358 Blangeio,
1107 5299 1161 5346 et
1208 5291 1420 5347 Gustini
1467 5293 1532 5348 de
1563 5294 2068 5361 Grimont-Maisuil,

497 5389 550 5433 et
600 5379 818 5434 lienriei
861 5380 1137 5446 Jaillardi,
1188 5382 1323 5436 duas
1348 5385 1542 5452 garbas
1566 5385 1787 5439 decimae
1815 5387 1866 5440 in
1904 5385 2073 5440 feodis

497 5469 610 5523 suis
638 5470 778 5538 apud
805 5469 1117 5549 Blangeium
1145 5487 1160 5536 ;
1211 5471 1278 5524 de
1333 5474 1475 5528 dono
1514 5473 1729 5528 Heurici
1761 5475 2065 5529 Mostellen-

499 5561 596 5625 cis,
627 5560 678 5614 in
710 5561 948 5616 fontibus
967 5562 1156 5632 viginti
1181 5563 1368 5632 jugera
1409 5575 1588 5630 terrae,
1629 5575 1683 5621 et
1715 5567 1848 5621 duas
1877 5568 2071 5637 garbas

501 5651 754 5715 decimae;
788 5651 854 5706 de
884 5652 1026 5708 dono
1061 5653 1342 5709 Anscherii
1368 5654 1434 5710 de
1470 5655 1574 5710 Riu
1607 5657 1774 5720 senis,
1804 5657 2068 5713 decimam

2179 497 2320 552 dono
2367 497 2616 552 Helduini
2671 498 2966 554 Forestarii
3017 501 3152 554 duas
3200 499 3400 568 garbas
3442 497 3666 552 decima:
3695 498 3758 553 de

2183 589 2341 644 terris
2397 590 2512 646 suis
2567 591 2708 661 apud
2764 589 3056 658 Basinval;
3092 591 3159 647 de
3207 590 3353 646 dono
3406 588 3659 645 Waltcrii
3695 592 3759 645 ad

2179 683 2410 738 Barbara
2461 685 2526 739 de
2569 685 2812 752 Daivilla,
2851 687 2986 740 duas
3018 686 3214 757 garbas
3244 686 3468 740 decima:
3516 685 3586 739 de
3623 684 3756 741 fisco

2180 788 2278 828 suo
2303 775 2442 843 apud
2469 774 2846 841 Moncheium;
2878 777 2944 832 de
2971 776 3112 832 dono
3131 775 3398 833 Gosselini
3429 776 3498 831 de
3525 775 3762 830 Bernou-

2181 865 2421 932 maisnil,
2459 875 2511 920 et
2541 867 2808 924 Osmeldis
2838 871 3024 925 uxoris
3049 869 3166 940 ejus
3197 879 3398 924 terram
3429 870 3499 923 de
3548 866 3760 922 Sifridi-

2173 955 2338 1022 villa;
2369 957 2436 1012 de
2463 959 2602 1013 dono
2630 959 2847 1030 Rogcrii
2880 959 2974 1014 lilii
3007 961 3246 1026 Teroldi,
3278 961 3419 1029 apud
3442 958 3761 1013 Guillemer-

2179 1056 2337 1101 court
2383 1046 2570 1102 ﬁscum
2619 1049 2848 1103 duorum
2901 1049 3201 1115 hominum,
3239 1049 3493 1102 videlicet
3531 1047 3760 1104 Goifridi

2182 1139 2274 1193 ﬁlii
2325 1138 2624 1208 Romoldis,
2684 1149 2741 1196 et
2790 1141 3006 1212 Rogerii
3057 1141 3150 1195 ﬁlii
3213 1141 3461 1203 Ilenrici;
3513 1141 3583 1196 de
3623 1141 3763 1196 dono

2182 1229 2469 1300 Radulphi,
2501 1232 2592 1301 qui
2623 1247 2727 1287 non
2756 1232 2922 1297 videt,
2948 1233 3122 1304 patris
3143 1233 3414 1303 ltadulphi
3445 1232 3518 1288 de
3557 1231 3760 1288 Grant-

2180 1333 2358 1386 court,
2398 1323 2688 1392 quamdam
2715 1323 2981 1379 decimam
3009 1327 3062 1379 in
3093 1325 3453 1392 Grau‘teourt;
3513 1325 3584 1379 de
3625 1325 3762 1380 dono

2178 1411 2438 1466 Willelmi
2492 1409 2738 1468 Tallebot
2776 1414 3058 1488 servitium
3108 1423 3265 1470 teme
3304 1407 3759 1485 Sansogolinis'iu

2179 1502 2624 1568 Gillemercourt;
2677 1503 2745 1557 de
2781 1503 2922 1558 dono
2951 1503 3149 1558 Alundi
3175 1504 3242 1559 de
3289 1502 3646 1564 Grantcourt,
3669 1518 3761 1572 pa-

2181 1593 2279 1648 tris
2306 1592 2552 1658 Roberti,
2583 1593 2716 1648 duas
2744 1595 2941 1664 garbas
2966 1594 3189 1650 decima:
3247 1593 3317 1650 de
3367 1603 3516 1648 terra
3551 1609 3650 1648 sua
3699 1594 3763 1648 de

2179 1685 2537 1752 Grauteourt;
2585 1687 2652 1740 de
2693 1685 2833 1741 dono
2864 1686 3126 1758 Radulphi
3174 1687 3268 1741 [iiii
3302 1687 3557 1742 Alveredi
3599 1697 3762 1742 totam

2181 1778 2442 1832 decimam
2468 1786 2625 1833 terra:
2647 1794 2758 1834 suae
2794 1780 2934 1850 apud
2953 1779 3205 1845 Penlieu;
3235 1781 3304 1836 de
3331 1782 3478 1835 dono
3499 1779 3758 1843 Goifredt,

2181 1871 2555 1954 ﬁliiﬁainoldi
2586 1871 2652 1926 de
2685 1873 2888 1926 Sancto
2908 1872 3142 1928 Martino
3167 1873 3450 1939 Ja-illardo,
3498 1873 3757 1928 decimam

2180 1961 2246 2014 de
2269 1962 2428 2015 terris
2450 1961 2726 2016 hominum
2749 1977 2992 2029 suorum,
3013 1978 3174 2032 quam
3197 1963 3504 2018 habebatin
3527 1963 3759 2020 dominio

2179 2067 2296 2116 suo,
2325 2062 2382 2107 et
2422 2053 2560 2122 apud
2610 2053 2668 2107 S.
2727 2053 3038 2121 Martinam,
3092 2065 3147 2110 et
3178 2055 3320 2125 apud
3360 2054 3522 2109 Leto;
3549 2062 3604 2109 et
3628 2056 3758 2123 apud

2181 2143 2386 2197 Nerlim
2431 2159 2711 2214 campum;
2747 2145 2814 2200 de
2841 2147 2984 2202 dono
3009 2147 3412 2211 Claremboudi,
3459 2147 3636 2215 patris
3676 2146 3760 2198 lli-

2171 2235 2330 2289 eardi
2356 2235 2424 2289 de
2450 2233 2746 2304 Tokevilla,
2763 2237 2898 2292 duas
2915 2237 3116 2308 garbas
3133 2237 3356 2294 decima:
3381 2237 3450 2291 de
3467 2235 3756 2298 Tokevilla;

2179 2327 2248 2382 de
2275 2328 2415 2383 dono
2450 2328 2645 2400 Rogeri
2681 2330 2747 2384 de
2777 2329 3029 2385 Salcbeio
3047 2329 3232 2385 fratris
3259 2330 3481 2384 Ricardi
3513 2331 3583 2384 de
3603 2328 3757 2383 Frea-

2182 2418 2327 2482 villa,
2370 2419 2658 2474 ecclesiam
2700 2423 2767 2476 de
2813 2420 3062 2476 Salcheio
3103 2437 3226 2476 cutn
3278 2427 3392 2476 tota
3446 2420 3678 2485 decima.
3706 2424 3754 2477 et

2181 2509 2442 2578 quidquid
2466 2510 2533 2564 ad
2561 2489 2807 2566 eamdem
2851 2511 3140 2566 ecclesiam
3187 2511 3456 2581 pertinet,
3497 2520 3564 2566 et
3601 2527 3754 2567 nam

2180 2615 2364 2655 acram
2391 2601 2574 2672 prati;
2605 2601 2672 2655 de
2693 2599 2836 2656 dono
2865 2600 3107 2667 Ricardi,
3137 2600 3234 2655 ﬁlii
3265 2601 3489 2656 lidberti
3514 2603 3582 2656 de
3604 2601 3754 2656 Fres-

2180 2690 2326 2754 villa,
2382 2698 2551 2746 totam
2586 2690 2854 2745 decimam
2905 2692 3014 2746 de.
3095 2731 3108 2743 .
3185 2729 3202 2744 .
3273 2728 3295 2746 .
3373 2728 3389 2745 .
3467 2691 3755 2756 ;dedoao

2177 2780 2392 2836 Picardi
2431 2782 2497 2835 de
2531 2781 2787 2846 Lont'eio,
2825 2781 2998 2852 patris
3039 2781 3447 2846 Bartholomaei,
3496 2783 3753 2837 decimam

2181 2873 2246 2927 de
2275 2872 2447 2927 Bosco
2470 2871 2690 2927 Ricardi
2714 2890 2729 2939 ;
2761 2872 2827 2927 de
2855 2874 2997 2928 dono
3021 2872 3256 2928 lliillonis
3281 2872 3348 2928 de
3377 2872 3753 2944 Ayssingneio,

2177 2965 2316 3019 duos
2354 2965 2542 3020 hortos
2573 2972 2626 3020 et
2654 2964 2790 3020 duas
2815 2965 3008 3036 garbas
3046 2964 3272 3020 decimae
3321 2965 3388 3020 de
3413 2965 3752 3036 Assingneio,

2103 3071 2148 3133 ρ
2182 3057 2254 3111 ita
2275 3056 2466 3122 libere,
2503 3065 2559 3111 ut
2589 3071 2682 3112 eas
2704 3065 2759 3112 et
2796 3071 2939 3111 nunc
2980 3056 3229 3112 homines
3275 3055 3412 3110 villae
3453 3055 3520 3110 ad
3546 3057 3754 3110 domum

2182 3147 2573 3202 monachorum
2623 3148 2981 3213 adduxerunt,
3028 3147 3188 3203 sicuti
3227 3147 3296 3202 ad
3340 3163 3497 3202 suam
3554 3147 3752 3218 pridem

2175 3239 2357 3294 facere
2385 3253 2452 3294 ex
2504 3237 2686 3293 debito
2733 3237 3009 3304 solebant;
3061 3239 3128 3294 de
3157 3238 3299 3294 dono
3325 3237 3552 3294 Roberti
3577 3240 3643 3294 de
3659 3239 3752 3293 Pe—

2179 3341 2447 3401 treponto,
2475 3340 2530 3386 et
2555 3329 2831 3386 Godefridi
2858 3329 3043 3384 fratris
3069 3329 3187 3398 ejus
3231 3329 3504 3386 decimam
3553 3331 3624 3386 de
3655 3329 3752 3384 Cu-

2178 3423 2417 3487 vervilla,
2451 3437 2611 3492 quam
2637 3423 2894 3501 tenebant
2913 3423 2978 3476 de
3009 3421 3245 3493 Oylardo
3271 3423 3493 3477 domino
3516 3423 3751 3490 ejusdem

2177 3517 2340 3581 villae,
2373 3525 2427 3570 et
2457 3517 2557 3571 hoc
2585 3516 2747 3586 633
2804 3517 3048 3570 fecerunt
3096 3515 3162 3570 de
3207 3529 3480 3570 consensu
3514 3515 3752 3582 ejusdem

2175 3606 2410 3672 domini;
2446 3607 2513 3662 de
2537 3608 2676 3661 dono
2705 3605 3038 3676 Oystcllaudi
3065 3605 3256 3660 militis
3281 3605 3408 3670 mei,
3445 3606 3539 3674 qui
3593 3606 3751 3659 ﬁlium

2177 3714 2356 3753 meum
2411 3697 2750 3752 Willermum
2814 3695 3072 3763 nutrivit,
3132 3695 3314 3750 villam
3361 3710 3484 3763 qua:
3536 3705 3753 3748 vocatur

2175 3791 2698 3863 Maisinloystcllant,
2739 3799 2792 3844 et
2826 3791 2925 3842 hoc
2949 3788 3191 3843 concessi
3222 3787 3480 3856 precibus
3501 3785 3750 3840 Willelmi

2138 3954 2139 3957 η
2178 3886 2272 3939 lilii
2309 3885 2434 3949 mei,
2465 3893 2522 3937 ut
2547 3884 2602 3936 in
2630 3891 2947 3950 perpetuum
2973 3888 3120 3935 esset
3143 3880 3335 3935 eadem
3363 3878 3492 3934 villa
3523 3879 3593 3933 ad
3619 3879 3753 3932 elec-

2179 3989 2462 4045 tuosynant
2496 3988 2790 4042 pauperum
2821 3971 2988 4025 libera
3012 3981 3067 4026 et
3089 3970 3292 4039 quieta.

2249 4106 2270 4139 ‹
2304 4087 2370 4140 Ει
2394 4085 2516 4139 volo
2537 4093 2595 4138 ut
2617 4097 2954 4153 quaecunque
2975 4081 3222 4137 monachi
3249 4079 3753 4136 Ulterioris—Portus

2170 4178 2223 4232 ei
2262 4177 2402 4233 dono
2433 4192 2571 4242 meo,
2605 4178 2720 4230 sive
2750 4189 3125 4230 successorum
3160 4189 3429 4238 meorum,
3464 4173 3750 4232 tenuerint,

2176 4269 2259 4324 vel
2291 4268 2659 4339 possederint,
2708 4269 2780 4320 ita
2832 4265 3001 4321 libere
3033 4273 3089 4319 et
3121 4264 3302 4334 quiete
3349 4272 3573 4318 teneant
3617 4264 3756 4332 quod

2178 4358 2260 4411 vel
2309 4359 2378 4412 ab
2411 4357 2491 4411 eis
2538 4357 2621 4411 vel
2673 4356 2742 4410 ab
2793 4355 3100 4409 hominibus
3127 4368 3313 4409 eorum
3357 4354 3604 4406 haeredes
3656 4354 3752 4405 mei

2178 4448 2322 4502 nulla
2363 4447 2606 4511 servitia,
2649 4447 2791 4500 nulla
2824 4446 3046 4509 auxilia,
3083 4445 3257 4499 nullas
3301 4444 3482 4499 tallias
3509 4445 3626 4499 sive
3652 4444 3758 4498 col-

2178 4539 2363 4603 lectas,
2399 4538 2574 4592 nullas
2598 4538 2820 4592 omnino
2847 4537 3160 4591 exactiones
3179 4535 3438 4606 exigant:
3470 4543 3529 4591 et
3553 4549 3756 4592 succes-

2177 4630 2393 4686 soribus
2425 4629 2628 4685 nostris
2657 4629 2761 4684 hoc
2790 4627 3174 4690 annuentibus,
3217 4635 3271 4678 et
3319 4641 3418 4696 pro
3468 4641 3632 4696 posse
3663 4641 3757 4679 suo

2180 4737 2266 4777 res
2332 4721 2490 4790 hujus
2562 4720 2809 4776 ecclesiae
2871 4720 3223 4789 augentibus.
3291 4718 3750 4777 benedictionem;

2175 4809 2630 4868 calumniantibus
2676 4829 2831 4877 vero,
2875 4820 2932 4868 et
2973 4827 3060 4867 res
3093 4811 3252 4879 hujus
3293 4810 3541 4866 ecclesiae
3590 4817 3754 4863 retra-

2180 4908 2459 4970 hentibus,
2507 4917 2767 4963 asteruam
2821 4904 3256 4959 maledictioncm
3311 4901 3514 4968 indico,
3567 4911 3624 4956 et
3665 4916 3754 4955 eos

2178 5002 2429 5056 timendae
2475 4998 3046 5055 excommunicationis
3100 4996 3317 5052 vinculo
3369 4996 3496 5067 ligo.
3557 4996 3753 5050 llorum

2175 5093 2439 5146 donorum
2470 5100 2576 5145 tam
2609 5105 2851 5146 meorum
2881 5104 3040 5159 quam
3077 5088 3308 5141 aliorum
3353 5086 3750 5142 benefactorum

2178 5182 2338 5252 ltujus
2369 5182 2630 5246 ecclesiae,
2659 5196 2794 5249 quos
2822 5180 3066 5250 praedixi,
3099 5187 3263 5234 testes
3295 5196 3309 5232 :

2252 5312 2270 5344 ι
2308 5293 2420 5362 Ego
2473 5292 2740 5348 Robertus
2787 5307 2968 5348 con-tes
3013 5291 3168 5360 Augi.
3235 5289 3301 5344 Et
3343 5289 3662 5358 Radulphus
3698 5297 3750 5340 et

2178 5383 2498 5450 Willelmus,
2523 5393 2576 5436 et
2605 5383 2874 5437 Ruben-tus
2896 5382 2985 5436 lilii
3015 5382 3138 5436 mei.
3163 5381 3232 5435 Et
3258 5380 3410 5448 Hugo
3431 5379 3746 5434 vicecomcs.

2178 5479 2240 5530 iit
2273 5475 2564 5531 Gaufridus
2594 5477 2660 5530 de
2691 5475 2896 5528 Bailoil.
2931 5475 2994 5528 Et
3040 5473 3289 5528 Galterus
3334 5473 3401 5526 ad
3429 5471 3658 5525 Barbam
3687 5471 3752 5521 de

2179 5567 2542 5622 Davitusvilla.
2588 5587 2606 5618 ›
2653 5566 2718 5621 Ει
2749 5565 2837 5621 alii
2872 5565 3024 5620 multi
3055 5579 3191 5635 quos
3217 5563 3436 5633 longqu
3475 5570 3558 5617 est
3586 5559 3747 5616 nomi-

2176 5671 2323 5712 nare.
