4032 6336
273 377 332 432 ω
342 370 410 429 37

343 468 521 524 llocce
566 467 871 523 donationis
907 466 1325 523 instrumentum
1368 468 1655 521 conﬁrmat
1690 466 1851 521 Joan-
1882 463 1928 520 A

272 574 395 626 nes,
424 560 611 614 itidem
640 574 822 613 eomes
862 560 1143 630 Augcnsis,
1176 560 1240 613 ad
1272 560 1415 613 hunc
1442 559 1659 613 modum
1696 574 1709 609 :

344 668 364 702 ι
413 651 567 704 Anno
609 650 997 705 lncarnationis
1034 650 1192 716 1H9,
1220 650 1517 705 Romanam
1554 647 1849 705 Ecclesiam

268 748 491 810 regente
526 753 663 809 papa
692 740 961 809 Eugenio;
995 738 1484 809 Rothomagensem
1533 738 1849 793 cathedram

264 831 525 900 episcopo
566 830 788 885 sedente
840 829 1064 900 llugone
1093 830 1376 899 archicp.;
1432 830 1770 901 principante
1797 829 1850 883 in

266 919 627 975 Northtnania
674 921 1087 989 Andegavorum
1135 922 1335 977 comite
1387 921 1695 978 Gaul‘rido:
1738 921 1867 992 Ego».

266 1011 523 1066 Joannes.
578 1012 908 1081 Augensium
971 1026 1191 1077 comes,
1255 1014 1379 1069 huic
1424 1015 1483 1068 S.
1538 1013 1850 1083 archangeli

268 1100 548 1155 Michaelis
602 1101 1163 1158 liberioris-Portensi
1215 1103 1458 1158 ecclesia
1504 1102 1851 1159 concedendo

266 1192 395 1247 dedi
432 1202 486 1248 et
522 1193 870 1258 conﬁrmavi,
923 1203 981 1248 et
1022 1208 1186 1265 super
1223 1195 1396 1250 altare
1431 1194 1646 1264 propria
1688 1207 1863 1247 manu,

268 1299 387 1339 unca
417 1285 570 1355 posui
602 1286 781 1340 omnia
809 1286 950 1341 dona
984 1287 1098 1351 illa,
1142 1301 1263 1356 qua
1303 1296 1680 1343 antecessores
1722 1288 1847 1350 mei,

265 1391 451 1431 oinnes
476 1376 726 1431 videlicet
760 1377 1049 1442 Robcrtus,
1078 1387 1135 1434 et
1176 1378 1495 1434 Guillelmus
1543 1378 1682 1433 ﬁlius
1711 1380 1847 1449 ejus,

267 1467 531 1523 Henricus
552 1478 705 1539 pater
728 1485 883 1525 mens
898 1511 914 1534 ,
960 1472 1151 1538 suique
1176 1471 1422 1526 homines
1441 1482 1847 1538 concesserunt,

265 1557 551 1622 dederunt,
594 1569 649 1613 et
677 1558 1153 1624 conﬁrmaverunt,
1201 1569 1258 1615 et
1295 1562 1553 1631 quidquid
1598 1562 1684 1615 die
1720 1578 1845 1627 uno,

266 1665 593 1722 quocunque
622 1662 781 1721 pacto
818 1654 1046 1709 ecclesia
1085 1663 1333 1710 tenuerat
1370 1656 1673 1711 viventibus
1720 1672 1852 1726 pra:-

268 1742 396 1796 t‘atis
420 1744 737 1809 comitibus;
773 1751 827 1797 et
855 1743 973 1799 volo
999 1754 1057 1798 ut
1077 1759 1139 1799 ea
1163 1746 1431 1815 pracipue
1454 1760 1574 1815 qua
1599 1748 1845 1799 monachi

1438 373 1650 431 DOMNI
1684 372 1747 427 1..
1787 367 2134 426 D‘ACHERY
2162 367 2392 428 ΝΟΤᾸΕ.

3394 376 3531 429 1138

2031 481 2050 513 ι
2098 479 2151 516 x1
2192 462 2457 517 Kalendas
2502 464 2725 532 Aprilis,
2778 465 2911 518 obiit
2942 465 3424 525 reverendissimus
3451 470 3533 520 vir

1957 552 2185 609 domnus
2240 552 2408 607 abbas
2448 553 2745 620 Alfredus,
2811 556 2969 610 istius
3039 555 3140 609 loci
3203 556 3533 626 gubernator

1954 645 2166 697 tertius.
2194 662 2211 693 ι

2024 730 2099 784 De
2125 740 2319 799 quarto
2346 743 2401 788 et
2435 733 2622 802 quinto
2643 734 2799 788 nihil.

2028 838 2048 871 ι
2094 837 2148 874 xt
2185 821 2451 877 Kalendas
2490 825 2633 888 Maii,
2674 825 2808 879 obiit
2838 827 3070 883 domnus
3096 828 3265 884 abbas
3295 829 3531 884 Guiller-

1952 927 2093 978 mus,
2121 912 2282 980 hujus
2315 914 2570 970 Ecclesia
2600 928 2788 986 paStor
2825 929 3031 975 sextus.

2028 1023 2048 1055 ι
2096 1003 2350 1060 Kalendis
2394 1005 2569 1067 Junii,
2619 1006 2754 1061 obiit
2791 1010 3023 1065 domnus
3052 1012 3315 1067 Ricardus
3342 1014 3528 1076 abbas,

1950 1094 2112 1160 huius
2144 1096 2396 1150 Ecclesia
2427 1104 2613 1166 pastor
2640 1086 2921 1166 septimus.
2962 1120 2978 1149 ι

2023 1185 2097 1238 De
2134 1193 2326 1237 octavo
2358 1185 2501 1239 haud
2532 1185 2636 1238 ulla
2672 1191 3139 1243 commemoratio.

2028 1290 2046 1322 ι
2091 1288 2143 1326 vr
2183 1272 2459 1328 Kalendas
2485 1272 2688 1337 Martii,
2716 1274 2849 1328 obiit
2881 1275 2979 1343 pia
3004 1279 3280 1331 memoria
3306 1279 3534 1332 domnus

1952 1362 2117 1416 abbas
2141 1362 2490 1428 Guillermus,
2522 1364 2679 1434 hujus
2709 1364 2960 1419 ECt‘lQSlﬂ'
2991 1374 3175 1435 pastor
3196 1382 3388 1421 nouus.

2027 1470 2047 1503 ί
2094 1451 2347 1509 Kalendis
2375 1453 2586 1520 Martii,
2635 1456 2767 1510 obiit
2814 1456 3049 1508 domnus
3073 1456 3239 1510 abbas
3263 1457 3553 1519 Arturius,

1950 1541 2110 1610 hujus
2138 1542 2389 1597 Ecclesia
2418 1552 2607 1612 pastor
2631 1543 2894 1598 decimus.
2933 1564 2950 1594 ι

2024 1635 2096 1690 De
2123 1634 2409 1690 undecimo
2434 1635 2558 1691 silet
2588 1635 2985 1707 Necrologium.

2031 1746 2049 1777 ι
2095 1743 2128 1780 v
2156 1725 2336 1782 Nonas
2361 1727 2559 1793 Martii,
2588 1728 2725 1782 obiit
2746 1726 2976 1781 domnus
3004 1726 3154 1797 llugo
3177 1727 3362 1788 abbas,
3382 1725 3537 1793 hujus

268 1830 470 1887 habere
501 1805 794 1900 debebant,
824 1834 1053 1889 ﬁrmiter
1080 1844 1134 1890 et
1160 1805 1406 1907 plenarie
1436 1805 1690 1901 habeant,
1719 1846 1774 1891 et
1797 1838 1850 1891 in

1959 1816 2209 1872 Ecclesiae
2239 1827 2416 1872 rector
2448 1819 2817 1873 duodecimus.

265 1930 589 1992 perpetuum
625 1926 959 1992 possideant,
997 1945 1015 1976 ι
1051 1934 1161 1983 etc.

345 2014 541 2071 Verum
581 2018 769 2085 paucis
805 2026 927 2087 post
957 2019 1113 2073 annis
1144 2019 1211 2074 ab
1237 2018 1428 2074 eodem
1471 2020 1693 2083 comite,
1740 2020 1854 2074 sive

269 2105 339 2159 ab
390 2106 509 2175 ejus
537 2107 825 2173 militibus,
851 2122 973 2161 cum
1010 2108 1256 2163 ecclesia
1305 2108 1364 2163 S.
1418 2108 1696 2163 Michaelis
1734 2110 1852 2163 the-

267 2212 466 2253 saurus
494 2198 717 2252 immani
751 2199 1038 2269 sacrilegio
1076 2200 1267 2256 luisset
1291 2200 1555 2271 direptus,
1584 2203 1861 2271 panitcn—.

269 2289 342 2340 tia
382 2287 634 2358 princeps
671 2289 760 2343 ille
795 2290 1009 2351 ductus,
1042 2291 1302 2360 quidquid
1342 2293 1580 2345 ablatum
1627 2300 1851 2346 eatenus

267 2392 625 2447 compensare
650 2379 873 2445 studuit,
912 2390 969 2432 ut
998 2381 1122 2445 alia,
1154 2395 1273 2449 qua
1301 2380 1356 2435 in
1384 2382 1630 2450 sequenti
1660 2383 1850 2439 charta

266 2468 634 2529 continentur,
658 2468 743 2539 pie
763 2471 1072 2524 contulerit.
1119 2472 1266 2527 lianc
1289 2473 1597 2527 exscribere
1618 2473 1846 2543 juvabit,

266 2569 327 2611 ut
380 2558 503 2612 inde
548 2561 646 2612 avi
701 2562 870 2613 nostri
921 2561 1258 2615 exercituum
1294 2562 1460 2617 duces
1490 2562 1656 2631 (lleu!
1690 2578 1850 2631 quam

268 2649 500 2705 nefanda
541 2660 753 2719 patrata
791 2657 953 2715 sunt).
990 2653 1168 2706 nobile
1209 2654 1482 2723 religionis
1507 2655 1849 2714 Christianae,

266 2739 398 2807 quin
427 2749 484 2794 et
498 2740 724 2809 justitia
751 2742 1056 2810 exemplum
1090 2757 1305 2796 sumere
1336 2743 1544 2811 possint

344 2849 365 2881 σ
412 2830 609 2885 Notum
658 2833 728 2886 sit
779 2834 1045 2886 universis
1096 2834 1352 2888 Ecclesia
1407 2836 1495 2887 llei
1540 2835 1663 2889 liliis
1709 2835 1850 2904 quod

268 2920 383 2990 Ego
410 2920 650 2977 Joannes
684 2938 867 2979 comes
901 2925 1033 2994 Augi
1080 2940 1179 2991 pro
1216 2926 1486 2994 stipendio
1517 2926 1765 2991 militum,
1799 2937 1859 2981 et

268 3013 646 3077 servientium,
696 3028 835 3082 quos
887 3016 1032 3069 tenui
1073 3030 1168 3083 per
1213 3030 1467 3086 guerram
1503 3017 1667 3085 regis,
1697 3017 1853 3069 inva-

236 3102 413 3157 ‘diati
454 3103 745 3157 maximam
784 3113 991 3173 partem
1023 3112 1079 3157 et
1106 3104 1367 3171 optimam
1409 3104 1649 3158 thesauri
1677 3103 1849 3158 ecclc-
1883 3139 1924 3195 ε

267 3193 363 3246 sia
390 3191 575 3247 Sancti
612 3194 892 3249 Michaelis
920 3195 987 3247 de
1025 3193 1503 3255 Ulteriori-Partu,
1532 3196 1667 3248 duos
1707 3195 1856 3248 vide-

268 3284 399 3338 licet
445 3293 637 3339 textus.
680 3287 966 3355 pretiosos,
1018 3295 1077 3340 et
1112 3288 1219 3340 duo
1271 3285 1544 3340 thuribula
1594 3287 1855 3355 pretiosa,

268 3389 435 3428 unum
485 3376 711 3431 calicem
770 3385 1109 3445 argenteum,
1158 3385 1219 3430 et
1260 3376 1464 3445 Optime
1513 3377 1855 3441 deauratum,

268 3479 467 3534 cappas
504 3480 661 3520 caras
703 3465 895 3535 viginti
933 3475 1187 3535 quatuor,
1218 3465 1457 3519 casulam
1490 3475 1758 3534 peratam,
1805 3478 1859 3521 ct

270 3558 486 3611 bonam.
524 3556 795 3612 Praeterea
828 3567 907 3611 tot
947 3570 999 3614 et
1032 3558 1201 3612 tantis
1228 3557 1633 3627 gravaminibus
1659 3559 1853 3627 praefa-

269 3656 381 3699 tam
409 3646 695 3702 ecclesiam
732 3655 840 3701 tam
888 3662 1028 3716 strpe
1057 3648 1299 3718 gravari,
1350 3662 1513 3716 quam
1548 3650 1694 3702 vices
1733 3663 1855 3719 gra-

268 3738 542 3792 vaminum
587 3753 875 3794 numerare
926 3753 1031 3794 non
1061 3753 1297 3808 possem.
1331 3738 1507 3804 Quare
1533 3755 1632 3810 pro
1675 3740 1857 3794 multis

268 3844 461 3898 pauca,
490 3844 599 3898 pro.
630 3836 840 3902 magnis
868 3846 1035 3900 parva
1084 3830 1408 3900 rependens,
1446 3832 1685 3886 concedo
1719 3841 1773 3887 et
1804 3833 1855 3885 in

269 3929 587 3989 perpetuum
629 3922 697 3975 do
726 3922 1004 3990 pradicta
1044 3921 1307 3986 ecclesia,
1359 3936 1583 3976 avenam
1632 3930 1686 3976 et
1741 3921 1856 3975 l'ru-

268 4020 512 4066 mentum
560 4014 625 4068 de
675 4013 910 4078 Vericio,
941 4029 1061 4083 qua
1088 4014 1326 4083 pertinet
1367 4014 1434 4067 ad
1485 4013 1852 4084 forestagium.

269 4102 568 4169 Diligenter
604 4112 783 4159 autem
817 4107 1058 4161 bzeredes
1098 4119 1265 4160 exoro
1294 4121 1361 4160 ne
1395 4105 1665 4160 Ecclesias
1697 4115 1856 4160 terra

267 4211 383 4249 sua
404 4206 648 4265 gravent,
682 4198 775 4251 sed
804 4199 1072 4252 honorent
1104 4206 1159 4252 et
1190 4206 1494 4269 protegant.
1531 4199 1595 4251 Et
1635 4200 1677 4251 si
1723 4199 1852 4266 quid

265 4290 349 4343 eis
378 4303 475 4358 pro
515 4289 689 4344 salute
731 4290 926 4344 anima
970 4306 1123 4353 mea,
1176 4300 1232 4344 et
1279 4299 1563 4360 parentum
1611 4305 1852 4344 meorum

266 4380 415 4445 dedi,
448 4381 529 4435 vel
563 4396 660 4449 pro
686 4380 886 4436 ablatis
941 4382 1171 4441 reddidi,
1227 4382 1279 4435 in
1313 4398 1445 4451 pace
1474 4382 1744 4437 stabiliter
1782 4393 1856 4437 te-

2034 1924 2053 1957 ι
2100 1924 2151 1959 vr
2185 1906 2454 1963 Kalendas
2509 1908 2655 1973 Maii,
2704 1909 2840 1964 obiit
2867 1908 2967 1978 pia
3009 1910 3282 1962 memoria
3310 1909 3538 1960 domnus

1956 1999 2127 2054 abbas
2154 1999 2419 2056 llcnricus
2448 2010 2647 2067 rector,
2676 2010 2731 2056 et
2756 2002 3110 2056 readiﬁcator
3144 2002 3537 2065 nobilissimus,

1955 2101 2009 2147 et
2044 2092 2239 2147 tertius
2267 2093 2513 2147 decimus
2543 2094 2645 2149 loci
2676 2095 2860 2160 istius;
2893 2094 2946 2148 in
2983 2094 3137 2162 cujus
3163 2096 3538 2149 anniversario

1955 2184 2219 2239 habemus
2245 2184 2410 2256 634
2437 2187 2794 2257 quadraginta
2835 2186 3056 2241 solidos.
3093 2208 3125 2238 ι

2026 2273 2099 2327 De
2129 2282 2360 2342 quatuor
2386 2277 2837 2344 subsequentibus
2868 2277 3023 2330 nihil.

2031 2382 2050 2415 ι
2098 2380 2186 2419 xw
2218 2366 2487 2421 Kalendas
2540 2368 2763 2437 Aprilis,
2819 2368 2951 2422 obiit
2997 2369 3226 2421 domnus
3271 2367 3538 2421 Robertus

1957 2458 2124 2512 abbas
2161 2457 2319 2527 hujus
2350 2459 2606 2515 Ecclesia
2632 2461 2924 2529 vigesimus
2954 2462 3180 2529 primus.

2031 2569 2050 2601 ι
2099 2568 2155 2604 ltl
2185 2552 2305 2606 Idus
2325 2552 2448 2607 Julii
2473 2554 2605 2607 obiit
2627 2552 2863 2607 Joannes
2886 2554 3053 2605 abbas
3078 2553 3233 2604 istius
3258 2551 3536 2611 Ecclesia,

1955 2637 2315 2692 readiﬁcator
2352 2648 2407 2693 et
2461 2649 2744 2709 reparator
2794 2639 3193 2703 nobilissimus,
3251 2648 3306 2691 et
3358 2648 3542 2707 pastor

1955 2728 2248 2797 vigesimus
2280 2732 2569 2786 secundus.
2616 2752 2633 2784 ι

2024 2817 2278 2889 Vigcsimi
2309 2824 2450 2876 tertii
2478 2824 2620 2878 nulla
2658 2826 2879 2880 mentio.

2033 2927 2053 2960 ι
2101 2927 2151 2964 vt
2181 2910 2361 2967 Nonas
2393 2912 2540 2974 Maii,
2567 2914 2702 2967 obiit
2744 2917 2844 2984 piae
2875 2915 3149 2968 memoria:
3173 2914 3404 2967 domnus
3439 2900 3536 2964 ab-

1956 2998 2054 3052 bas
2088 2997 2350 3054 Ricardus
2393 3003 2459 3054 de
2498 3003 2839 3073 Louguemor
2878 3014 3078 3070 rector,
3108 3013 3161 3058 et
3186 3003 3540 3058 reazdtlicator

1957 3087 2354 3154 nobilissimus,
2393 3090 2687 3159 vigesimus
2716 3100 2963 3159 quartus.

2036 3194 2067 3226 ι
2102 3191 2132 3227 v
2164 3176 2439 3231 Kalendas
2458 3179 2680 3248 Aprilis,
2706 3180 2842 3234 obiit
2870 3182 2975 3248 pia
3002 3180 3279 3235 memoria
3309 3180 3540 3235 domnus

1958 3265 2126 3321 abbas
2171 3267 2419 3322 Andreas
2467 3277 2680 3332 rector,
2738 3278 2794 3322 et
2840 3279 3123 3339 reparator
3169 3269 3539 3323 nobilissimus

1958 3357 2177 3427 capella
2213 3358 2391 3413 Beata
2419 3359 2619 3425 Mariae,
2660 3360 2953 3428 vigesimus
2975 3362 3216 3430 quintus.

2036 3468 2054 3499 ‹
2100 3466 2153 3503 vr
2180 3450 2447 3505 Kalendas
2487 3451 2757 3516 Octobris,
2780 3453 2917 3506 obiit
2950 3454 3051 3522 pia
3080 3453 3355 3507 memoria
3381 3453 3538 3505 dom-

1959 3554 2062 3593 nus
2114 3539 2280 3594 abbas
2325 3540 2587 3594 Ricardus
2648 3542 2715 3596 de
2773 3541 3112 3612 Longuemor
3172 3543 3538 3597 nobilissimus

1959 3631 2335 3696 retedilicator,
2390 3647 2456 3687 ac
2505 3634 2797 3702 vigesimus
2846 3642 3029 3688 sextus
3078 3634 3238 3699 hujus
3283 3634 3540 3687 Ecclesia:

1960 3730 2155 3775 rector.
2194 3741 2227 3774 »ν

2037 3812 2257 3868 Videtur
2283 3816 2372 3869 hie
2393 3831 2567 3881 error,
2591 3817 2673 3871 vel
2706 3817 2857 3872 fuere
2896 3818 3177 3888 synonymi
3197 3817 3275 3871 2t.
3291 3832 3354 3871 ac
3373 3816 3465 3871 9.6.

2032 3906 2106 3960 De
2147 3906 2405 3975 vigesimo
2437 3909 2667 3977 septimo
2709 3907 2841 3962 nihil
2870 3917 3066 3963 exstat.

2036 4016 2053 4047 ι
2101 4013 2188 4050 xvn
2230 3996 2496 4053 Kalendas
2531 3997 2897 4068 Septembris,
2950 3998 3083 4053 obiit
3127 4014 3269 4052 anno
3318 3996 3529 4051 Domini

1960 4086 2090 4141 l521
2145 4088 2368 4144 illustris
2416 4090 2665 4145 dominus
2712 4090 2940 4145 Carolus
2995 4090 3063 4145 de
3110 4091 3302 4145 Cleves
3350 4105 3535 4144 comes

1962 4178 2119 4248 Augi,
2166 4179 2309 4232 illius
2349 4181 2739 4250 primogenitus
2777 4182 2978 4234 domini
3012 4180 3237 4236 Gilberti
3296 4179 3534 4247 ejusdem

1957 4266 2063 4319 loci
2108 4270 2342 4333 comitis,
2386 4270 2553 4323 frater
2585 4285 2878 4340 germanus
2908 4272 3109 4324 domini
3156 4269 3434 4322 Francisci
3467 4270 3535 4322 de

1957 4356 2147 4413 Cleres
2178 4361 2334 4429 hujus
2365 4361 2620 4416 Ecclesia
2658 4362 2899 4417 moderni
2938 4363 3149 4416 abbatis
3186 4362 3535 4416 commenda-

264 4486 400 4526 nere
429 4473 649 4536 faciant,
698 4473 1045 4528 recordantes
1082 4474 1225 4542 quod
1282 4474 1380 4543 ipsi
1428 4474 1676 4527 morituri
1705 4482 1852 4539 sunt,
1886 4488 1932 4546 ο
1960 4448 2082 4501 tam
2115 4450 2387 4546 Ρτίηξξνέί
2412 4449 2463 4546 i_"
2494 4450 2685 4546 οἷδίίξξδ
2714 4450 2959 4546 νίξῆξίηῖί
2990 4450 3187 4504 θθίθνί·

265 4560 410 4615 sicut
434 4562 863 4629 pradecessores
889 4564 1071 4617 nostri
1090 4563 1285 4617 mortui
1310 4572 1453 4617 sunt.
1489 4563 1659 4630 ilujus
1685 4564 1853 4617 dona-

267 4654 433 4709 tionis
483 4662 646 4710 testes
693 4665 818 4710 sunt
861 4656 912 4709 hi
953 4674 966 4712 :
1001 4655 1265 4710 Henricus
1314 4666 1370 4710 et
1433 4657 1700 4712 liobcrtus
1758 4657 1854 4711 ﬁlii

266 4747 509 4811 comitis,
552 4756 607 4802 et
640 4746 704 4801 Ν.
742 4749 1019 4803 comitissa
1066 4749 1203 4817 Augi
1233 4767 1247 4801 :
1278 4748 1345 4803 Η.
1376 4750 1545 4804 abbas
1576 4750 1852 4814 Fiscanni,

266 4839 580 4909 Stephanus
629 4840 797 4895 abbas
849 4842 916 4896 de
972 4841 1439 4903 Fulcardimonte,
1500 4841 1736 4897 Thomas
1785 4845 1853 4897 dc

267 4930 595 4997 Brienchon,
642 4933 905 4986 Alverdus
939 4934 1008 4988 de
1053 4934 1255 4989 Sancto
1304 4920 1551 4996 Martiuo,
1597 4935 1851 5007 Magister

270 5019 559 5086 Ricardus,
591 5021 913 5077 Guillelntus
945 5022 1179 5088 Billuar;
1218 5044 1238 5076 ›
1277 5037 1323 5078 et
1352 5025 1445 5078 alii
1475 5026 1672 5092 plures.

340 5112 436 5168 His
471 5116 685 5169 accedit
727 5113 969 5183 ejusdem
1015 5118 1331 5172 monasterii
1384 5118 1686 5172 antistitum
1752 5133 1851 5170 no—

268 5204 629 5260 meucl'atura.

270 5296 355 5351 Ea:
391 5296 706 5370 Necrologio
746 5301 1197 5423 abbatia'PSqncti
1230 5302 1504 5357 Michaelis
1545 5301 1850 5357 Ullerioris-

1007 5390 1067 5423 υΓ
1093 5389 1172 5423 us.

1007 5389 1172 5427 ortus.

343 5478 362 5511 ι
401 5476 493 5515 xiv
517 5460 787 5517 Kalendas
818 5461 966 5529 Maii,
996 5463 1133 5518 obiit
1157 5464 1257 5534 pia
1282 5466 1677 5522 recordationis
1699 5466 1850 5521 dom-

267 5566 372 5606 nus
406 5552 575 5608 abbas
615 5553 899 5619 Rainerus,
937 5555 1100 5623 hujus
1138 5556 1383 5612 ecclesia
1413 5567 1598 5627 pastor
1621 5557 1847 5629 primus.

345 5664 363 5695 ι
412 5660 469 5698 ιιι
512 5644 690 5699 Nonas
734 5644 932 5713 Martii,
979 5646 1115 5701 obiit
1165 5648 1266 5717 pia
1303 5651 1576 5703 memoria:
1623 5650 1851 5705 domnus

269 5731 436 5787 abbas
468 5731 662 5803 Drogo,
698 5734 853 5803 lmjus
882 5736 1125 5793 ecclesiae
1155 5738 1423 5793 secundus
1456 5748 1650 5794 rector.

2035 4554 2053 4585 ι
2104 4552 2178 4590 χιι
2227 4537 2494 4594 Kalendas
2528 4537 2707 4603 Junii,
2750 4537 2885 4592 obiit
2916 4538 3146 4591 domnus
3176 4536 3344 4591 abbas
3373 4535 3535 4591 Albe-

1959 4629 2125 4695 ricus,
2177 4630 2432 4685 Ecclesia
2463 4630 2519 4683 S.
2554 4628 2803 4683 Leul‘redi
2838 4627 3301 4684 moderatissimus
3331 4638 3534 4693 rector,

1955 4719 2237 4789 nostrique
2268 4721 2369 4775 loci
2410 4720 2618 4788 primus
2642 4719 2957 4772 adiﬁcator.
3006 4737 3024 4769 ι

2027 4810 2178 4867 Hanc
2226 4811 2478 4865 abbatum
2517 4812 2710 4866 seriem
2744 4810 2997 4876 solidam,
3050 4820 3363 4880 certamque
3393 4826 3530 4864 neu-

1957 4905 2161 4974 tiquam
2222 4919 2496 4973 propono;
2565 4903 2869 4974 refragatur
2926 4904 3071 4959 enim
3140 4904 3407 4957 Robertus
3464 4906 3532 4958 de

1956 4996 2135 5051 Monte
2184 4997 2235 5051 in
2284 5005 2518 5051 tractatu
2569 4995 2643 5051 Dc
2689 4997 3065 5051 immutatione
3112 4996 3229 5049 ord.
3279 4997 3529 5049 unoriach.

1957 5090 2093 5145 infra
2141 5092 2281 5145 inter
2330 5092 2759 5147 Additamenta:
2813 5112 2830 5143 ι
2872 5092 3139 5146 Robertus
3190 5108 3372 5146 eomes
3426 5096 3534 5145 Au-

1954 5186 2155 5248 ccnsis,
2189 5185 2384 5252 inquit,
2412 5186 2797 5240 monasterium
2828 5183 2886 5239 S.
2919 5184 3194 5238 Michaelis
3224 5184 3534 5238 Ulterioris-

1954 5276 2150 5331 l‘ortus
2189 5277 2510 5342 adiﬁcavit;
2562 5277 2614 5330 in
2664 5291 2770 5344 quo
2808 5276 3013 5344 primus
3058 5276 3225 5329 abbas
3275 5275 3373 5329 fuit
3404 5274 3534 5328 lier-

1955 5369 2158 5431 bertus,
2177 5370 2474 5423 monachus
2497 5369 2557 5423 S.
2586 5367 2866 5423 Trinitatis
2886 5368 2952 5423 de
2977 5367 3154 5421 Monte
3186 5366 3533 5433 Rothomag..

1954 5459 2221 5514 secundus
2278 5458 2615 5524 Alvcredus,
2679 5460 2869 5514 tertius
2912 5458 3189 5515 Osbernus
3241 5457 3535 5513 monachus

1954 5549 2193 5617 ejusdem
2225 5550 2351 5615 loci,
2383 5559 2609 5619 quartus
2644 5549 2961 5606 Fulcherius
2990 5551 3287 5605 monachus
3313 5550 3536 5605 Cluniaa

1955 5656 2150 5694 CCIIQIS.
2185 5660 2203 5691 ι

2027 5734 2119 5801 (π’)
2158 5734 2285 5788 CAP.
2327 5732 2390 5787 V.
2439 5766 2502 5774 -υ
2554 5732 2829 5789 Comitissa
2870 5732 3183 5789 Ileliscndis.
3241 5732 3369 5799 Qua!
3423 5730 3529 5784 R0-
