4032 6326
530 402 669 458 1159
1484 399 1575 454 AD
1613 399 1762 456 OPP.
1805 399 1967 456 VEN.
1998 399 2325 463 GUIBERTI
2367 403 2456 461 DE
2485 405 2884 466 NOVIGENTO
3117 429 3120 432 ί
3651 421 3772 477 illi)

530 498 689 550 berto
715 491 945 548 Aucensi
988 491 1170 547 comiti
1212 497 1400 561 nupta,
1424 491 1754 550 Willelmum
1787 494 1877 565 (de
1903 510 2012 564 quo
2042 509 2108 550 eo
2135 501 2184 558 A
2212 501 2497 571 sanctique
2526 501 2693 569 Petri,
2734 503 2804 558 ob
2833 503 2986 572 cujus
3034 519 3278 561 amorem
3324 519 3386 561 se
3405 491 3637 562 tradidit
3676 511 3775 579 ipse

529 586 656 654 loci)
686 593 812 639 natu
840 583 1134 638 secundum
1165 584 1370 652 genuit,
1407 585 1859 652 quemadmodum
1900 587 1952 641 in
1983 587 2108 642 sub-
2210 591 2534 650 Lambertus
2581 596 2648 650 ad
2697 596 3069 663 serviendum,
3133 599 3236 652 nisi
3292 599 3598 654 satisfactio
3649 602 3777 659 facta

531 674 916 744 scriptionibus
947 672 1273 728 fundationis
1302 673 1360 727 S.
1402 673 1678 730 Michaelis
1728 691 1890 746 supra
1933 677 2108 732 allata:
2209 689 2572 754 ρι-οιηειιιιρι-ῑι
2598 689 2832 745 veniam,
2864 689 3054 746 Testes
3083 690 3211 745 huic
3266 691 3647 760 subscriptio“;
3672 711 3777 749 om,

529 767 706 820 visere
733 773 835 818 est.
873 763 1190 818 Guillclmus
1221 764 1430 820 Gemet.
1472 765 1610 819 Hist.
1639 766 1731 821 lib.
1769 783 1800 820 v
1837 783 1957 837 cap.
1989 768 2022 822 5
2053 768 2106 822 in
2210 789 2306 829 nes
2348 776 2682 834 habitatores
2711 779 2882 834 sancti
2922 778 3043 842 loci,
3088 779 3192 849 ipsi
3236 789 3366 835 sunt
3399 798 3410 833 :
3441 782 3560 836 Ade
3587 799 3780 856 praepo-

529 854 802 908 Richardo
827 853 891 906 ll.
925 871 942 904 ι
977 851 1099 919 Cui,
1122 852 1415 918 Willclmo,
1449 870 1554 910 non
1584 856 1752 911 multo
1778 865 1902 924 post
1929 856 2106 912 Oceu-
2213 862 2370 930 situs,
2399 862 2745 933 Humbertus,
2769 867 2928 922 Wido
2946 867 3202 934 decanos,
3227 867 3515 935 Orhertus,
3540 851 3781 940 Nemetis,

530 958 644 998 sem
692 944 1008 999 comitatum
1047 945 1301 1009 tradidit,
1348 947 1510 1015 eique
1555 947 1845 1016 quamdam
1876 947 2106 1018 puellam
2213 951 2520 1010 namerius.
2561 955 2688 1012 Haec
2740 957 2884 1012 enim
2929 966 3052 1012 acta
3095 967 3224 1013 sunt
3255 967 3501 1028 tempore
3541 961 3784 1020 Willeluti

531 1032 904 1088 Leschelinam
935 1034 1102 1088 dedit.
1146 1034 1222 1088 Ex
1269 1049 1334 1088 ea
1376 1036 1561 1106 genuit
1590 1045 1700 1090 tres
1724 1036 1880 1102 ﬁlios,
1910 1036 2111 1092 Rober-
2211 1045 2444 1112 abbatis,
2475 1061 2539 1102 ac
2565 1048 2839 1118 praepositi
2871 1048 2997 1114 loci,
3023 1049 3298 1105 Benedicti
3332 1052 3573 1106 immine.
3611 1071 3628 1103 ι

531 1133 642 1176 tum
665 1123 892 1190 scilicet,
912 1133 1030 1194 post
1058 1124 1174 1193 ejus
1204 1134 1431 1182 mortem
1460 1129 1747 1184 comitatus
1779 1129 2103 1195 hatredem,»
2281 1135 2442 1206 635
2472 1137 2538 1192 Et
2565 1138 2756 1193 charta
2795 1151 2826 1194 e
2854 1140 3165 1196 monasterii
3203 1139 3260 1195 S.
3291 1139 3552 1197 Maxentii
3589 1143 3781 1198 tabula-

528 1223 634 1268 etc.
680 1213 787 1269 Sed
828 1215 939 1270 vim
985 1217 1322 1273 solummodo
1375 1218 1703 1289 conjecturae
1759 1229 1948 1277 nostra
1995 1222 2111 1277 lucc
2209 1225 2346 1281 lario
2373 1229 2686 1299 exscripta:

529 1303 730 1357 habeat
762 1303 1060 1359 adnotatio.
2287 1333 2306 1366 ι
2355 1315 2414 1370 ln
2458 1316 2678 1372 nomine
2717 1316 2951 1372 Domini.
3002 1317 3115 1388 Ego
3154 1317 3450 1374 Gauterius
3500 1321 3786 1392 presbyter,

603 1415 696 1485 (ιο)
735 1415 863 1471 In").
909 1447 976 1458 __
1005 1417 1136 1471 Cum
1174 1419 1245 1472 5b,-
1299 1420 1648 1475 mlemwmm
1697 1423 1883 1492 πονεαε
1936 1421 2114 1476 mum-
2211 1407 2356 1462 ﬁlius
2387 1407 2681 1463 Adhemari
2712 1409 2778 1463 de
2812 1407 3050 1474 Guarda,
3085 1410 3206 1466 dedi
3245 1411 3485 1465 animam
3529 1427 3704 1466 meam
3742 1425 3789 1470 et

532 1505 674 1559 tudo.
712 1504 860 1560 Inter
901 1507 1152 1576 antiquos
1193 1507 1511 1580 Radulphus
1555 1510 1925 1568 Flaviacensis
1953 1512 2112 1583 vulgo

2213 1514 2408 1568 corpus
2449 1515 2626 1555 meum
2655 1500 2854 1556 domno
2881 1500 3133 1557 Goll'rcdo
3172 1502 3355 1557 abbati
3383 1503 3594 1558 sedenti
3627 1503 3680 1557 in
3713 1519 3787 1557 ca-

530 1596 729 1662 dictus,
770 1596 912 1651 haud
952 1597 1151 1656 inﬁma!
1202 1609 1342 1654 nota:
1380 1602 1633 1671 scriptor,
1662 1605 2111 1659 commentarium
2213 1592 2382 1664 pitulo
2432 1607 2553 1647 cum
2601 1595 2882 1649 monachis
2933 1595 3078 1660 suis,
3120 1594 3210 1649 die
3249 1596 3488 1663 quodam
3526 1595 3793 1651 Dominico

531 1701 584 1740 in
620 1686 920 1742 Leviticum
951 1688 1249 1758 (multoties
1274 1691 1484 1762 cusum)
1513 1692 1698 1747 edidit.
2212 1685 2491 1740 Adventus
2515 1685 2747 1752 Domini,
2778 1686 2831 1740 in
2857 1686 3170 1742 societatem
3203 1696 3258 1741 et
3287 1686 3611 1741 beneﬁcium
3641 1689 3790 1743 totius

600 1777 693 1847 (3‘)
735 1777 864 1832 lBtD.
904 1809 975 1818 -—-
1020 1779 1204 1834 Inslar
1251 1781 1616 1851 religiosorum
1679 1781 1889 1838 illorum
1917 1823 1932 1849 ,
1983 1799 2112 1854 quos
2147 1827 2189 1886 Β
2216 1776 2564 1841 monasterii;
2587 1785 2642 1831 et
2668 1777 2884 1845 quando
2912 1777 3135 1832 voluero
3172 1777 3470 1831 monachus
3500 1791 3643 1842 esse,
3681 1793 3792 1832 cum

532 1866 848 1924 Deonandos
915 1869 1068 1940 vulgo
1125 1869 1408 1940 appellant.
1473 1871 1795 1928 Deonandos
1851 1887 1946 1928 eos
1997 1888 2116 1928 esse
2148 1866 2189 1886 ν
2219 1869 2380 1923 rebus
2407 1883 2544 1937 quas
2573 1868 2813 1923 habuero
2850 1869 3118 1938 accipiant
3165 1884 3252 1923 me
3296 1869 3411 1923 sive
3457 1883 3646 1923 sanum
3692 1870 3793 1924 sive

530 1967 680 2028 puto,
730 1959 962 2014 Donato:
1009 1961 1124 2017 sive
1155 1960 1391 2028 Oblatas,
1423 1963 1633 2032 vulgari
1671 1963 1850 2034 lingua
1881 1963 2114 2030 Donnés,
2217 1960 2510 2015 inﬁrmum.
2560 1959 2692 2015 Dedi
2747 1959 2828 2015 eis
2871 1975 3032 2014 unam
3075 1959 3386 2015 borderiam
3430 1959 3500 2015 de
3549 1970 3712 2025 terra,
3745 1973 3792 2014 et

533 2047 739 2113 Oblata,
784 2065 1178 2122 uuucupamus.
1226 2052 1290 2106 Hi
1328 2062 1506 2108 autem
1545 2053 1790 2108 habitum
1823 2055 2000 2110 laicali
2037 2056 2117 2109 in-
2215 2065 2382 2104 unum
2411 2050 2750 2119 quartarium
2784 2050 2852 2104 de
2882 2059 3060 2120 prato,
3105 2065 3202 2117 pro
3229 2049 3496 2108 beneﬁcio
3538 2061 3596 2105 et
3636 2051 3793 2106 salute

530 2141 777 2204 serviunt
807 2143 1170 2207 monasteriis,
1220 2143 1274 2197 in
1320 2144 1407 2199 his
1441 2144 1781 2213 potissimum
1822 2161 1941 2214 quae
1985 2146 2116 2201 foris
2184 2139 2517 2224 .animarum
2543 2149 2826 2209 parentum
2855 2154 3118 2204 meorum,
3152 2139 3206 2193 in
3237 2139 3662 2209 eleemosynam,
3690 2143 3793 2195 sine

531 2232 715 2302 peragi
741 2247 769 2286 a
794 2234 1076 2289 monachis
1105 2235 1355 2304 (quorum
1382 2251 1576 2290 munus
1603 2245 1687 2293 est
1712 2240 1884 2293 sacris
1909 2238 2118 2293 incum-
2215 2231 2323 2286 ulla
2358 2231 2707 2301 requisitioue
2749 2231 3019 2302 progeniei
3067 2246 3218 2286 mean.
3259 2231 3364 2300 Ipsi
3401 2241 3584 2286 autem
3628 2249 3710 2287 me
3749 2243 3792 2287 et

533 2327 690 2395 here)
741 2340 848 2380 non
911 2326 1054 2381 facili
1115 2327 1332 2398 negotio
1386 2338 1634 2397 queunt:
1680 2329 1822 2383 haud
1864 2331 2118 2386 omnibus
2219 2323 2440 2378 fratrem
2465 2338 2644 2379 meum
2672 2323 2918 2388 Lucium,
2947 2323 3014 2377 de
3041 2323 3142 2376 hoc
3177 2322 3448 2377 beneﬁcio
3479 2339 3601 2378 cum
3627 2323 3792 2392 regula

533 2416 916 2479 observantiis,
976 2417 1324 2486 rigidioribus
1377 2419 1611 2473 maxime
1638 2458 1654 2484 ,
1729 2427 2000 2474 tenentur.
2052 2419 2115 2474 Β.
2219 2414 2578 2470 revestiernnt
2608 2429 2727 2478 nos,
2771 2425 2826 2468 et
2849 2413 3078 2468 osculati
3109 2423 3257 2468 sunt.
3287 2413 3354 2467 Et
3387 2413 3585 2468 ibidem
3609 2428 3790 2468 conve-

533 2505 842 2562 Lanfranco
881 2507 1131 2563 monachi
1174 2507 1296 2564 laici
1331 2509 1602 2574 dicuntur,
1641 2509 1844 2564 decret.
1869 2526 2018 2581 .cap.
2064 2513 2114 2578 l,
2216 2508 2396 2562 nimus
2425 2507 2626 2561 donum
2665 2507 2766 2560 hoc
2795 2520 2826 2559 a
2859 2505 3091 2560 dominis
3123 2507 3326 2560 nostris
3362 2506 3670 2560 carnalibus
3694 2520 3792 2560 ser-

531 2605 741 2663 sect.d,
772 2608 894 2668 post
920 2599 1071 2665 iuit.;
1099 2609 1154 2656 ct
1181 2609 1315 2655 sect.
1343 2600 1399 2665 5,
1428 2601 1528 2656 sub
1557 2603 1721 2666 med.,
1752 2602 1948 2658 fratres
1971 2604 2116 2660 laici.
2218 2606 2458 2653 valuros.
2489 2597 2604 2652 Hoc
2647 2596 2846 2650 donum
2891 2594 3118 2650 fecimus
3165 2609 3287 2648 cum
3335 2595 3442 2649 isto
3488 2608 3799 2665 pergamus

533 2685 753 2756 Legesis
787 2687 1120 2751 Menardum.
1151 2688 1424 2744 observat.
1457 2690 1526 2745 ad
1568 2700 1730 2760 caput
1777 2690 1844 2746 70
1879 2691 2138 2749 Concorv
2219 2706 2382 2760 super
2427 2689 2629 2755 altare,
2663 2687 2969 2746 videntibus
3017 2686 3242 2743 testibus
3281 2687 3401 2743 istis
3445 2687 3635 2743 subtus
3675 2687 3796 2741 scri-

535 2778 638 2832 diae
676 2779 846 2850 regul.
881 2795 1002 2850 pag.
1044 2780 1200 2837 1028.
2215 2787 2346 2854 ptis.

554 2869 871 2924 'Creterum
909 2871 1251 2937 Deonamlos,
1300 2873 1413 2928 sive
1443 2874 1609 2928 lairos
1653 2873 1866 2939 fratres,
1901 2875 2119 2930 nomine
2295 2893 2314 2925 ‹
2354 2873 2614 2928 Martinus
2636 2873 2927 2941 Espernus.
2961 2869 3111 2941 llugo
3134 2868 3432 2935 Porcbeus,
3463 2879 3571 2925 etc.

533 2961 924 3018 monachorum
956 2962 1021 3017 ad
1060 2964 1455 3018 succurcndum
1490 2965 1777 3018 identidem
1804 2965 1854 3018 in
1895 2967 2120 3021 vetustis
2298 2983 2315 3016 ι
2348 2965 2414 3019 Ει
2441 2979 2540 3034 ego
2567 2963 2859 3018 Gauterius
2888 2978 3008 3016 cum
3043 2962 3197 3028 signo
3221 2963 3260 3030 -ι-
3294 2962 3526 3015 firmavi.

534 3053 741 3106 chartis
767 3093 782 3119 ,
841 3061 893 3108 et
949 3055 1352 3126 martyrelogiis
1408 3072 1500 3111 seu
1557 3059 1878 3128 necrologiis
1934 3061 2120 3114 venire
2298 3078 2315 3109 ι
2355 3057 2516 3112 Facta
2550 3064 2632 3111 est
2659 3064 2838 3110 autem
2873 3056 2987 3110 hare
3017 3056 3267 3110 chartula
3299 3068 3443 3107 anno
3469 3053 3537 3106 ab
3563 3052 3801 3106 l-ncarna-

535 3142 807 3198 existimo.
840 3144 938 3199 Cui
983 3145 1282 3200 ministerio
1315 3162 1420 3200 non
1453 3148 1550 3200 viri
1577 3156 1804 3215 tantum,
1835 3149 1928 3204 sed
1955 3149 2118 3204 etiam
2149 3172 2192 3233 ρ
2227 3152 2369 3204 tione
2394 3148 2603 3203 Domini
2640 3148 2796 3212 me,
2849 3157 3111 3218 regnante
3168 3148 3220 3200 in
3272 3143 3501 3200 Francia
3544 3143 3804 3197 Ludovico

535 3232 794 3288 mulieres
835 3250 972 3301 sese,
1013 3252 1121 3306 quo
1152 3235 1364 3290 facilius
1396 3238 1618 3292 theon-ia:
1647 3239 1841 3294 studiis
1877 3240 2120 3294 intende-
2185 3232 2190 3233 ί
2226 3256 2374 3310 rege,
2411 3249 2465 3294 et
2500 3237 2786 3294 Guillclmo
2813 3238 3011 3292 comite
3058 3237 3111 3291 in
3153 3235 3467 3306 Aquitania,
3497 3233 3661 3288 Petro
3683 3248 3802 3301 quo-

537 3335 662 3380 rcnt
703 3328 1008 3393 cmnobitae,
1057 3331 1400 3394 addicebant,
1452 3332 1598 3385 velut
1647 3348 1808 3400 supra
1846 3342 2122 3386 ostensum
2225 3349 2330 3402 quc
2361 3332 2615 3400 episcopo
2644 3329 2966 3384 l’ictavensi.
3006 3349 3025 3381 ι

536 3421 643 3481 est,
671 3431 796 3486 pag.
852 3417 938 3482 12,
995 3417 1058 3471 D.
1113 3429 1165 3473 et
1213 3436 1326 3489 seq.
1361 3421 1752 3476 Testimonium
1797 3421 2020 3490 hujusce
2047 3423 2124 3478 rei
2296 3424 2481 3479 Virum
2527 3436 2860 3490 uxoremque
2905 3419 3154 3475 cmnobio
3204 3419 3382 3474 Beatze
3422 3417 3604 3472 Mariae
3625 3415 3804 3471 Vallis-

535 3505 916 3574 subministrat
943 3507 1251 3564 Chronicon
1281 3509 1551 3566 Besuense
1583 3513 1683 3566 hoc
1714 3512 1872 3566 modo
1903 3529 1914 3564 :
2225 3515 2386 3569 Bona:
2415 3528 2534 3569 sese
2569 3528 2909 3582 nuncupasse
2949 3513 3150 3570 delicat
3199 3513 3643 3573 instrumentum,
3673 3507 3804 3577 quod

616 3617 635 3650 ι
669 3595 928 3652 Novcrint
968 3598 1152 3654 fideles
1187 3616 1282 3668 per
1315 3601 1658 3656 succcdeutia
1691 3611 1954 3670 tempora,
1985 3601 2126 3670 quod
2226 3623 2331 3662 non
2381 3607 2452 3660 ita
2481 3606 2688 3674 pridem
2727 3621 2792 3660 ex
2826 3605 3033 3660 chartis
3073 3602 3317 3672 ejusdem
3357 3603 3630 3672 prioratus
3669 3599 3805 3668 (olim

538 3693 758 3761 quidam
803 3695 969 3750 homo
1014 3696 1336 3753 Lambcrtns
1367 3698 1604 3763 nomine,
1641 3713 1762 3752 cum
1795 3705 1939 3752 esset
1979 3700 2126 3768 inge-
2228 3695 2478 3760 abbatiae)
2523 3695 2773 3750 dioecesis
2814 3695 3161 3760 Grassensis,
3215 3692 3508 3762 descripsit
3556 3699 3714 3759 atque
3756 3689 3807 3742 in

538 3799 723 3851 unus,
777 3793 832 3839 et
887 3797 1129 3841 maneret
1183 3789 1322 3856 apud
1387 3787 1580 3852 Setas,
1634 3803 1754 3842 ctnu
1813 3800 1982 3840 uxore
2032 3801 2127 3840 sua
2226 3789 2497 3858 epitomen
2531 3787 2735 3855 redegit
2762 3793 2946 3841 noster
2974 3785 3230 3840 Claudius
3257 3781 3586 3838 Chantelou.

540 3873 764 3927 nomine
797 3873 1084 3944 Erehurgi,
1117 3891 1178 3931 ac
1209 3876 1396 3931 liberis
1431 3877 1724 3931 Framvero
1747 3883 1801 3929 ct
1826 3876 2125 3942 Demiuico,
2217 3919 2221 3922 .
2307 3894 2324 3927 ι
2360 3877 2519 3930 Anno
2547 3875 2615 3929 ab
2644 3874 3022 3930 lncarnatioue
3051 3873 3264 3928 Domini
3296 3870 3584 3927 millesimo
3615 3869 3807 3923 ducen-

541 3959 782 4029 ejusdem
820 3963 1168 4029 conditionis,
1200 3966 1370 4034 gratis
1400 3981 1458 4021 se
1490 3967 1710 4020 tradidit
1751 3979 1938 4022 sancto
1969 3967 2128 4022 Petro
2233 3970 2420 4022 Icsimo
2453 3966 2729 4036 trigesimo
2758 3965 3016 4030 secundo,
3057 3963 3358 4018 indictione
3378 3962 3593 4030 quinta,
3617 3957 3810 4013 mensis

543 4053 611 4108 ad
650 4054 1016 4120 serviendum,
1048 4056 1100 4109 in
1138 4055 1255 4111 loco
1301 4059 1391 4127 qui
1442 4059 1641 4113 dicitur
1669 4059 2032 4126 Fons-Besua,
2066 4075 2128 4114 ac
2231 4059 2543 4114 Decembris
2584 4058 2670 4112 die
2697 4057 2908 4111 decimo
2937 4064 3148 4111 octavo.
3185 4053 3467 4108 Blacacius
3503 4052 3574 4105 de
3616 4049 3808 4104 Sartols

542 4145 830 4202 monachis
855 4145 927 4201 ibi
963 4147 1302 4218 degentibus,
1335 4149 1721 4207 fdmulantibus
1767 4153 1898 4219 Deo,
1933 4160 2124 4221 quate-
2229 4160 2284 4204 et
2330 4149 2562 4204 .lordaua
2616 4163 2752 4202 uxor
2815 4162 2912 4202 sua
2939 4187 2954 4212 ,
3003 4146 3206 4201 donant
3258 4143 3594 4199 monasterio
3644 4141 3810 4194 Beata:

544 4253 650 4292 nus
687 4237 912 4294 libertas
941 4241 1252 4310 proveniret
1281 4243 1565 4297 animabus
1603 4257 1790 4298 eorum
1830 4263 1840 4297 :
1885 4243 1979 4298 sed
2026 4243 2128 4298 hoc
2237 4240 2418 4294 Maria:
2449 4237 2809 4293 Vallis-Bonae
2843 4245 2899 4292 et
2938 4237 3136 4292 domno
3163 4235 3223 4289 P.
3263 4235 3443 4290 abbati
3474 4233 3605 4289 dicti
3637 4245 3807 4286 mona-

545 4330 677 4386 fecit
713 4347 777 4387 eo
824 4346 1032 4400 tenore,
1086 4349 1148 4388 ea
1195 4335 1503 4390 conditione
1531 4343 1585 4389 et
1617 4335 1800 4390 fenore
1829 4346 1888 4390 ut
1939 4335 2050 4405 ipse
2078 4343 2131 4389 et
2231 4332 2407 4396 stcrii,
2457 4331 2666 4400 seipsos
2716 4339 2770 4386 et
2806 4329 2989 4385 omnia
3038 4329 3176 4383 bona
3225 4341 3322 4382 sua
3372 4323 3717 4394 generaliter,
3762 4328 3810 4375 et

544 4437 893 4479 successores
916 4423 1032 4492 ejus
1063 4424 1292 4480 ﬁdeliter
1330 4426 1669 4481 custodirent
1700 4427 2126 4496 elccmosynam,
2234 4423 2539 4494 specialiter
2567 4422 2847 4477 Blacacius
2885 4422 2978 4476 dat
3010 4419 3192 4475 omnia
3223 4419 3363 4473 bona
3399 4431 3498 4471 sua
3529 4413 3742 4470 mobilia
3763 4420 3810 4467 et

546 4530 709 4582 quant
742 4517 1201 4600 comes.regionis
1229 4517 1544 4582 Rainaldus,
1570 4533 1675 4573 una
1720 4533 1842 4573 cum
1871 4532 1967 4573 sua
1992 4532 2121 4572 con-
2159 4518 2204 4576 D
2233 4515 2548 4580 immobilia,
2577 4523 2631 4569 et
2649 4512 2770 4584 jura
2799 4529 2918 4583 qua:
2961 4513 3123 4568 habet
3159 4511 3213 4564 in
3253 4517 3435 4565 castro
3469 4507 3538 4600 de
3567 4504 3808 4600 _Sartolisi

541 4605 690 4676 iuge,
723 4607 909 4662 tribuit
937 4597 1248 4678 supradicto
1274 4618 1464 4665 sancto
1490 4609 1672 4665 Petro.
1698 4609 1831 4664 Nam
1870 4608 2130 4680 quidquid
2233 4619 2282 4664 et
2311 4610 2361 4664 in
2394 4616 2506 4662 toto
2535 4606 2650 4675 ejus
2679 4604 2972 4668 territorio,
3003 4603 3116 4658 sive
3146 4601 3448 4656 consistant
3470 4598 3525 4652 in
3553 4597 3809 4661 domibus,

547 4699 602 4751 in
636 4697 784 4752 lucro
806 4707 900 4752 aut
922 4701 1134 4770 negotio
1161 4701 1363 4770 aliquid
1391 4700 1588 4755 exinde
1612 4700 1886 4770 potuerint
1908 4699 2131 4766 lucrari,
2234 4699 2562 4763 hominibus,
2623 4696 2882 4760 servitiis,
2934 4695 3219 4758 dominiis,
3271 4692 3462 4756 vineis,
3517 4689 3808 4750 arboribus,

547 4789 778 4845 reddant
819 4791 886 4844 ad
923 4792 1174 4847 vestitum
1206 4793 1434 4846 fratrum
1485 4793 1538 4846 in
1583 4807 1796 4848 camera
1837 4792 2131 4862 supradicti
2233 4793 2422 4862 pratis,
2456 4789 2683 4860 campis,
2726 4789 3056 4851 nemoribus,
3095 4788 3269 4855 aquis,
3313 4784 3553 4854 pascuis,
3601 4791 3708 4838 etc.
3754 4781 3809 4834 Et

547 4881 674 4940 loci.
701 4881 769 4938 Et
804 4891 862 4937 ut
891 4883 1004 4937 haec
1045 4885 1267 4953 scriptio
1300 4883 1454 4938 ﬁrma
1487 4893 1733 4940 maneret
1779 4885 1831 4939 in
1881 4883 2132 4954 praesenti
2233 4888 2465 4944 Jordana
2496 4884 2804 4956 specialiter
2831 4885 2922 4938 dat
2956 4881 3136 4937 omnia
3166 4883 3301 4934 bona
3333 4894 3430 4932 sua
3474 4887 3532 4931 et
3553 4877 3676 4946 jura
3701 4888 3808 4942 qua!

551 4975 817 5032 dederunt
846 4977 902 5031 in
950 4978 1320 5033 recordatione
1367 4979 1493 5033 huic
1525 4981 1834 5047 conventui,
1875 4980 1959 5034 vir
2001 4979 2135 5032 duos
2235 4982 2397 5036 habet
2420 4981 2472 5034 in
2493 4988 2673 5033 castro
2689 4979 2754 5032 de
2783 4976 3145 5040 Torrenco,et
3169 4975 3219 5026 in
3243 4971 3359 5040 ejus
3387 4966 3809 5026 territorio.etin

549 5068 774 5134 asinos,
825 5076 880 5121 et
931 5068 1170 5138 ejusdem
1216 5069 1319 5123 viri
1373 5085 1509 5124 uxor
1554 5072 1742 5125 decem
1796 5069 2022 5136 solidos,
2067 5069 2135 5124 ad
2235 5080 2413 5128 castro
2433 5069 2812 5127 deGrauleriis
2833 5067 3218 5138 superioribus,
3236 5075 3288 5119 ct
3310 5065 3362 5118 in
3384 5063 3501 5130 ejus
3527 5059 3808 5122 territorio,

549 5159 966 5215 restaurandam
1017 5159 1341 5226 caldariam;
1399 5161 1650 5217 similiter
1678 5171 1732 5216 et
1760 5177 1920 5216 unam
1956 5161 2132 5217 navim
2235 5163 2350 5218 sive
2393 5160 2693 5216 consistant
2726 5159 2778 5211 in
2812 5157 3079 5218 domibus,
3108 5163 3213 5210 etc.
3249 5155 3380 5208 Item
3419 5154 3513 5207 dat
3541 5152 3685 5205 dicta
3705 5147 3808 5202 Jor-

552 5252 834 5308 dederunt.
880 5252 1014 5306 Nam
1072 5253 1327 5308 noverint
1373 5253 1626 5309 monachi
1658 5253 1825 5322 ipsius
1872 5253 1995 5316 loci,
2027 5266 2134 5306 non
2237 5253 2376 5306 dana
2417 5249 2583 5305 libras
2627 5248 2846 5316 triginta
2874 5246 3134 5316 quinque,
3171 5243 3520 5298 denariorum
3567 5241 3810 5293 Raimun-

552 5359 677 5398 eum
724 5345 928 5400 habere
959 5343 1121 5398 alium
1167 5343 1510 5410 advocatum,
1558 5344 1661 5400 nisi
1714 5345 1880 5414 ipsos,
1911 5354 1965 5398 et
2015 5343 2136 5401 ideo
2239 5336 3000 5405 densium,unumdenarium,
3027 5344 3083 5390 et
3101 5335 3532 5390 solidoscentum
3565 5332 3810 5385 naimun-

553 5436 702 5491 omni
731 5416 973 5507 tempore
1007 5451 1131 5492 eum
1165 5435 1220 5491 in
1262 5436 1494 5502 vestitu,
1525 5435 1578 5489 in
1609 5435 1882 5496 calceatu,
1921 5449 1986 5490 ac
2015 5435 2137 5490 cibo
2239 5435 2486 5492 densium
2511 5433 2564 5487 in
2608 5432 2792 5497 rebus,
2819 5438 3029 5485 retento
3061 5427 3191 5498 ipsis
3222 5426 3494 5496 jugalibus
3542 5422 3810 5478 usufructu

555 5543 771 5597 seraper
823 5530 1132 5600 gubernari.
1185 5528 1256 5582 Et
1316 5534 1378 5582 ut
1450 5527 1744 5598 insuspecti
1812 5535 2136 5594 manerent,
2240 5526 2292 5582 in
2322 5526 2434 5580 vita
2463 5538 2580 5580 sua.
2611 5522 2676 5576 Et
2712 5523 3033 5592 promittunt
3075 5519 3171 5588 ipsi
3206 5517 3418 5585 jugalcs
3449 5514 3707 5584 praedicto
3731 5513 3809 5564 ab-

556 5620 1414 5677 anathematizaveruntseniores
1435 5622 1536 5678 loci
1559 5621 1849 5692 quidquam
1868 5620 2134 5691 inaliquo,
2241 5619 2350 5674 bati
2381 5619 2524 5689 quod
2554 5617 2862 5686 quicunque
2887 5615 3124 5684 ipsorum
3153 5609 3414 5681 jugalium
3437 5608 3590 5678 prius
3619 5607 3808 5660 defece

557 5715 653 5761 aut
677 5706 954 5776 quidpiam
1002 5707 1050 5760 ei
1102 5707 1328 5761 moleste
1373 5706 1588 5774 fecerit,
1640 5718 1734 5762 aut
1789 5710 1904 5778 ejus
1953 5707 2139 5764 liberis
2245 5715 2314 5766 rit
2339 5726 2433 5766 seu
2461 5708 2773 5772 decesserit,
2817 5707 2959 5776 quod
2999 5703 3133 5758 alter
3161 5701 3250 5772 qui
3291 5697 3675 5770 superstitcrit,
3705 5704 3786 5747 tan

558 5807 818 5870 perpetua
884 5798 1433 5860 anathematizationc
1499 5815 1562 5857 ex
1641 5800 1964 5856 auctoritate
2043 5799 2138 5856 Dei
2250 5819 2358 5862 tum
2389 5811 2650 5875 quantum
2682 5797 2896 5866 vixerit,
2947 5796 3278 5868 permanebit
3317 5801 3466 5849 caste
3488 5799 3542 5846 et
3572 5789 3626 5844 in
3657 5785 3812 5842 conti-
