4032 6336
266 317 394 373 Ην

1395 315 1606 372 DOMNI
1637 313 1698 370 L.
1741 310 2084 368 D’ACHERY
2127 312 2355 370 NOTAE.

3391 330 3527 385 1142

267 429 472 492 neutia,
497 436 549 482 et
576 428 922 483 lncontiuenti
944 429 1264 499 promittunt
1285 429 1645 484 obedientiam
1667 426 1842 482 eidem
1867 405 1919 463 Α
1948 428 2176 484 οιιιιιιιίω
2204 427 2388 486 Sancti
2418 429 2657 487 Medardi
2687 434 3093 495 Suessioneusis
3137 439 3374 497 Historia
3401 457 3524 497 con-

261 519 484 572 domino
541 517 759 582 abbati,
817 519 1030 573 nomine
1072 518 1199 573 dicti
1255 519 1605 583 monasterii,
1643 517 1845 586 junctis

263 607 534 661 manibus.
564 606 632 661 Et
657 607 852 662 ibidem
901 608 1067 663 abbas
1103 609 1294 678 recipit
1337 609 1510 664 dictos
1544 608 1845 664 Blacacium

259 711 318 755 et
364 701 654 757 Jordanam
689 701 892 770 junctis
929 702 1179 758 manibus
1217 705 1270 758 in
1301 702 1518 764 fratres,
1550 709 1603 756 et
1630 700 1848 770 partici-

262 807 362 871 pes
403 801 458 848 et
498 794 737 848 Donatos
783 795 909 861 dicti
961 794 1276 851 monasterii
1311 793 1696 858 Vallis—Bona),
1725 804 1850 861 pto-
1918 831 1928 838 .

264 885 486 939 mittens
506 886 934 956 quandocunque
971 887 1103 956 ipsis
1134 887 1320 942 venire
1344 884 1628 956 placuerit,
1660 883 1773 953 ipse
1796 890 1852 937 et

263 976 658 1040 monasterium
715 991 808 1033 eos
866 977 1094 1050 benigne
1140 979 1414 1048 suscipiat,
1452 985 1506 1032 et
1559 983 1853 1046 pertractat

263 1077 523 1136 tanquam
564 1067 700 1124 alios
745 1069 1051 1126 confratres
1081 1069 1212 1127 dicti
1252 1068 1590 1133 monasterii,
1628 1076 1684 1123 et
1727 1082 1851 1137 pro-

264 1159 449 1214 videat
479 1159 609 1230 ipsis
645 1161 696 1216 in
739 1161 881 1217 victu
909 1171 964 1217 et
991 1163 1212 1228 vestitu,
1262 1139 1331 1218 et.
1365 1161 1733 1218 calceamento
1762 1174 1850 1212 se-

265 1250 500 1304 cundum
537 1252 852 1306 monasterii
896 1253 1330 1324 possibilitatem.
1376 1250 1662 1306 Scribebat
1693 1250 1753 1303 Β.
1788 1249 1853 1302 de

267 1339 560 1404 Selannola
620 1340 862 1396 notarius
925 1341 1129 1402 domini
1195 1340 1480 1400 Baimundi
1538 1337 1851 1409 Berengarii

269 1429 488 1484 comitis
516 1427 834 1484 Provinciae.
873 1449 891 1482 ι

343 1519 450 1575 Sed
502 1528 557 1576 ct
608 1519 984 1591 Neerologium
1035 1520 1526 1592 Sandionysianum
1580 1519 1855 1589 expressis

268 1610 448 1666 verbis
475 1628 490 1664 :
521 1629 541 1662 ι
569 1627 600 1665 v
628 1611 746 1667 Kal.
770 1611 1074 1678 Februarii,
1112 1613 1246 1668 obiit
1271 1612 1855 1668 Girardusmonaclms

269 1701 340 1757 ad
367 1703 822 1770 succurrendum;
850 1712 904 1758 et
928 1720 981 1758 ιιι
1015 1703 1237 1760 Kalend.
1265 1703 1526 1764 Novemb.
1567 1703 1702 1758 obiit
1729 1703 1854 1758 Vin-

269 1794 484 1868 centius
531 1794 828 1850 monachus
869 1795 937 1850 ad
986 1798 1428 1852 succurrendum.
1477 1813 1496 1846 ι
1537 1793 1852 1864 Martyrolo—
1885 1793 1940 1834 ⁸¹›

267 1885 416 1958 gium
440 1885 804 1942 Corbeieusc:
840 1905 859 1938 ι
889 1886 1070 1943 Pridie
1100 1887 1224 1942 ldus
1246 1885 1510 1951 Januarii,
1541 1885 1677 1943 obiit
1703 1884 1853 1940 Wal-

271 1986 424 2033 tcrus
466 1979 764 2034 monachus
802 1985 1000 2038 nostrae
1050 1979 1484 2050 congregationis
1531 1979 1597 2034 ad
1633 1992 1853 2034 succur-

269 2067 520 2122 rendum.
561 2089 580 2121 ι
611 2069 743 2126 item
775 2089 790 2125 :
830 2089 849 2124 ι
882 2086 993 2126 xvu
1019 2069 1246 2126 Kalend.
1280 2069 1442 2126 Febr.
1475 2069 1613 2126 obiit
1649 2068 1856 2128 Odoat'r

271 2159 371 2212 dus
397 2159 694 2214 monachus
723 2170 921 2219 nostra:
958 2175 1210 2232 congreg.
1249 2160 1316 2218 ad
1347 2159 1790 2216 succurrendum.
1831 2178 1849 2211 ι

271 2247 688 2321 Mortuologium
741 2249 926 2306 Sancti
977 2251 1208 2324 Andreae
1260 2251 1414 2321 juxta
1477 2249 1858 2306 Avenionem:

274 2358 297 2390 ε
336 2354 388 2394 tv
425 2339 550 2396 ldus
583 2341 844 2408 Januarii,
880 2343 1013 2400 obiit
1065 2343 1294 2398 domnus
1330 2341 1612 2409 lsuardus,
1629 2341 1857 2397 domnus

271 2430 340 2484 de
367 2429 588 2496 Bareto,
618 2433 914 2487 monachus
941 2431 1007 2486 ad
1044 2431 1486 2488 succurrendum.
1521 2451 1540 2485 ι
1573 2431 1815 2502 Denique
1840 2449 1852 2485 :

276 2538 300 2570 ι
342 2536 400 2576 ιιι
433 2519 615 2577 Nonas
641 2521 904 2579 Novemb.
929 2524 1062 2578 obiit
1101 2522 1411 2592 Rostagnus
1448 2521 1516 2578 de
1543 2522 1711 2578 Podio
1736 2521 1859 2576 Alte

273 2610 453 2678 miles,
485 2613 782 2674 monachus
826 2620 1012 2678 noster
1039 2614 1106 2669 ad
1136 2615 1586 2672 succurrendum.
1627 2632 1644 2664 ι
1681 2612 1771 2669 Sic
1806 2621 1860 2673 et

274 2700 424 2756 alibi.

316 2790 519 2845 'Aliter
538 2805 666 2847 vero
688 2793 982 2848 monachos
1035 2795 1101 2848 ad
1150 2795 1574 2850 succurrendum
1611 2793 1858 2864 usurpari

277 2896 364 2942 me
411 2881 701 2951 aliquando
737 2882 792 2936 in
823 2883 1060 2951 antiquis
1097 2885 1428 2942 membranis
1473 2885 1667 2956 legisse
1716 2884 1863 2937 venit

281 2989 332 3026 ιιι
363 2979 625 3038 mentem,
657 2987 850 3042 nempe
878 2988 976 3043 pro
997 2974 1148 3030 laicis
1179 2976 1366 3031 morbo
1391 2975 1570 3044 aliquo
1606 2975 1861 3030 laboran-

280 3066 446 3131 tibus,
480 3065 571 3134 qui
604 3065 656 3118 in
695 3065 1022 3121 monasteria
1054 3066 1136 3122 vel
1177 3067 1392 3136 ipsimet
1417 3075 1686 3135 rogantes,
1717 3064 1800 3120 vel
1832 3080 1862 3117 a

1947 521 2230 575 scribenda
2262 535 2482 589 operam
2514 536 2579 576 ac
2608 525 2846 580 studiqu
2875 527 3106 583 collocat
3137 529 3365 585 domnus
3395 531 3522 586 llde-

1947 609 2134 665 l‘onsus
2170 609 2389 680 Vrayet,
2432 611 2572 668 haud
2605 615 2822 685 ignarus
2845 629 3043 674 nostrae
3067 630 3383 691 congregat.
3412 636 3522 692 pre-

1948 701 2160 771 sbyter;
2190 699 2260 754 de
2295 701 2394 756 hac
2425 717 2554 772 ergo
2583 704 2824 760 silemus.

2020 789 2108 861 (⁸⁵)
2141 789 2270 844 lam.
2319 821 2391 832 —
2430 792 2655 849 Directis
2704 797 2772 849 ad
2814 798 3054 853 abbatem
3094 797 3277 855 Sancti
3323 798 3531 857 Nicasii

1949 899 2009 936 ea
2030 891 2330 952 tempestate
2349 883 2630 940 Joannem.
2653 886 2785 953 Quis
2810 889 2912 944 iste
2938 889 3174 947 Joannes
3193 907 3260 945 ex
3291 891 3532 960 subjecta

1951 971 2203 1027 Historia:
2255 975 2567 1028 monasterii
2611 975 2796 1032 Sancti
2849 978 3045 1034 Nicasii
3097 982 3332 1050 epitome
3371 992 3532 1052 atque

1950 1062 2203 1118 abbatum
2246 1064 2388 1118 serie
2432 1063 2608 1132 palam
2653 1066 2762 1119 liet.
2807 1067 3106 1139 Utrumque
3153 1086 3221 1126 ex
3270 1076 3368 1127 sua
3426 1088 3532 1127 ms.

1952 1153 2251 1208 dimceseos
2281 1155 2562 1208 Hemen-sis
2591 1153 2826 1210 Historia
2857 1160 3040 1226 (quam
3077 1160 3322 1230 improbo
3355 1163 3534 1217 etudio
3603 1152 3608 1156 ’

1951 1254 2007 1300 et
2034 1261 2164 1300 cura
2209 1245 2391 1315 plures
2423 1261 2518 1314 per
2557 1261 2730 1301 annos
2765 1248 3086 1318 elaboravit)
3122 1251 3326 1306 lubenti
3354 1254 3536 1308 animo

1926 1337 2287 1407 .dcprompsit
2329 1337 2460 1392 mihi
2510 1336 2665 1392 valde
2709 1339 2916 1393 amicus
2949 1341 3177 1396 domnus
3220 1340 3538 1398 Guillelmus

1953 1427 2169 1494 Marlot,
2194 1427 2366 1496 major
2393 1427 2636 1499 ejusdem
2665 1429 2898 1485 coenobii
2922 1431 3096 1498 prior,
3113 1432 3309 1486 doctor
3337 1433 3540 1487 theolo-

1953 1539 2072 1594 gus,
2104 1525 2187 1579 vir
2210 1539 2333 1578 cum
2364 1538 2577 1580 morum
2615 1523 2903 1594 gravitate,
2945 1533 3054 1576 tum
3087 1523 3391 1578 eruditione
3432 1523 3542 1578 sin-

1953 1614 2127 1683 gulari
2156 1615 2436 1684 praeditus.

1960 1707 2269 1762 Monasterii
2309 1707 2493 1761 Sancti
2543 1705 2750 1762 Nieasii
2795 1705 3083 1770 Ihmensis,
3125 1706 3324 1760 ordinis
3363 1705 3543 1760 Sancti

2297 1777 2588 1843 Benedicti,
2615 1778 2770 1844 initia
2804 1787 2850 1831 et
2875 1791 3197 1846 progressus.

2030 1867 2414 1924 Monasterium
2437 1867 2621 1924 Sancti
2645 1867 2869 1932 Nicasii,
2887 1867 3094 1922 ordinis
3112 1865 3466 1930 Benedictini,
3489 1865 3542 1919 in

1961 1959 2094 2014 urbe
2124 1959 2396 2024 Hennensi,
2423 1959 2629 2014 clarum
2669 1959 2880 2030 origine
2922 1967 2976 2012 et
3017 1972 3303 2028 progressu
3333 1957 3546 2014 celebre

1961 2047 2208 2104 habetur.
2239 2050 2406 2107 Vetus
2435 2051 2563 2104 olim
2603 2050 2825 2106 basilica
2857 2049 2956 2106 luit
2983 2050 3135 2105 titulo
3175 2049 3358 2106 Sancti
3387 2049 3547 2119 Agri-

1963 2137 2112 2202 colae,
2159 2141 2245 2198 cui
2281 2140 2456 2210 primo
2483 2147 2800 2196 consecrata
2839 2139 2959 2207 fuit,
2990 2149 3046 2194 et
3076 2141 3422 2196 Hennensium
3461 2156 3547 2194 ar—

1963 2231 2429 2302 chiepisc0porum
2479 2232 2757 2302 sepultura
2799 2232 3045 2301 insignis.
3091 2231 3152 2292 Α,
3183 2231 3399 2296 Jovino,
3441 2231 3548 2286 Bo-

1964 2337 2138 2377 mana:
2168 2322 2371 2377 militiae
2401 2322 2673 2392 praefecto,
2712 2336 2854 2376 anno
2887 2321 3010 2385 550,
3045 2330 3099 2378 et
3137 2321 3388 2390 deinceps
3432 2321 3548 2374 illu—

1965 2413 2316 2470 stris.clfecta
2346 2413 2647 2470 beatissimi
2677 2412 2877 2470 Nicasii
2914 2413 3149 2476 nomine,
3183 2414 3282 2466 sub
3311 2411 3551 2466 Wanda-

1967 2504 2069 2560 lica
2131 2504 2506 2574 persecutione
2557 2503 2802 2574 martyrii
2871 2502 3052 2558 laurea
3115 2503 3294 2558 donati
3323 2543 3336 2567 ,
3395 2503 3550 2572 cujus

1967 2597 2333 2654 sacratissima
2382 2597 2608 2668 pignora
2638 2611 2703 2651 ac
2740 2595 2943 2653 sororis
2988 2593 3228 2664 ejusdem
3279 2593 3550 2663 Eutropia:

1969 2686 2197 2742 feliciter
2233 2688 2446 2758 excepit
2479 2703 2623 2743 anno
2652 2686 2774 2750 407,
2799 2695 2855 2740 ιιι
2891 2693 2974 2740 est
3011 2686 3150 2755 apud
3190 2685 3550 2741 Flodoardum

1969 2775 2063 2832 lib.
2091 2792 2130 2838 ι.
2156 2791 2272 2846 cap.
2303 2776 2360 2831 6.

2041 2868 2097 2923 In
2142 2869 2243 2922 hac
2273 2870 2458 2923 eadem
2482 2870 2704 2926 basilica
2739 2869 2880 2927 idem
2907 2871 3019 2925 Fla.
3049 2869 3273 2928 Joviuus
3300 2867 3555 2940 l‘undajor

1973 2958 2256 3014 munilicus
2304 2959 2554 3027 quiescit,
2603 2975 2668 3014 ex
2715 2970 3036 3016 testamento
3079 2961 3250 3018 sancti
3297 2957 3549 3028 Remigii,

1974 3064 2079 3118 quo
2125 3050 2328 3118 pariter
2363 3051 2778 3122 archiepiscopi.
2804 3052 2856 3106 in
2891 3066 2953 3106 ea
2981 3050 3228 3104 tumulati
3266 3045 3554 3106 recensen-

281 3113 564 3210 ιηοηοοιξίε
608 3155 678 3209 οι)
728 3156 819 3209 De;
879 3171 1119 3212 amorem
1171 3113 1643 3227 sluscapiebazlur;
1699 3164 1755 3211 ει
1801 3113 1938 3210 iisc
1974 3151 2078 3207 tur,
2103 3141 2193 3206 his
2223 3141 2440 3199 verbis:
2481 3161 2498 3193 ι
2533 3142 2788 3200 Ecclesia:
2837 3141 3135 3200 Joviniame
3180 3139 3315 3195 tituli
3366 3139 3554 3193 Sancti

282 3264 444 3305 succu
455 3249 686 3307 rrebant.
709 3250 958 3304 monachi
1001 3249 1582 3318 inserviebantque,_et
1603 3263 1868 3318 quascun-

281 3348 388 3402 que
409 3344 662 3405 poterant
689 3349 776 3388 res
821 3334 886 3389 ad
910 3349 1096 3390 eorum
1138 3334 1400 3399 solamen,
1431 3332 1864 3396 eommodabant,

285 3427 411 3481 inde
440 3427 682 3480 monachi
733 3426 800 3480 ad
841 3427 1251 3489 succurrendum
1301 3425 1476 3480 sortiti
1509 3438 1721 3480 nomen.
1757 3423 1871 3479 Duo

287 3520 431 3574 inter
475 3518 870 3589 quamplurima
919 3526 1216 3574 occurrunt
1266 3517 1532 3587 exempla.
1574 3517 1631 3572 In
1681 3517 1871 3572 charta

288 3615 558 3684 prioratus
586 3615 771 3671 Sancti
816 3614 1018 3686 IEgidii
1048 3614 1115 3670 de
1147 3614 1431 3670 Medunta:
1463 3632 1482 3664 ι
1511 3614 1627 3670 Odo
1672 3611 1870 3669 Bullini

290 3705 431 3766 lilius
461 3704 696 3760 maxima
740 3705 1058 3775 argritudine
1097 3711 1322 3759 vexatus
1359 3703 1595 3772 suscepit
1631 3701 1872 3756 habitum

291 3799 702 3864 monachicum,
737 3809 868 3864 etc.,
914 3805 968 3852 et
1009 3796 1305 3851 monachus
1348 3796 1414 3848 ad
1451 3793 1872 3849 succurrendum

290 3887 515 3943 ell'ectus
553 3897 654 3942 est.
686 3887 993 3943 Chronicon
1027 3887 1335 3942 Besuense:
1375 3905 1392 3938 ι
1427 3885 1584 3940 Wido
1628 3885 1782 3940 miles
1809 3884 1875 3938 de

293 3979 418 4034 villa
467 3994 585 4048 qua:
630 3979 828 4035 Eretas
868 3987 1230 4050 nuncupatur,
1263 3978 1517 4034 decidens
1564 3978 1616 4031 in
1650 3976 1877 4032 infirmi-

294 4078 406 4125 tate
430 4068 654 4123 effectus
683 4079 767 4124 cst
794 4070 1112 4133 monachus,
1151 4088 1168 4120 ι
1202 4075 1304 4122 etc.

367 4159 456 4229 (θ’)
477 4157 604 4212 Car.
630 4157 775 4210 V.—
798 4157 952 4211 Birro
979 4157 1136 4211 talari
1165 4166 1212 4210 et
1243 4157 1398 4226 nigro
1418 4155 1583 4224 capite
1612 4163 1873 4223 cooperto.

295 4249 402 4304 Pro
434 4248 574 4318 pileo
605 4247 811 4304 birrum
846 4247 960 4302 sive
984 4248 1218 4302 biretum
1249 4247 1339 4300 hic
1367 4245 1505 4300 sumi
1532 4245 1875 4314 perspicuum

296 4340 431 4396 mihi
457 4341 686 4396 videtur.
717 4339 888 4394 Verba
916 4339 1038 4394 huic
1061 4337 1137 4393 rei
1169 4337 1205 4390 1.
1239 4353 1255 4390 ι
1285 4337 1469 4392 Codic.
1508 4336 1778 4390 Theodos.
1804 4335 1879 4390 De

297 4432 483 4495 habitu
525 4447 634 4503 quo
674 4432 749 4486 uti
793 4440 1005 4502 oportet
1050 4431 1190 4484 intra
1223 4431 1438 4496 urbem,
1481 4429 1619 4484 libro
1648 4443 1756 4490 xxv,
1795 4428 1880 4482 tit.

298 4524 402 4577 10:
441 4540 460 4574 ι
505 4521 702 4581 Servos
749 4538 879 4578 sane
921 4523 1161 4577 omnium
1197 4523 1446 4592 (quarunt
1498 4529 1678 4574 tamen
1709 4519 1886 4573 domi.

273 4611 398 4669 'nos
420 4612 780 4669 sollicitudine
812 4613 1018 4667 militiae
1050 4621 1265 4668 constat
1305 4627 1409 4666 non
1443 4609 1635 4680 teneri)
1662 4618 1753 4664 aut
1775 4609 1885 4664 bir-

301 4702 376 4755 l'iS
413 4702 489 4756 uti
530 4702 915 4774 permittimus,
943 4711 1036 4754 aut
1075 4701 1319 4756 cucullis.
1361 4721 1379 4753 ι
1417 4700 1632 4756 Statttta
1669 4699 1885 4753 Clunia-

301 4792 486 4846 ecnsia
524 4807 666 4846 anno
694 4792 910 4846 circiter
942 4791 1077 4846 1290
1099 4792 1265 4856 edita,
1299 4807 1415 4862 cap.
1448 4792 1518 4847 5'5
1549 4810 1560 4844 :
1595 4811 1613 4843 ι
1655 4791 1889 4846 ΡοιΊηίιη

303 4884 433 4938 titur
480 4883 646 4955 636
671 4883 890 4940 cuilibet
937 4883 1188 4954 religioso
1232 4885 1432 4940 habere
1473 4885 1609 4940 duas
1656 4884 1890 4947 tunicas,

303 4987 436 5040 etc.,
476 4974 581 5029 duo
606 4974 818 5044 caputia
853 4989 973 5028 cum
1004 4974 1212 5029 duobus
1255 4975 1472 5039 biretis,
1511 4988 1618 5029 uno
1656 4974 1810 5043 nigro
1836 4981 1890 5027 et

305 5063 479 5118 altero
524 5063 666 5118 albo.
715 5083 733 5115 ›
771 5063 853 5118 Me
883 5073 1060 5120 tamen
1091 5081 1194 5118 non
1235 5066 1363 5120 latet
1393 5067 1596 5122 birrum
1628 5065 1770 5120 aliud
1798 5081 1889 5121 so-

308 5167 437 5206 nare
468 5154 607 5221 apud
633 5153 982 5221 gravissimos
1005 5167 1273 5219 auctores,
1308 5155 1512 5210 scilicet
1535 5156 1804 5210 lacernam
1836 5162 1890 5208 et

307 5241 603 5311 palliolum.
640 5242 874 5298 Consule
905 5243 1121 5298 Henric.
1151 5245 1408 5313 Spelman
1445 5247 1499 5299 in
1533 5243 1807 5300 Glossario
1836 5253 1890 5297 et

305 5332 596 5388 Girardum
632 5333 880 5387 Vossium
919 5333 996 5388 De
1035 5335 1178 5389 vitiis
1205 5334 1488 5400 sermonis,
1523 5341 1626 5388 etc.
1659 5331 1893 5387 Canoni-

310 5445 407 5483 cus
434 5425 810 5480 Laudunensis
841 5426 893 5481 in
925 5425 1193 5482 Chronico
1221 5443 1321 5482 ms.
1366 5427 1438 5480 ita
1469 5427 1673 5481 birrum
1713 5425 1896 5494 expri-

314 5517 449 5569 mit:
485 5533 503 5566 ‹
543 5515 610 5568 Ει
657 5530 783 5570 ecce
822 5516 1038 5584 quidatn
1093 5520 1144 5568 in
1195 5517 1373 5585 specie
1414 5515 1681 5585 peregrini
1723 5515 1891 5580 birro,

314 5605 366 5661 id
403 5614 492 5660 est
519 5616 666 5660 veste
693 5606 1178 5677 llierosolymitana
1213 5607 1448 5670 indutus,
1486 5625 1502 5655 ›
1533 5614 1637 5686 etc.

391 5696 481 5766 (⁸³)
520 5697 649 5752 Car.
705 5700 785 5753 Vl.
833 5731 901 5739 —
949 5700 1100 5767 Apud
1156 5699 1408 5754 Sanctum
1459 5696 1788 5752 Mrdardum.
1832 5696 1886 5750 ln

1969 3227 2234 3300 Agricola:
2281 3229 2390 3300 (ubi
2422 3232 2534 3302 ipse
2574 3233 2664 3288 vir.
2693 3231 3192 3288 Christianissimus
3234 3228 3458 3284 Jovinus
3501 3237 3556 3284 et

1971 3332 2191 3383 sanctus
2245 3332 2456 3395 martyr,
2503 3323 2768 3389 Nicasius,
2812 3339 2935 3379 cum
2984 3323 3230 3394 plurimis
3281 3320 3558 3376 societatis

1972 3435 2083 3476 suae
2111 3420 2313 3476 Christi
2349 3421 2679 3492 martyribus
2706 3420 3072 3489 requiescunt,
3098 3419 3185 3474 ubi
3207 3415 3557 3486 etiamquitt:

1973 3525 2078 3579 que
2097 3512 2436 3568 confessores
2464 3510 2692 3580 proximi
2725 3518 3098 3565 antecessores
3120 3507 3300 3564 domui
3330 3505 3553 3571 Nicasii,

1974 3618 2094 3658 cum
2117 3603 2456 3658 sanctissima
2479 3602 2684 3672 virgine
2711 3610 2765 3655 et
2790 3609 3026 3670 martyre
3059 3597 3558 3667 Eutropia.,conditi

1975 3694 2121 3764 sunt)
2139 3694 2338 3750 solidos
2359 3701 2489 3749 tres.
2514 3713 2532 3744 ι
2551 3693 2720 3748 Hodie
2742 3693 2934 3747 visitur
2958 3690 3194 3747 tumulus
3221 3703 3557 3745 marmoreus

1974 3785 2150 3840 Joviui
2205 3794 2312 3840 tota
2353 3783 2526 3839 Gallia
2567 3784 2954 3840 celeberrimus
3003 3783 3056 3836 in
3109 3783 3228 3836 navi
3271 3780 3514 3835 ecclesia:
3540 3819 3555 3842 ,

1971 3876 2126 3945 juxta
2172 3876 2428 3946 parietem
2472 3876 2642 3931 tribus
2681 3875 2944 3931 columnis
2994 3885 3208 3929 erectus
3259 3881 3312 3927 et
3361 3873 3561 3941 promi-

1978 3985 2135 4035 nens,
2169 3969 2222 4023 in
2263 3968 2416 4038 cujus
2439 3968 2696 4024 anteriori
2733 3977 2884 4037 parte
2922 3967 3137 4038 egregie
3183 3965 3409 4034 sculpta
3437 3977 3563 4032 pro~-

1979 4071 2086 4118 stat
2131 4061 2332 4132 elligies
2373 4061 2600 4128 insignis
2639 4059 2919 4130 cujusdam
2959 4057 3177 4128 equitis,
3208 4057 3418 4111 leonem
3457 4053 3563 4108 telo

1979 4152 2245 4214 ferientis,
2271 4161 2326 4206 et
2361 4151 2652 4206 multorum
2682 4149 2976 4208 satellitum
3010 4162 3101 4202 seu
3146 4144 3561 4200 servorum.cir-

1979 4243 2387 4308 cumstantium,
2415 4241 2568 4310 cujus
2595 4241 3004 4310 explicationem
3041 4239 3310 4292 cnriosam
3331 4237 3485 4306 juxta
3511 4246 3566 4290 et

1978 4329 2248 4386 eruditam
2291 4331 2555 4385 dederunt
2594 4329 2846 4384 Nicolaus
2884 4327 3104 4398 Bergier
3138 4325 3342 4381 Remus
3378 4326 3431 4380 in
3473 4328 3569 4380 do»

1907 4443 1959 4502 ι)
1985 4421 2227 4476 ctissime
2252 4434 2415 4490 opere
2446 4419 2666 4474 Viarum
2690 4417 2921 4488 imperii,
2953 4433 3018 4472 ac
3048 4417 3297 4470 dominus
3325 4416 3562 4471 Tristan.

2057 4512 2238 4579 Quam
2263 4525 2391 4564 vero
2418 4511 2648 4581 eleganti
2687 4516 2959 4564 structura
3004 4507 3144 4562 idem
3174 4506 3397 4562 Jovinus
3427 4522 3565 4576 prae-

1988 4588 2184 4659 dictam
2225 4603 2499 4660 basilicam
2543 4601 2907 4658 construxerit
2949 4598 3114 4655 codex
3169 4598 3569 4668 manuscriptus

1989 4695 2067 4749 sic
2091 4694 2291 4748 iudicat
2319 4708 2332 4746 :
2374 4711 2392 4744 ι
2427 4694 2522 4748 Est
2557 4692 2800 4761 quaedam
2829 4690 3056 4746 ecclesia
3095 4690 3146 4742 iu
3175 4689 3432 4743 suburbio
3466 4689 3568 4741 lie-

1991 4782 2162 4837 mensi
2221 4783 2386 4849 (nunc
2428 4780 2692 4850 pomario
2748 4778 2899 4833 urbis
2951 4777 3175 4856 dilatato
3222 4792 3252 4830 a
3313 4781 3569 4831 trecentis

1993 4875 2168 4936 annis,
2198 4871 2466 4926 mmnibtts
2492 4870 2778 4940 clauditur)
2806 4870 2997 4938 posita,
3027 4859 3166 4923 miro
3196 4868 3568 4923 columnarum

1991 4973 2204 5028 ornatu,
2248 4961 2501 5026 arcubus,
2547 4975 2679 5014 auro
2724 4968 2777 5014 et
2818 4960 2961 5014 vitro
3004 4959 3199 5027 lapillis
3253 4956 3569 5025 interposito

1995 5051 2337 5116 micantibus,
2385 5066 2414 5104 a
2457 5049 2648 5104 Jovino
2688 5049 2838 5104 urbis
2888 5048 3070 5102 Romae
3117 5045 3370 5116 prml'ecto
3401 5059 3571 5114 quon-

1993 5146 2115 5200 dam
2147 5153 2380 5215 gtortoso
2421 5142 2664 5208 fundata,
2693 5150 2822 5204 etc.,
2871 5154 3032 5208 quam
3065 5139 3150 5192 his
3193 5135 3371 5190 verbis
3407 5149 3570 5190 aureo

1993 5233 2340 5308 prwtitulavit
2363 5232 2579 5289 decore.
2615 5250 2635 5284 ι
2667 5229 2744 5284 Ex
2768 5227 3066 5286 Flodoardo
3094 5245 3105 5281 :

2071 5373 2221 5429 Felix
2246 5370 2447 5425 militiae
2473 5367 2691 5437 sumpsit
2720 5367 2904 5420 devota
2927 5363 3142 5419 Iovinus

2067 5465 2309 5534 Cingula,
2335 5464 2583 5516 virtutum
2611 5459 2814 5513 culmen
2839 5465 3104 5527 provectus
3125 5455 3177 5508 in
3199 5453 3384 5518 altum,
3403 5460 3509 5507 etc.

2073 5600 2144 5654 De
2185 5603 2283 5654 hoc
2330 5598 2519 5652 Jovino
2558 5594 2815 5667 praeclare
2858 5591 3170 5646 Ammianus
3208 5588 3572 5651 Marcellinus,

1999 5692 2092 5748 lib.
2155 5707 2249 5756 xv;
2308 5689 2658 5745 Cassiodorus
2701 5688 2754 5743 in
2802 5683 3088 5750 Chronico,
3121 5692 3171 5738 et
3202 5681 3572 5751 Necrologinm
