4032 6336
608 180 747 235 1145

1552 176 1644 230 AD
1669 175 1818 230 OPP.
1845 175 2000 231 VEN.
2028 174 2365 262 .GUIBEBTI
2407 178 2494 232 DE
2520 178 2915 237 NOVIGENTO

3689 197 3782 256 ιιιι

606 272 950 325 Nicasiamtm
980 265 1214 332 septimo
1244 262 1600 331 Sep‘embris,
1644 266 1735 333 qui
1782 266 2182 322 anniversarios
2212 258 2260 327 Α
2314 258 2317 259 ν
2364 288 2381 319 ι
2422 269 2644 341 Signum
2672 271 2902 342 Philippi
2937 273 3077 343 regis
3103 272 3457 333 Francorum.
3486 278 3682 353 Signum
3696 289 3784 347 ca.

607 362 726 417 dies
745 358 861 427 ejus
878 358 1065 413 obitus
1088 355 1401 411 solemniter
1418 355 1743 411 celebratur.

676 451 887 517 Quanta
914 462 1046 504 vero
1071 446 1426 517 przecelluerit
1467 447 1726 517 dignitate
1768 455 1921 503 vetus
1962 447 2183 505 basilica

603 540 912 605 Ioviniana,
941 553 1009 593 ex
1047 551 1157 609 quo
1185 545 1496 592 sanctorum
1528 545 1829 608 martyrum
1873 538 2185 609 pignoribus

608 634 927 704 locupletata
974 640 1088 697 est,
1142 632 1274 685 satis
1320 644 1589 700 superque
1643 631 1846 685 indicat
1893 628 2180 687 Flodoard.

604 739 727 794 cap.
764 722 849 787 l7,
889 721 986 776 lib.
1033 736 1073 785 ι.
1115 721 1225 775 imo
1271 720 1573 788 promiscue
1620 720 1775 775 titulo
1823 720 2084 791 Agricola:
2129 731 2184 778 et

603 814 801 871 Nicasii
857 812 1135 868 colebatur
1182 826 1213 866 a
1255 810 1538 875 ﬁdelibus,
1592 818 1647 865 et
1696 811 1923 867 abbatiae
1965 814 2182 868 nomine

603 904 873 973 gaudebat
895 902 1082 972 primis
1105 901 1191 956 his
1217 900 1450 962 saeculis,
1477 900 1724 969 quamvis
1752 901 1804 954 in
1841 916 1903 955 ea
1934 915 2041 956 non
2066 918 2179 958 mo-

603 991 904 1059 nachi,_sed
938 992 1138 1046 fratres
1159 989 1336 1045 clerici
1366 990 1546 1043 divina
1583 991 1755 1045 ollieia
1788 991 2173 1060 persolverent,

603 1089 662 1135 ut
686 1090 751 1134 ex
794 1078 1020 1149 Philippi
1047 1078 1205 1149 primi
1240 1062 1572 1132 Francorum
1603 1080 1747 1148 regis
1777 1080 2087 1149 diplomate,
2123 1090 2179 1135 et

600 1185 666 1224 cx
697 1184 818 1237 cap.
846 1169 880 1224 8
904 1167 1193 1225 Flodoardi
1221 1166 1432 1221 abunde
1480 1167 1802 1237 colligimus.
1841 1167 1947 1223 Sed
1982 1183 2175 1238 quam-

599 1263 685 1317 vis
723 1262 952 1326 sensim,
1002 1268 1063 1314 ut
1110 1275 1228 1314 sors
1273 1268 1355 1314 est
1401 1274 1577 1313 rerum
1633 1260 2005 1326 humanarum,
2041 1261 2176 1315 forte

600 1353 923 1409 clericorum
980 1350 1184 1406 incuria
1212 1390 1225 1414 ,
1278 1350 1614 1413 decreverit,
1663 1365 1761 1419 per
1811 1351 2177 1421 septingentos

604 1452 782 1499 tamen
804 1457 976 1499 annos
1005 1455 1177 1510 usque
1204 1442 1280 1495 ad
1310 1440 1594 1498 Flodoardi
1634 1452 1872 1512 tempora
1903 1452 2174 1511 superstes

599 1536 819 1591 mansit.
845 1536 916 1590 At
938 1535 1036 1589 sub
1072 1534 1305 1589 Henrico
1335 1535 1509 1603 primo
1530 1550 1651 1591 cum
1693 1536 2173 1591 reverendissimus

2288 359 2427 448 vasii
2476 360 2891 448 archiepiscopi.
2943 360 3004 415 S.
3051 364 3305 420 Adclardi
3347 366 3675 430 Suessionum
3708 384 3786 448 cpi.

2287 447 2454 516 scopi.
2498 447 2558 503 S.
2608 447 2862 504 Ermendi
2912 449 3309 509 Laudunensis.
3361 456 3421 512 S.
3468 459 3646 532 ltogeri
3677 447 3789 523 (his.

2285 534 2430 590 laun.
2472 536 2532 592 S.
2568 538 2813 593 Balduini
2852 538 3169 596 Noviomen.
3198 542 3254 599 S.
3285 544 3535 605 Widouis
3566 551 3789 617 Beiram.

2285 623 2343 681 S.
2377 626 2614 682 Leiberti
2636 628 2915 684 Canterac.
2946 629 3005 685 S.
3037 631 3258 689 Walteri
3286 634 3518 694 Meldcn.

2358 728 2377 769 ι
2402 718 2590 773 Actum
2606 718 2791 774 Remis
2812 735 2953 776 anno
2975 723 3371 781 luearnatiouis
3392 729 3654 791 millesimo
3674 754 3790 795 seu-

2254 808 2489 876 egesimo
2526 817 2708 875 sexto,
2756 810 2985 893 Philippi
3029 814 3172 886 regis
3200 817 3461 886 septimo,
3495 820 3708 881 Gervasii
3732 844 3792 884 ar-

2282 896 2608 969 chiepiscopi
2657 914 2821 966 nono,
2855 901 2908 957 in
2958 902 3187 958 ecclesia
3232 904 3547 966 sanctorum
3588 912 3791 986 Agricola

2280 996 2333 1043 et
2360 988 2555 1044 Nicasii
2585 1000 2905 1062 martyrum,
2934 1010 2988 1048 1v
3013 993 3132 1049 Kal.
3166 994 3447 1054 Octobris.
3530 1052 3533 1057 ι

2356 1097 2375 1130 ι
2413 1077 2705 1137 Balduinus
2739 1080 3095 1142 cancellarius
3118 1086 3187 1142 ad
3214 1088 3391 1145 vicem
3415 1090 3640 1150 Gerrasii
3660 1100 3788 1156 archi-

2277 1170 2515 1241 episcopi
2554 1172 2905 1243 subscripsit.
2944 1193 2964 1228 ι

2347 1263 2422 1318 Ex
2458 1265 2629 1319 veteri
2661 1266 2827 1322 etiam
2863 1272 3234 1343 manuscripto
3260 1274 3527 1334 discimus
3552 1278 3787 1341 illustrissi-

2276 1371 2423 1409 mum
2467 1355 2787 1413 Gervasium
2832 1362 3301 1435 archiepiscopum
3329 1407 3345 1431 ,
3395 1381 3651 1427 recentem
3694 1389 3719 1428 a
3747 1390 3789 1430 se

2273 1446 2594 1501 aedificatam
2638 1447 2946 1518 ecclesiam,
2993 1469 3155 1523 quam
3207 1472 3383 1528 nuper
3426 1458 3648 1530 reliquiis
3684 1462 3786 1524 beati

2273 1537 2476 1592 Nicasii
2516 1539 2584 1595 ab
2626 1539 2760 1595 urbe
2797 1540 3128 1599 Tornacensi
3175 1547 3511 1615 postliminio
3542 1556 3784 1620 reportans,

594 1625 825 1679 antistes
869 1622 1180 1685 Gervasius,
1211 1638 1279 1676 ex
1325 1624 1636 1693 episcopatu
1683 1624 2073 1679 Cenomanensi
2106 1625 2171 1680 ad
2206 1607 2248 1661 Β
2274 1626 2569 1693 ditaverat,
2618 1640 2972 1684 consecrasse
2996 1607 3189 1700 quintd
3229 1634 3350 1689 Kal.
3385 1607 3639 1703 Octobris,
3667 1656 3715 1698 ac

594 1710 775 1765 sedem
813 1710 1135 1764 Remenscm
1178 1708 1395 1777 speciali
1442 1709 1775 1777 providentia
1826 1710 1916 1765 Dei
1956 1722 2173 1767 evectus

594 1811 701 1867 est,
730 1802 865 1858 adeo
889 1809 1009 1857 erat
1049 1810 1317 1856 vetustate
1366 1802 1551 1855 attrita
1578 1809 1656 1856 .et
1695 1802 1954 1856 imbribus
1988 1802 2170 1857 defor-

594 1902 764 1959 mata,
791 1901 852 1948 ut
883 1901 1024 1947 tecta
1056 1906 1121 1947 ac
1149 1892 1382 1961 parietes
1428 1892 1662 1961 undique
1710 1901 2044 1957 corruerent,
2075 1908 2166 1948 ve-

594 1985 696 2040 teri
721 1982 998 2053 majestate
1021 1997 1241 2054 prorsus
1264 1984 1551 2045 exstincta,
1583 1999 1690 2053 quo
1713 1983 1771 2037 lit
1798 1993 1853 2037 ut
1882 1986 2172 2055 praedictus

590 2074 916 2131 venerabilis
941 2074 1234 2130 Gervasius
1256 2074 1372 2128 visa
1404 2080 1514 2128 tam
1561 2074 1828 2142 magniﬁci
1865 2075 2044 2144 operis
2089 2075 2168 2131 fa-

588 2164 764 2229 brica,
793 2163 967 2219 ruinis
987 2161 1223 2231 undique
1252 2160 1556 2229 fatiscente,
1589 2162 1640 2215 in
1680 2162 1918 2218 animum
1948 2164 2170 2221 induxe-

587 2253 659 2307 rit
689 2267 807 2307 eam
844 2268 874 2306 a
921 2252 1283 2308 fundamentis
1317 2252 1642 2317 instaurare,
1675 2254 1817 2321 quod
1857 2264 1910 2307 et
1954 2258 2170 2325 egregie

587 2341 839 2409 praestitit
877 2357 1098 2397 assensu
1147 2342 1507 2410 potentissimi
1550 2343 1691 2412 regis
1727 2341 1940 2398 Henrici
1986 2346 2164 2414 primi,

587 2446 653 2488 ac
692 2440 945 2488 conatum
998 2432 1116 2503 ejus
1161 2431 1326 2500 regali
1371 2433 1770 2502 magnificentia
1817 2444 2167 2503 promovente

588 2517 831 2588 Philippo
858 2519 1053 2589 primo,
1094 2518 1429 2575 Francorum
1472 2533 1617 2591 rege,
1666 2520 1818 2589 cujus
1860 2521 2167 2589 diplomatis

589 2607 858 2674 praecipua
890 2608 1051 2663 verba
1083 2608 1172 2662 hic
1201 2608 1523 2678 praeligeuda
1559 2617 1701 2663 sunt.

653 2719 815 2789 637
850 2736 870 2769 ι
900 2719 955 2773 In
989 2719 1206 2774 nomine
1230 2720 1319 2774 Dei
1344 2719 1537 2773 summi
1568 2730 1621 2774 et
1652 2719 1949 2778 Salvatoris
1976 2724 2160 2778 mundi

581 2809 710 2865 Jasu
740 2810 966 2877 Christi,
996 2810 1274 2881 Philippus
1298 2812 1477 2866 divina
1501 2814 1850 2881 dispensante
1870 2814 2159 2871 clementia

584 2903 916 2975 Francorum
951 2917 1068 2958 rex.
2024 2912 2035 2922 ί

658 3014 675 3046 ι
718 2992 985 3060 Quoniam
1040 2991 1285 3047 fovendis
1327 2992 1584 3047 Eeclesiis
1632 2992 1722 3047 Dei
1761 2992 2062 3048 cxaltandis
2106 3004 2163 3049 et

581 3086 923 3154 protegentlis
968 3100 1188 3154 operam
1221 3085 1354 3139 dare
1377 3126 1391 3149 ,
1440 3084 1638 3155 regalis
1675 3092 1759 3139 est
1800 3084 2158 3152 excellentiae,

580 3190 788 3245 nosque
826 3175 892 3229 ad
921 3176 1060 3227 hanc
1101 3175 1421 3244 dignitatem
1454 3174 1634 3227 divina
1671 3174 1957 3229 clementia
1993 3176 2164 3231 subli-

581 3284 731 3324 mare
776 3270 992 3341 dignata
1035 3278 1149 3333 est,
1183 3269 1225 3322 si
1266 3267 1355 3335 qui
1417 3280 1533 3335 pro
1562 3281 1749 3320 earum
1791 3266 2161 3323 incolumitate

578 3360 831 3427 patimur,
872 3362 923 3415 id
962 3360 1066 3421 eis,
1097 3367 1258 3428 prout
1291 3368 1500 3425 tempus
1527 3356 1716 3426 exigit,
1765 3357 1932 3427 regali
1973 3366 2159 3413 nostra

580 3450 911 3504 liberalitate
942 3450 1187 3504 debetur.
1222 3446 1443 3501 Noverit
1475 3446 1638 3516 igitur
1668 3446 1909 3502 fidelium
1942 3457 2158 3504 nostro-

575 3556 697 3594 rum
724 3549 832 3596 tam
859 3555 1095 3610 pnescns
1123 3554 1285 3609 quam
1311 3536 1488 3591 futura
1512 3538 1822 3607 posteritas,
1843 3536 2156 3594 Gervasium

573 3633 940 3687 venerabilem
970 3632 1295 3687 Remeuscm
1333 3629 1821 3700 archiepiscopum,
1866 3635 2157 3700 quamdam

584 3724 855 3779 :zlibatiam
896 3724 949 3775 iu
1000 3721 1467 3789 archiepiscopatu
1515 3736 1613 3773 suo
1653 3722 2052 3786 construxisse,
2103 3732 2157 3776 et

574 3828 695 3881 qua:
721 3827 816 3867 suo
838 3811 1020 3866 labore
1050 3821 1105 3864 et
1131 3808 1395 3864 industria
1427 3808 1697 3875 acquisita
1722 3818 1868 3873 sunt,
1894 3818 1953 3862 ut
1980 3810 2154 3865 cidem

574 3910 776 3956 nostra:
809 3899 1246 3957 confirmationis
1295 3896 2003 3964 scripto'corroboremus,
2061 3915 2160 3951 no-

573 4005 744 4046 stram
801 3991 1002 4060 regiam
1069 3988 1418 4043 serenitatem
1471 3984 1658 4050 sedulo
1703 3986 1998 4055 postulare.
2062 3988 2157 4041 Est

572 4084 717 4137 enim
763 4080 994 4137 ecclesia
1030 4079 1085 4133 in
1138 4077 1399 4133 suburbio
1447 4076 1698 4131 Rcmensi
1750 4077 1957 4146 posita,
2010 4078 2153 4134 miro

572 4190 735 4243 opere
782 4173 1049 4243 quondam
1104 4188 1132 4225 a
1185 4170 1377 4224 Jovino
1421 4168 1683 4238 praefecto
1712 4169 1998 4237 azdilicata,
2032 4186 2152 4241 qua:

2272 1731 2335 1773 ea
2384 1730 2576 1772 novam
2618 1718 2896 1774 abbatiam
2938 1725 3331 1781 monachorum
3382 1725 3782 1788 Benedictian

2274 1803 2592 1869 instituisse,
2616 1822 2777 1876 quam
2807 1809 2999 1880 amplis
3032 1814 3495 1883 possessionibus,
3524 1830 3574 1874 et
3597 1820 3778 1877 innume-

2262 1897 2537 1952 rabilibus
2578 1899 2807 1966 divitiis,
2855 1903 3093 1970 quandiu
3124 1905 3284 1970 vixit,
3317 1908 3521 1964 studuit
3559 1924 3778 1981 exornare,

2270 1988 2365 2042 sed
2398 1988 2536 2045 filios
2572 1991 2821 2059 proprios
2866 2007 2974 2049 non
3012 1993 3306 2051 habentem
3357 2001 3619 2055 extraneis
3642 2018 3778 2073 pm

2270 2080 2548 2136 ratoribus
2579 2082 2864 2151 utriusque
2906 2086 3233 2143 conditionis
3285 2091 3562 2146 monachis
3602 2097 3777 2163 «impul-

2260 2185 2390 2225 sum
2443 2169 2613 2227 fuisse
2658 2174 3026 2241 committere,
3082 2186 3189 2234 etc.
3222 2180 3434 2246 Quibus
3476 2184 3637 2239 verbis
3656 2184 3776 2257 liquet

2256 2258 2613 2325 ‘Gervasium,
2633 2258 2837 2314 nullum
2873 2262 3122 2320 abbatem
3156 2281 3380 2324 creasse
3407 2271 3649 2340 (quamvis
3673 2275 3775 2341 regio

2262 2350 2561 2419 diplomate
2586 2351 2715 2419 quid
2758 2350 3002 2409 facturus
3031 2366 3198 2422 esset,
3248 2360 3292 2413 si
3347 2360 3437 2415 diu
3479 2364 3773 2418 mansissetia

2268 2440 2425 2505 vivis,
2476 2438 2769 2511 referatur)
2824 2444 2918 2497 sed
2948 2452 3143 2500 nomen
3185 2449 3404 2505 abbatis
3451 2450 3550 2506 sibi
3584 2463 3772 2522 tanquam

2268 2529 2539 2583 fundatori
2578 2544 2887 2586 reservasse
2925 2532 3203 2603 (externos
3240 2549 3612 2606 procuratores
3639 2543 3772 2597 subse

2265 2618 2666 2683 constituendo,
2705 2628 2764 2673 ut
2813 2622 2992 2676 tenelli
3046 2622 3191 2679 illius
3242 2629 3447 2698 gregis,
3482 2644 3543 2685 ac
3575 2630 3649 2683 vix
3680 2632 3768 2684 adu-

2264 2710 2376 2765 nati
2410 2751 2425 2773 ,
2479 2719 2761 2781 paternam
2817 2724 3001 2763 curam
3053 2716 3314 2784 gereret),
3358 2717 3450 2771 sed
3500 2732 3560 2771 co
3602 2718 3768 2772 obeuntc

2261 2819 2422 2871 onus,
2461 2804 2762 2877 legitimum
2810 2803 3090 2858 ductorem
3137 2821 3247 2860 non
3292 2808 3569 2874 habentes,
3608 2809 3663 2861 ad
3682 2824 3765 2878 pro-

2260 2901 2378 2963 pria
2421 2898 2537 2953 loca
2575 2899 2833 2960 redeunt,
2876 2900 3251 2963 possessiones
3276 2915 3307 2953 a
3359 2899 3600 2956 Gcrvasio
3626 2899 3766 2954 relicta

2263 3002 2292 3041 a
2323 2989 2598 3057 perversis
2641 2991 2955 3047 hominibus
2982 2993 3383 3058 distrahuntur,
3419 3002 3470 3047 et
3510 3007 3668 3046 recens
3700 2991 3764 3046 al»

2260 3079 2405 3136 batia
2451 3083 2503 3136 in
2546 3093 2653 3138 tam
2695 3082 2964 3138 infelicem
2997 3094 3194 3139 statum
3230 3086 3450 3140 redacta
3476 3094 3581 3147 est,
3613 3092 3659 3137 ut
3688 3083 3762 3150 ipsa

2261 3172 2550 3228 missarum
2583 3174 2865 3239 solemnia,
2917 3174 3135 3229 nemine
3192 3175 3244 3228 in
3299 3174 3527 3230 ecclesia
3572 3174 3764 3226 existente

2257 3262 2350 3331 qui
2398 3264 2501 3318 hoc
2532 3263 2709 3335 ipsum
2740 3264 3006 3334 expleret,
3043 3280 3071 3318 a
3119 3265 3433 3321 forensibus
3472 3263 3761 3324 sacerdotibus

2259 3353 2710 3421 celebrarentur,
2760 3360 2909 3413 hora:
2955 3358 3118 3412 etiam
3182 3358 3463 3427 regulares
3513 3370 3542 3411 a
3592 3353 3760 3424 quodam

2253 3444 2450 3515 juvene
2500 3448 2718 3505 nomine
2778 3448 3038 3516 Joranno,
3099 3449 3153 3504 in
3206 3450 3400 3505 eodem
3441 3449 3548 3504 loco
3595 3446 3757 3508 nutrito,

2258 3539 2631 3595 recitabantur
2654 3542 2835 3610 potius
2863 3556 3026 3611 quam
3059 3542 3451 3606 cantabantur;
3482 3541 3607 3597 hunc
3632 3536 3758 3591 statim

2258 3630 2512 3684 abbatiali
2564 3622 2858 3702 dignitate,
2903 3640 2957 3689 et
3006 3632 3251 3687 Romana
3301 3646 3533 3688 purpura
3571 3636 3757 3684 ornatum

2256 3721 2578 3775 videbimus.

2331 3809 2435 3862 Sed
2467 3809 2730 3863 llaiualdo
2763 3810 2937 3879 primo
2971 3810 3440 3882 archiepiscopale
3464 3808 3644 3864 culmen
3669 3804 3753 3858 ade

2256 3909 2346 3969 pt-i
2370 3911 2490 3970 post
2530 3899 2857 3967 Manasscut,
2887 3902 2978 3970 qui
3006 3918 3160 3956 sacra
3193 3900 3521 3972 profanaque
3543 3896 3755 3953 conculca-

2255 4002 2445 4055 verat,
2494 4005 2631 4045 nova
2675 3991 2762 4044 lux
2804 3992 3006 4061 regioni
3040 3991 3394 4046 Remensium
3432 3992 3533 4045 visa
3572 3995 3637 4042 est
3664 3997 3751 4039 extr

2256 4083 2373 4137 riri.
2412 4082 2547 4137 Nam
2598 4083 2687 4137 hic
2715 4084 2958 4153 dispersa
3001 4094 3053 4139 ct
3084 4085 3441 4139 exterminata
3477 4087 3753 4148 congregans.

2254 4181 2308 4225 et
2352 4172 2607 4241 dissipata
2650 4181 2986 4231 restaurans,
3016 4174 3341 4228 venerabilis
3372 4170 3590 4243 Gcrvasii
3621 4177 3750 4218 exem-

573 4266 626 4317 in
658 4262 957 4334 primordio
988 4259 1499 4328 archiepiscopatus
1536 4257 1658 4322 sui,
1713 4258 1783 4312 ab
1830 4271 1895 4312 eo
1934 4258 2147 4315 inventa
2181 4294 2225 4348 ι)
2252 4263 2396 4331 plum
2426 4272 2668 4327 secutus,
2714 4264 2856 4319 inter
2900 4264 3004 4317 alia
3047 4263 3329 4334 praefatam
3369 4254 3748 4321 ccelcsiamlovi-

572 4366 656 4409 est
684 4363 950 4411 vetustate
980 4365 1035 4410 ct
1064 4356 1293 4421 incuria,
1319 4371 1512 4428 magna
1540 4372 1604 4413 ex
1634 4366 1785 4427 parte
1805 4368 2143 4428 consumpta.

572 4448 638 4499 Et
680 4447 805 4515 quia
842 4447 910 4500 de
959 4448 1173 4500 nomine
1225 4448 1397 4503 sancti
1447 4450 1704 4515 martyris
1756 4449 2145 4519 appellabatur,

569 4553 879 4606 quanquam
945 4538 1036 4605 qui
1090 4538 1265 4605 primo
1298 4538 1648 4604 fundaverat,
1695 4540 1793 4593 sub
1841 4539 1997 4594 titulo
2025 4554 2144 4594 eam

570 4629 758 4683 Sancti
806 4629 1071 4697 Agricolae
1131 4630 1489 4697 condidisset,
1540 4633 1607 4687 ob
1647 4647 1886 4687 amorem
1941 4634 2032 4687 Dei
2091 4641 2146 4688 et

568 4717 741 4772 sancti
773 4716 1185 4785 prazdecessoris
1208 4719 1314 4785 sui,
1358 4721 1562 4775 studuit
1599 4736 1719 4790 qua:
1749 4721 1802 4774 in
1836 4734 1897 4775 ea
1925 4723 2145 4778 omnino

568 4818 895 4864 corruerant
932 4825 961 4863 a
1015 4809 1380 4867 fundamentis
1436 4824 1765 4879 restaurare,
1816 4829 1936 4883 qua!
1983 4815 2146 4869 semi-

566 4909 726 4970 rupta
750 4902 1057 4973 pendebant
1102 4902 1334 4957 artificio
1370 4906 1598 4972 quodam
1641 4906 1995 4976 reintegrare,
2023 4920 2143 4959 eam

567 4994 803 5062 speciem
836 4994 958 5048 novi
995 4995 1176 5063 operis
1226 4997 1499 5049 ruinosam
1544 4996 1828 5050 ecclesiam
1878 4997 2144 5051 decentis-

567 5084 705 5137 sime
742 5081 1057 5138 reformare.
1092 5085 1171 5137 Ad
1200 5085 1313 5139 haec
1344 5084 1710 5147 t‘efectorium,
1742 5087 2142 5151 dormitorium,

566 5182 621 5223 ct
670 5181 864 5226 caatera
912 5172 1218 5228 habitacula
1272 5190 1552 5229 servorum
1600 5176 1693 5227 Dei
1737 5177 1920 5230 usibus
1957 5192 2141 5230 neces-

566 5270 731 5327 sar‘a,
759 5282 876 5333 qum
906 5277 1058 5317 antea
1088 5267 1156 5319 ibi
1182 5280 1451 5334 nunquam
1476 5266 1711 5329 fuerant,
1753 5268 1950 5336 insigni
1980 5283 2143 5336 opere

566 5356 954 5424 superaddidit,
987 5356 1290 5425 fratresque
1315 5359 1412 5411 sub
1439 5359 1631 5413 abbate
1660 5367 1716 5412 et
1744 5358 1926 5427 regula
1957 5359 2141 5413 Sancti

562 5444 860 5511 Benedicti,
897 5450 1123 5503 Domino
1174 5449 1466 5504 militantes
1518 5451 1715 5505 ibidem
1769 5453 2136 5523 congregavit,

531 5546 615 5599 ,et
658 5538 861 5593 reditus
899 5539 1040 5594 unde
1072 5542 1310 5595 viverent
1334 5540 1661 5596 sufficienter
1707 5542 1993 5615 delegavit,
2031 5550 2136 5598 etc.

2250 4355 2465 4409 nianam
2505 4354 2572 4408 ad
2606 4354 2895 4425 pristinum
2928 4363 3128 4410 statum
3166 4372 3428 4412 revocare
3456 4359 3648 4410 conatus
3667 4355 3745 4405 est;

2246 4455 2303 4499 et
2328 4444 2607 4514 profectus
2632 4444 2700 4499 ad
2729 4446 2902 4499 solum
2926 4447 3271 4500 Arvernense
3297 4448 3351 4501 in
3377 4445 3606 4502 comitatu
3629 4436 3769 4506 regis

2246 4537 2634 4592 monasterium
2673 4535 2947 4591 Casu-Dei
3001 4538 3177 4601 adiit,
3228 4555 3399 4609 nuper
3442 4536 3689 4591 institutum
3723 4539 3743 4575 ι

2246 4637 2436 4684 sancto
2484 4627 2757 4692 Roherto,
2812 4641 2876 4683 ac
2905 4628 3132 4698 insignis
3173 4639 3297 4683 tunc
3330 4623 3646 4684 observantia:
3675 4614 3744 4671 sub

2245 4716 2541 4772 v'nerabili
2576 4717 2833 4785 Seguino,
2868 4716 3011 4770 beati
3055 4716 3275 4771 Rohcrli
3320 4713 3595 4772 fundatoris
3628 4703 3739 4762 disci-

2246 4808 2393 4880 pulo,
2434 4816 2489 4863 ct
2528 4819 2684 4862 nacta
2720 4791 3028 4874 occasione,
3076 4808 3390 4877 praedictum
3430 4808 3639 4861 abbatem
3674 4796 3739 4846 Se-

2250 4898 2474 4968 guinum
2498 4895 2727 4951 summis
2764 4896 3017 4966 precibus
3040 4895 3353 4968 efﬂagitavit
3383 4908 3436 4952 ut
3458 4894 3650 4949 delectos
3667 4882 3735 4937 sibi

2251 4987 2550 5042 monachos
2577 4988 2922 5052 concederet,
2952 5002 3072 5041 cum
3108 4997 3330 5057 experto
3363 4995 3566 5043 rectore.
3598 4975 3648 5030 ad
3675 4986 3731 5024 η’·

2251 5082 2492 5153 gularem
2526 5081 2864 5150 disciplinam
2902 5081 2954 5135 in
2997 5083 3327 5136 monasterio
3354 5079 3604 5134 Nicasiano
3626 5063 3733 5121 resti-

2245 5174 2521 5227 tuendam.
2574 5170 2727 5235 Quod
2774 5181 2829 5226 et
2865 5173 3138 5236 obtinuit,
3178 5181 3239 5226 ut
3268 5187 3332 5226 ex
3365 5172 3530 5225 charta
3555 5154 3730 5229 ejusdem

2246 5265 2493 5321 Rainaldi
2535 5268 2786 5335 colligere
2828 5265 2971 5319 licet.
3022 5282 3041 5315 ι
3076 5262 3263 5318 Visum
3306 5272 3385 5317 est
3426 5258 3587 5315 nobis,
3624 5250 3731 5335 Olim

2244 5358 2539 5424 credimus,
2600 5358 2861 5411 divinitus
2910 5356 3252 5425 iuspiratum,
3312 5334 3727 5430 venerandum

2244 5451 2465 5520 guinum
2499 5451 2751 5505 abbatem
2784 5448 3121 5511 monasterii,
3146 5447 3289 5517 quod
3320 5446 3498 5501 dicitur
3520 5428 3724 5525 Casa-PN»

2242 5540 2586 5610 compellare,
2624 5552 2681 5595 ut
2711 5554 2809 5609 pro
2850 5538 2962 5595 Deo
3002 5537 3239 5593 laborem
3277 5528 3581 5593 restituenda
3606 5523 3721 5591 ipsius

3891 6174 3893 6218 λ
