4032 6336
186 304 324 362 1145

1355 294 1569 357 DOMM
1601 297 1669 355 ιλ.
1701 293 2043 353 D‘ACHERY
2070 296 2303 359 NOTIE.

3311 316 3453 376 “~56

188 416 414 473 abbatim
455 414 736 471 nobiscum
775 414 1106 486 susciperet,
1137 418 1196 466 et
1241 426 1305 468 ex
1340 426 1436 467 sua
1472 424 1766 480 congrega-
1792 392 1842 449 Α
1876 420 2117 466 ratorum
2142 452 2158 478 ,
2217 412 2347 468 nulli
2376 414 2774 484 permanserint
2796 457 2815 482 ,
2852 417 2954 490 qui
2984 433 3170 493 regere
3214 428 3297 482 vel
3336 431 3447 500 regi

188 512 333 564 tione
363 508 589 562 fratrem
616 508 684 561 ad
714 506 1113 576 praeﬁciendum
1142 504 1418 568 idoneum,
1448 503 1692 572 aliosque
1716 502 1767 556 in

189 601 290 654 hoc
333 598 504 668 ipsius
532 606 918 668 cooperatores
962 596 1252 667 dirigeret,
1299 610 1564 660 exorare,
1601 613 1620 644 ι
1659 602 1766 648 etc.

188 688 300 742 Hoc
332 687 596 757 praeclare
637 694 876 757 ereptum
924 685 1177 740 Rainaidi
1226 685 1620 741 continuarunt
1666 683 1769 739 Pri-

184 779 433 833 scliasius
479 779 771 844 secumlus,
828 786 884 832 et
934 775 1182 831 Calixtus
1233 776 1428 831 summi
1468 776 1772 845 pontiﬁces,

185 884 449 925 concessa
496 869 660 924 etiam
692 870 976 925 monachis
1012 869 1271 925 facultate
1321 870 1552 940 eligendi
1601 872 1770 928 abba-

187 971 293 1015 tem
347 960 404 1016 in
452 960 716 1032 capitulo,
760 976 793 1016 a
829 960 1084 1018 Remensi
1129 962 1543 1033 archiepiscopo
1579 979 1771 1020 conse-

183 1051 471 1106 crandum.

260 1140 355 1197 Sic
381 1142 549 1210 igitur
588 1150 851 1198 renovata
878 1143 1118 1215 regulari
1164 1146 1510 1202 observantia
1544 1159 1773 1202 venera-

182 1231 310 1286 bilis
341 1230 454 1301 ipse
484 1229 758 1301 Seguinus
786 1233 1029 1303 regimen
1070 1236 1310 1313 suscepit
1347 1236 1676 1300 animarum,
1715 1242 1774 1290 et

184 1322 299 1376 suis
349 1322 613 1391 quasdam
669 1322 951 1393 discipulis
1015 1324 1271 1395 imposuit
1319 1326 1776 1393 observationes,

184 1426 214 1465 a
252 1412 518 1467 Casa-Dei
561 1422 855 1479 nuituatas,
900 1422 959 1469 ut
991 1415 1060 1471 ab
1099 1416 1222 1471 aliis
1270 1418 1606 1474 monasticen
1647 1433 1773 1488 pro-

186 1504 463 1561 ﬁtentibus
489 1514 748 1576 tanquam
781 1515 985 1563 tessera
1016 1508 1375 1575 discerneret,
1408 1526 1546 1580 quas
1574 1510 1775 1565 multos

185 1611 358 1651 annos
381 1595 551 1669 638
578 1598 944 1666 retinuerunt,
986 1599 1158 1654 donec
1198 1599 1583 1672 languescente
1610 1599 1774 1657 disci-

186 1688 333 1759 plina
383 1683 864 1747 constitutionibus
905 1690 1153 1763 Gregorii
1210 1692 1305 1759 IX,
1347 1692 1553 1748 Nicolai
1593 1692 1682 1760 ιγ,
1715 1704 1772 1749 et

1871 511 2112 571 possent.
2139 502 2241 572 (Ex
2278 502 2549 560 Chronico
2581 519 2686 560 ms.
2718 521 2748 560 a
2776 518 3052 564 roaataueo
3073 523 3295 570 auctore
3323 532 3449 573 cou-

1872 593 2126 664 scripto.)
2146 592 2254 649 Sed
2277 604 2332 649 et
2353 596 2740 653 monasterium
2781 600 2975 669 amplis
3015 606 3451 672 possessionibus

1870 698 1904 738 a
1934 683 2221 739 fundatore
2247 684 2476 744 ditatum
2506 688 2678 745 instar
2719 691 2960 748 cornicis
2987 692 3194 751 Horatii
3224 708 3451 756 exutum

1869 782 1925 830 et
1948 772 2238 843 spoliatum
2268 784 2374 842 est,
2403 776 2687 847 Manassis,
2721 788 2780 835 ut
2808 783 3005 848 credo,
3044 784 3097 840 in
3126 787 3309 844 sedem
3347 790 3453 846 Re-

1872 881 2113 922 mensem
2149 876 2277 936 post
2310 866 2633 925 Gervasium
2668 872 2889 936 intrusi,
2924 877 3106 931 omnia
3146 878 3257 935 late
3293 881 3453 952 depo-

1870 957 2109 1029 pulantis
2154 959 2467 1030 tyrannide,
2511 962 2611 1016 sub
2636 976 2744 1032 quo
2771 965 2978 1035 pariter
2999 970 3315 1025 ctenobium
3348 972 3452 1029 Re-

1872 1049 2166 1119 migianum
2196 1050 2384 1106 eadem
2409 1053 2790 1121 persecutione
2833 1072 3108 1126 pressum,
3151 1061 3458 1132 legitimum

1872 1138 2123 1195 abbatem
2166 1142 2411 1196 nancisci
2450 1158 2558 1197 non
2607 1145 2849 1215 potuisse
2874 1184 2897 1213 ,
2936 1163 3003 1207 ex
3047 1152 3290 1220 epistolis
3320 1154 3456 1209 Gre-

1872 1230 2005 1301 gorii
2062 1230 2148 1284 Vll
2186 1231 2495 1299 discimus,
2551 1234 2721 1288 multo
2765 1236 2945 1292 minus
2992 1238 3113 1294 aliis
3146 1243 3451 1308 providere.

1870 1319 2027 1374 Adde
2069 1320 2213 1389 quod
2264 1318 2559 1378 Guibertus
2604 1322 2672 1377 de
2702 1322 3023 1395 Novigento,
3055 1328 3122 1383 de
3154 1332 3465 1397 posteriore

1874 1408 2108 1463 llenrico
2136 1409 2299 1463 verba
2345 1407 2577 1475 iaciens,
2608 1412 2771 1467 trium
2802 1414 3145 1471 abbatiarum
3179 1427 3460 1489 pastorem

1876 1503 2142 1569 nominat,
2182 1501 2370 1558 Sancti
2409 1503 2664 1575 Remigii,
2692 1505 2903 1561 scilicet
2943 1508 3467 1579 Humiliarensis,et

1875 1596 2197 1667 Novigenti,
2251 1605 2310 1650 at
2338 1611 2605 1665 nusquam
2635 1596 2822 1653 Sancti
2867 1598 3069 1655 Nicasii
3096 1640 3111 1661 ,
3165 1602 3309 1671 quod
3348 1616 3465 1657 non.

1881 1686 2166 1741 tacuisset.
2215 1685 2341 1741 Dies
2387 1684 2567 1741 obitus
2611 1684 2855 1741 Gervasii
2907 1688 3344 1760 arehiprmsulis,
3405 1706 3459 1746 tv

184 1781 462 1836 Benedicti
502 1778 616 1848 XII,
657 1782 855 1853 partim
880 1798 908 1837 a
938 1761 1279 1838 Cluniacensi
1308 1784 1497 1839 ordine
1523 1784 1774 1853 depromo
1804 1761 1847 1821 Β
1875 1772 1999 1828 Julii
2038 1773 2089 1827 ill
2134 1772 2426 1829 Nicasiano
2453 1772 2772 1843 Necrologio
2802 1775 3018 1845 legitur,
3049 1792 3157 1846 qua
3183 1778 3273 1833 die
3299 1779 3457 1833 anni-

184 1873 313 1942 ptis,
343 1880 400 1929 et
428 1874 625 1941 partim
650 1874 719 1929 de
744 1890 885 1929 noro
915 1875 1170 1940 conditis,
1204 1875 1433 1930 abbatim
1463 1875 1768 1941 Remensis,

184 1971 244 2017 et
287 1961 620 2019 Senouensis
650 1965 1056 2034 provinciarum
1114 1964 1422 2022 reformatae
1459 1976 1606 2021 sunt.
1664 1965 1771 2020 lla-

184 2054 332 2109 bitus
360 2054 526 2109 etiam
556 2053 994 2121 Nicasianorum,
1018 2058 1267 2126 quamvis
1300 2058 1352 2112 in
1381 2057 1625 2128 pluribus
1647 2073 1768 2113 cum

182 2144 309 2200 aliis
346 2144 691 2213 conveniret,
724 2145 827 2202 hoc
856 2146 1132 2217 peculiare
1159 2146 1370 2213 habuit,
1416 2162 1523 2218 quo
1561 2146 1772 2203 dalmu-

189 2235 281 2290 tiis
313 2233 382 2291 de
423 2234 655 2305 pellibus
690 2236 889 2307 nigris,
931 2239 1274 2307 caputiorum
1317 2237 1455 2301 loco,
1490 2246 1774 2292 uterentur

185 2327 279 2396 (de
301 2324 496 2397 quibus
534 2326 659 2383 vide
692 2327 1114 2398 Clementinam)
1141 2336 1197 2382 et
1233 2326 1376 2383 botis
1402 2328 1683 2392 foderatis,
1713 2336 1771 2383 ut

186 2416 376 2482 aiunt,
412 2416 480 2472 de
511 2426 671 2472 nocte
718 2408 842 2471 cum
874 2418 941 2471 ad
974 2418 1270 2472 matutinas
1301 2428 1610 2488 surgerent,
1648 2432 1773 2475 cum

186 2507 382 2580 quibus
420 2509 585 2565 etiam
629 2518 751 2580 post
795 2518 1025 2566 mortem
1075 2510 1500 2580 sepeliebantur.

261 2598 428 2656 Porro
470 2599 689 2668 vigente
714 2600 1062 2655 observantia
1103 2600 1377 2672 regulari,
1414 2610 1470 2655 ct
1518 2600 1773 2657 virtutem

186 2690 474 2746 monachis
538 2690 955 2756 excolentibus,
1021 2691 1224 2745 sensim
1284 2690 1550 2745 ditescere
1609 2693 1776 2762 C(Bpil

190 2779 509 2835 asceterium
550 2777 897 2833 Nicasianum
924 2819 941 2846 ,
987 2777 1298 2849 facttnnque
1343 2788 1467 2832 octo
1514 2778 1773 2833 cellarum

188 2886 403 2942 parens,
447 2880 503 2925 et
540 2871 932 2926 monachorum
981 2885 1265 2924 numerum
1316 2869 1449 2924 satis
1495 2868 1773 2938 copiosum

189 2959 339 3026 aluit,
381 2975 543 3029 quem
591 2960 759 3015 abbas
788 2960 1052 3015 canonice
1086 2960 1296 3015 electus
1342 2960 1542 3014 additis
1587 2959 1689 3015 sub
1717 2976 1776 3015 se

190 3061 418 3124 quatuor
460 3049 702 3114 decanis,
751 3065 845 3104 seu
898 3049 1175 3120 prioribus
1217 3048 1626 3114 claustralibus,
1659 3048 1775 3102 lau-

190 3139 434 3195 dabiliter
461 3140 601 3193 rexit
623 3154 793 3208 usque
814 3140 879 3192 ad
903 3141 1161 3193 iuoderna
1198 3148 1463 3209 tempora,
1496 3153 1621 3193 cum
1646 3139 1775 3193 sub-

190 3231 310 3287 latis
362 3230 723 3286 electionibns
768 3230 902 3285 ordo
934 3230 1290 3285 monacliicus
1328 3246 1424 3300 per
1456 3238 1622 3283 totam
1654 3229 1777 3284 Gal-

188 3319 314 3375 liam
338 3333 555 3390 pessum
578 3319 737 3381 abiit,
763 3333 827 3373 ac
858 3318 1125 3388 regularis
1147 3318 1516 3384 observantia,
1543 3318 1777 3373 maxime

190 3410 242 3465 in
274 3408 674 3479 campestribus
704 3407 858 3473 locis,
902 3409 1146 3479 neglecta
1180 3417 1283 3464 est.
1309 3406 1484 3477 Quam
1532 3419 1707 3465 tamen
1744 3424 1777 3464 a

187 3501 460 3561 sexdecim
491 3501 653 3556 annis
684 3500 930 3557 seniores
966 3500 1254 3567 monachi,
1296 3517 1393 3570 pro
1432 3518 1497 3557 ea
1543 3517 1778 3572 propeno

186 3592 342 3648 sione
387 3591 554 3646 animi
602 3606 764 3662 quam
809 3591 1014 3646 habent
1045 3608 1172 3661 erga
1223 3602 1469 3647 sanctam
1513 3593 1774 3664 regulam,

184 3696 399 3738 summo
426 3680 608 3736 studio
656 3695 921 3737 renovare
947 3683 1131 3738 conati
1171 3695 1321 3747 sunt,
1358 3684 1600 3739 evocatis
1629 3698 1780 3739 reve-

186 3775 373 3830 rendis
409 3774 666 3829 Patribus
694 3774 1137 3845 congregationis
1179 3775 1367 3831 Sancti
1409 3775 1626 3842 Mauri,
1657 3777 1778 3846 qui.

186 3867 312 3931 bus,
341 3881 449 3921 non
485 3866 537 3920 vi
569 3866 770 3932 coacti,
809 3866 905 3922 sed
934 3867 1167 3939 ingenua
1218 3876 1275 3923 et
1319 3868 1551 3938 simplici
1601 3869 1780 3924 chari-

188 3967 324 4023 tate,
356 3958 642 4014 ecclesiam
672 3957 848 4014 sacris
888 3958 1315 4030 supellectilibus
1346 3959 1630 4026 refertam,
1661 3976 1779 4015 om-

179 4067 282 4108 nes
324 4052 532 4108 reditus
572 4051 910 4117 claustrales,
941 4060 997 4107 et
1021 4053 1170 4124 jura,
1198 4068 1318 4124 quae
1347 4052 1612 4109 hactenus
1643 4052 1777 4108 illa:-

180 4158 246 4199 sa
277 4152 689 4208 conservarant,
723 4143 913 4213 paucis
943 4144 1168 4199 omnino
1193 4145 1436 4199 contenti
1467 4154 1777 4211 cesserunt,

177 4241 243 4287 ut
278 4240 425 4286 sarta
460 4240 600 4287 tecta
640 4233 693 4286 in
739 4242 1057 4302 perpetuum
1089 4242 1377 4299 tueantur;
1412 4235 1537 4289 hinc
1577 4234 1777 4290 factum

179 4330 269 4377 cst
293 4330 355 4375 ut
382 4321 600 4377 abbatia
629 4319 944 4387 Nicasiana,
972 4338 1093 4393 qua:
1116 4323 1380 4377 hactenus
1413 4324 1780 4392 independens

1876 1866 2183 1921 versarium
2214 1865 2456 1920 solemne
2484 1881 2515 1919 a
2545 1867 2830 1921 monachis
2854 1867 3163 1923 celebratur
3190 1868 3348 1924 1068.

1944 1956 2009 2012 ιι.
2068 1957 2127 2010 Β.
2182 1955 2452 2025 Seguinus
2488 1971 2550 2009 ex
2584 1956 2778 2011 abbate
2807 1955 3082 2012 Came-Dei
3107 1998 3122 2021 ,
3166 1957 3224 2011 ﬁt
3253 1957 3471 2028 primus

1883 2048 2054 2104 abbas
2090 2047 2358 2117 regularis
2385 2046 2571 2101 Sancti
2607 2047 2844 2113 Nicasii,
2880 2064 3024 2103 anno
3055 2049 3210 2105 1086..
3253 2050 3376 2104 Fuit
3415 2050 3476 2106 is.

1875 2140 2173 2210 discipulus
2214 2140 2388 2195 sancti
2442 2138 2687 2202 Robcrti,
2738 2155 2897 2209 quem
2951 2141 3247 2198 Rainaldus
3291 2143 3312 2198 Ι
3351 2143 3459 2197 Re-

1876 2232 2081 2288 mensis
2113 2231 2555 2301 archiepiscopus
2585 2233 2857 2298 evocavit,
2904 2246 3026 2289 eum
3061 2234 3343 2288 dumlecim
3378 2250 3466 2292 res

1876 2322 2084 2394 ligiosis
2111 2363 2128 2390 ,
2172 2331 2233 2378 ut
2279 2322 2693 2378 BenediCLinum
2737 2322 2983 2378 ordinem
3022 2324 3364 2390 restitueret,
3394 2339 3461 2380 ex

1875 2416 2068 2474 charta
2108 2415 2354 2487 ejusdem
2386 2414 2663 2469 Rainaldi.
2690 2413 3022 2469 Memoratur
3048 2416 3102 2469 in
3130 2414 3463 2471 chartulario

1877 2507 2068 2566 Sancti
2099 2506 2448 2571 Theoderici,
2482 2521 2629 2561 anno
2671 2507 2832 2571 1095,
2862 2508 3005 2576 quod
3046 2505 3327 2573 abdicans,
3356 2506 3463 2563 Ca-

1877 2600 2120 2656 sam-Dei
2154 2613 2407 2655 reversus
2431 2608 2516 2655 est
2560 2607 2683 2669 post
2711 2608 2921 2668 septem
2959 2613 3134 2654 annos
3162 2598 3461 2670 regiminis,

1875 2692 2037 2762 eique
2066 2690 2348 2747 sull‘ectus.

1948 2781 2035 2837 Ill.
2066 2780 2319 2838 Nicolaus
2353 2781 2411 2846 Ι,
2435 2780 2599 2835 etiam
2626 2797 2690 2837 ex
2719 2781 3048 2836 monasterio
3082 2780 3389 2849 Casa-Del,
3412 2789 3464 2837 et

1878 2873 2022 2929 beati
2053 2873 2277 2928 lloberti
2318 2873 2653 2943 discipulus,
2704 2874 2902 2944 legitur
2928 2874 3133 2943 pariter
3164 2873 3217 2928 in
3246 2874 3465 2928 chartu-

1878 2966 2014 3019 lario
2056 2966 2305 3022 asceterii
2349 2965 2495 3021 beati
2545 2963 2866 3021 Theoderici
2916 2980 3085 3035 prope
3139 2965 3337 3021 Remos
3372 2978 3462 3018 an.

1882 3056 2039 3111 1095.

1950 3145 2037 3200 IV.
2062 3143 2301 3200 Joannes
2337 3143 2358 3199 1
2376 3187 2390 3209 ,
2420 3158 2485 3198 cx
2516 3143 2707 3199 eodem
2738 3141 2978 3197 claustro
3005 3140 3240 3197 selectos
3264 3154 3464 3196 memo-

1880 3245 2034 3292 ratur
2060 3238 2203 3307 apud
2236 3235 2562 3292 Guibertum
2588 3235 2654 3289 de
2685 3234 3005 3303 Norigeuto.
3037 3232 3138 3287 llic
3162 3232 3249 3285 vix
3274 3231 3469 3301 adepto

1880 3328 2145 3398 regimine
2185 3327 2239 3382 in
2290 3336 2493 3382 terram
2549 3334 2797 3381 sanctam
2843 3324 3120 3393 profectus
3162 3332 3287 3390 est,
3340 3336 3466 3378 cum

1884 3418 2007 3471 aliis
2034 3417 2346 3481 abbatibus,
2373 3415 2638 3479 eremitis,
2686 3423 2744 3470 et
2774 3412 3024 3477 reclusis,
3048 3413 3140 3481 qui
3183 3410 3470 3467 domiciliis

1880 3509 1994 3564 suis
2018 3522 2122 3562 non
2160 3506 2295 3562 satis
2320 3505 2601 3575 sapienter
2635 3502 2843 3559 relictis
2867 3542 2884 3567 ,
2931 3502 3009 3557 ire
3038 3502 3183 3555 viam
3212 3514 3470 3571 perrexe—

1882 3608 2028 3664 runt,
2061 3600 2138 3654 ait
2165 3597 2462 3655 0rdericus
2502 3594 2697 3652 Vitalis
2727 3596 2802 3650 De
2832 3594 3030 3650 itinere
3077 3591 3469 3663 Hierosolymi-

1883 3700 2028 3744 lano.

1956 3779 2019 3834 ν.
2058 3778 2233 3835 Guido
2264 3778 2313 3843 l,
2346 3777 2659 3849 paciﬁcavit
2707 3792 2832 3834 cum
2873 3774 3098 3832 Nicolao
3144 3775 3365 3831 domino
3401 3774 3470 3829 de

1883 3871 2162 3940 Rumigni,
2186 3888 2289 3943 pro
2316 3872 2545 3928 decimis
2572 3871 2816 3942 ejusdem
2846 3869 2948 3924 loci
2979 3884 3121 3924 anno
3147 3868 3305 3922 ll00.
3335 3866 3470 3922 llnic

1885 3961 2164 4018 Manasses
2217 3961 2259 4016 ll
2294 4003 2310 4027 ,
2360 3962 2808 4032 archiepiscopus
2860 3958 3171 4024 ltemensis,
3230 3958 3474 4013 decimas

1884 4055 2087 4111 Montis
2134 4053 2334 4110 Valesii
2394 4054 2666 4110 concessit
2696 4054 3057 4107 instrumento
3092 4049 3364 4113 confecto,
3414 4064 3466 4102 vt

1870 4146 2257 4221 pontiﬁcatus,
2284 4148 2425 4215 quod
2454 4146 2535 4201 sic
2566 4145 2762 4214 incipit
2807 4162 2821 4197 :
2872 4162 2891 4194 ι
2924 4142 3123 4197 Curam
3152 4156 3252 4195 nos
3280 4155 3470 4210 gerere

1882 4251 2214 4307 pauperum,
2281 4245 2337 4292 et
2386 4235 2713 4306 episcopalis
2765 4234 3009 4302 exposcit
3067 4230 3361 4291 sanctitas,
3413 4236 3470 4282 et

1885 4327 2083 4381 anima:
2120 4324 2284 4380 simul
2332 4325 2528 4379 invitat
2575 4324 2803 4386 utilitas,
2852 4330 3121 4391 quatenus
3142 4319 3295 4389 juxta
3327 4319 3470 4386 Apo-

179 4410 254 4465 ab
274 4409 487 4479 origine
515 4411 826 4478 exstiterat,
860 4411 1110 4481 exemplo
1137 4412 1400 4481 regalium
1438 4411 1773 4466 abbatiarum
1810 4454 1858 4512 Β
1883 4418 2062 4473 stolici
2124 4432 2309 4472 vocem
2343 4457 2359 4482 ,
2425 4416 2506 4471 sic
2578 4416 2792 4470 illorum
2824 4413 3061 4485 inopiam
3108 4420 3294 4465 nostra
3341 4425 3470 4479 Sup-

178 4502 338 4569 regni
382 4499 654 4567 Francire,
688 4502 741 4556 in
791 4502 1047 4557 omnibus
1078 4501 1355 4567 iunovata,
1393 4501 1519 4558 huic
1552 4518 1782 4575 congre-
1810 4499 1853 4512 “’
1883 4509 2030 4581 plcat
2067 4507 2423 4573 abundantia,
2465 4515 2522 4560 ut
2551 4521 2618 4561 ex
2656 4506 2874 4559 illorum
2915 4503 3250 4558 abundantia
3283 4512 3468 4558 nostra

179 4592 424 4662 gatioui,
469 4594 795 4649 auctoritate
826 4594 1024 4649 summi
1062 4594 1338 4663 pontiﬁcis
1383 4603 1599 4660 ercetze,
1627 4594 1780 4649 unita

181 4684 285 4747 sit,
309 4683 395 4737 cui
428 4700 750 4756 prosperum
776 4697 832 4743 et
865 4685 1081 4743 felicem
1124 4700 1439 4743 successum
1469 4701 1777 4759 precamur.

175 4777 473 4831 Craterum.

535 4867 758 4923 Abbates
790 4869 1119 4939 pra'fuerunt
1150 4869 1250 4923 hac
1276 4886 1429 4925 serae.

253 4959 297 5013 l.
343 4958 670 5023 Gervasius,
704 4960 959 5015 fundator
999 4961 1225 5016 illustris
1252 4972 1308 5016 et
1343 4962 1551 5031 primus
1583 4962 1774 5029 abbas,

175 5051 327 5107 rexit
359 5051 749 5105 monasterium
780 5069 875 5121 per
902 5063 1162 5109 externos
1194 5065 1581 5123 procuratores
1607 5072 1778 5125 quan-

173 5148 275 5201 ditt
301 5146 462 5209 vixit,
507 5155 566 5199 nt
604 5155 726 5201 erat
764 5150 1101 5203 consuetudo
1133 5148 1292 5216 hujus
1335 5148 1536 5203 smcttli.
1580 5150 1650 5209 At
1696 5150 1779 5203 ina

170 5247 333 5293 certa
386 5238 635 5311 quadam
708 5240 965 5293 abbatum
1032 5242 1204 5297 series
1259 5241 1415 5297 nobis
1475 5243 1774 5313 Remigium

169 5330 507 5399 quemdam,
536 5338 591 5384 et
621 5343 740 5397 post
774 5331 917 5385 hunc
944 5331 1279 5399 Albericum,
1307 5342 1362 5387 et
1388 5333 1678 5389 chricum
1708 5351 1774 5390 ex

168 5419 430 5474 claustro
455 5417 780 5491 Remigiano
805 5421 1174 5477 emendicatas
1198 5423 1492 5478 obtrudere
1519 5432 1781 5493 conatur,

168 5509 273 5567 sed
332 5510 458 5565 ﬁcta
506 5520 560 5566 et
591 5511 835 5568 fabulosa
882 5521 983 5574 est,
1027 5529 1149 5569 cum
1202 5515 1437 5569 abeunte
1489 5515 1772 5582 Gctvasio,

164 5619 285 5658 non
344 5612 453 5656 tam
512 5605 822 5658 monasterii
881 5604 1044 5658 facies
1104 5604 1385 5659 innnutata
1450 5607 1569 5670 sit,
1610 5622 1773 5676 quam

163 5692 442 5765 dissipata
476 5694 845 5765 congregatio,
889 5704 940 5751 et
975 5694 1181 5751 incuria
1222 5696 1303 5751 vel
1334 5711 1549 5752 recessu
1579 5712 1775 5768 procu-

1884 4601 1937 4655 in
1963 4599 2149 4655 futuro
2175 4598 2490 4668 suppleatur
2512 4596 2691 4666 inopia
2723 4593 2807 4666 (11
2832 4594 2957 4649 Cor.
2986 4607 3104 4656 vm,
3128 4590 3238 4663 li).
3268 4610 3287 4644 ι
3318 4589 3469 4646 Prat-

1881 4693 1984 4747 l’nit
2017 4700 2251 4761 quatuor
2285 4689 2465 4743 annis.

1955 4784 2042 4839 Vl.
2064 4783 2338 4839 Jorannus
2357 4782 2409 4836 in
2434 4778 2768 4836 monasterio
2794 4777 2980 4833 Sancti
3005 4776 3206 4833 Nicasii
3230 4791 3260 4831 a
3285 4775 3469 4845 pueris

1878 4881 2165 4943 educatus,
2200 4884 2256 4930 et
2284 4875 2549 4930 tenaciter
2594 4870 2958 4928 observantiae
3006 4868 3240 4941 regulari
3290 4867 3469 4922 adlue-

1881 4984 2007 5024 rcus
2032 5008 2046 5034 ,
2098 4966 2266 5022 etiam
2310 4973 2434 5035 post
2463 4962 2672 5018 obitum
2701 4961 2977 5026 Gervasii,
3010 4959 3208 5015 meruit
3234 4958 3304 5013 ob
3329 4972 3468 5028 pra:-

1877 5060 2058 5117 claras
2083 5056 2288 5126 ingenii
2339 5057 2531 5121 dotes,
2573 5062 2629 5109 et
2655 5052 2952 5123 singularia
2981 5049 3207 5114 merita,
3235 5047 3302 5111 ad
3334 5061 3469 5116 pne-

1877 5151 2136 5220 positurze
2170 5147 2490 5218 dignitatem
2518 5145 2720 5216 primo,
2762 5153 2874 5198 tum
2903 5143 2971 5197 ad
3002 5138 3327 5196 abbatialem
3351 5154 3471 5207 pro-

1879 5241 2111 5305 moveri,
2144 5254 2308 5309 quam
2336 5238 2419 5293 sic
2453 5236 2800 5291 laudabiliter
2830 5233 3021 5305 gessit,
3068 5239 3128 5286 ut
3171 5230 3295 5285 aliis
3324 5238 3471 5284 esset

1877 5344 2040 5391 recta:
2090 5335 2213 5389 vitae
2262 5331 2573 5401 speculum,
2612 5337 2667 5384 ct
2715 5326 3011 5384 salutiferae
3037 5322 3469 5381 conversationis

1876 5425 2210 5495 exemplum.
2236 5421 2392 5476 Hunc
2416 5419 2713 5487 Rajnaldus
2762 5416 3085 5486 archicpisc.
3108 5414 3276 5487 639
3308 5420 3468 5468 vocat

1884 5537 1901 5569 ι
1947 5517 2121 5571 virum
2158 5514 2471 5571 sanctitatis
2500 5510 2698 5568 merito
2734 5509 2989 5565 omnibus
3017 5508 3177 5562 bonis
3223 5504 3460 5560 imitabi-

1878 5606 2002 5661 lem.
2039 5624 2057 5658 ι
2109 5604 2186 5659 Eo
2242 5612 2483 5674 regente,
2525 5617 2591 5657 ex
2624 5599 2890 5656 asceterio
2914 5597 3204 5653 Nicasiano
3230 5595 3469 5666 insignes

1879 5694 1980 5749 viri
2028 5693 2389 5765 prodierunt,
2447 5692 2514 5748 ad
2554 5690 2857 5763 regularem
2915 5688 3254 5759 disciplinam
3313 5686 3468 5755 longe
