4032 6326
509 393 516 396 _
582 297 739 370 ἰι-17

1559 304 1652 359 AD
1677 303 1828 362 OPP.
1865 302 2016 360 VEN.
2050 300 2377 358 GUIBERTI
2405 303 2492 360 DE
2525 301 2920 363 NOVIGENTO

3722 312 3840 367 1113

602 425 816 494 lateque.
869 394 1316 492 propagandam;
1371 417 1514 471 inter
1567 432 1706 486 quos
1762 424 2173 487 memorantur:
2207 399 2489 472 Actorutn
2545 435 2609 474 ac
2659 419 3079 489 praecedentium
3131 416 3387 474 abbatum
3438 419 3492 472 in
3551 419 3842 492 Nccrolngio

601 515 780 584 Drogo
829 513 976 581 prior
1025 508 1346 573 clausit-alis,
1386 507 1479 578 qui
1512 508 1750 577 expulsis
1780 507 2104 565 monialibus
2147 523 2178 562 e

599 601 929 658 monasterio
973 599 1160 655 Sancti
1217 598 1438 653 Joannis
1491 597 1879 665 Laudunensis,
1935 609 2178 669 tempore

597 691 970 749 Bartholomtei
1025 691 1262 761 episcopi
1291 730 1306 755 ,
1359 688 1624 744 coloniam
1675 689 2062 744 monachorum
2123 688 2177 742 in

579 794 783 839 'carum
839 783 1017 838 locum
1053 782 1279 847 invexit,
1312 797 1545 851 quorum
1603 781 1720 851 ipse
1765 785 1959 835 ductor
1983 779 2086 834 fuit
2123 788 2177 834 et

574 874 805 945 primus
858 873 1070 938 abbas,
1131 881 1241 928 tum
1298 871 1592 927 cardinalis
1647 871 1960 937 Ostiensis,
2023 870 2177 940 cujus

592 972 771 1020 exstat
799 964 1025 1032 epistola
1067 965 1144 1019 De
1176 974 1521 1020 sacramento
1559 963 1854 1020 Dominicze
1886 965 2173 1034 passionis,

595 1062 725 1107 tem.
785 1052 824 1106 Il
877 1053 1222 1110 Bibliotheca:
1262 1054 1514 1120 Patrum;
1566 1055 1752 1109 Simon
1785 1065 2066 1123 reparator
2102 1055 2177 1109 la-

569 1157 703 1213 ‘pszn
749 1145 1118 1214 regularitatis
1155 1146 1209 1200 in
1259 1146 1588 1202 monasterio
1637 1146 1824 1200 Sancti
1861 1145 2066 1200 Nicolai
2111 1149 2176 1202 de

592 1233 804 1299 Bosco,
856 1236 1014 1306 cujus
1065 1237 1312 1291 meminit
1367 1237 1433 1291 D.
1495 1237 1806 1292 Bernartius
1861 1237 2019 1307 epist.
2070 1236 2171 1301 8'5;

591 1325 783 1378 beatus
834 1312 1174 1396 Arnulpbus,
1225 1337 1410 1396 postea
1470 1328 1764 1386 monachus
1799 1327 2176 1383 Cistcrciensis

593 1419 733 1484 apud
771 1417 1112 1487 Signiacnm;
1155 1417 1476 1472 Godefritlns
1519 1418 1647 1471 item
1681 1419 1828 1488 prior
1859 1417 1918 1474 S.
1952 1418 2172 1483 Nicasii,

579 1505 875 1576 agentibus
925 1506 1135 1560 Calixto
1174 1507 1209 1560 ll
1262 1516 1318 1562 et
1363 1506 1636 1562 Ludovico
1695 1508 1781 1570 Vl,
1838 1507 2170 1562 Francorum

501 1611 504 1614 ’
590 1610 744 1663 rege,
783 1597 1074 1652 translatus
1125 1596 1194 1650 ad
1239 1595 1298 1651 S.
1354 1596 1668 1652 Medardum
1703 1597 2172 1664 Suessioncnsem,

587 1700 688 1756 pro
729 1694 872 1740 statu
915 1687 1113 1758 regula:
1149 1688 1475 1756 reparando.
1519 1689 1593 1743 De
1618 1705 1724 1759 quo
1753 1688 1915 1752 etiam
1946 1688 2006 1744 S.
2039 1688 2173 1744 Ber-

507 1791 510 1794 '
587 1778 788 1833 nardus
818 1779 976 1848 epist.
1011 1779 1113 1845 66,
1153 1787 1216 1840 et
1245 1779 1334 1834 alii
1367 1780 1572 1850 plures.
1612 1780 1793 1834 Multis
1817 1781 1979 1834 etiam
2024 1780 2178 1834 auxit

585 1867 744 1924 bonis
810 1871 1199 1933 monasterium
1251 1870 1562 1932 Jorannus.
1632 1872 1814 1927 multis
1868 1873 2171 1938 altaribus,

587 1960 738 2016 cellis
761 2003 777 2028 ,
817 1978 912 2018 seu
944 1963 1297 2033 prioratibus,
1345 1973 1454 2024 tam
1502 1964 1556 2018 in
1593 1965 1698 2022 hoc
1725 1979 1892 2036 regno
1922 1980 2084 2034 quant
2117 1965 2170 2018 in

586 2051 873 2119 Flandria;
919 2052 1015 2118 sed
1041 2053 1254 2112 tandem
1295 2053 1487 2124 majori
1513 2055 1799 2117 devotione
1843 2055 2173 2116 intrinsecus

586 2151 762 2201 tactus
816 2145 1110 2212 abdicavit,
1163 2155 1224 2206 et.
1269 2147 1517 2202 ordinem
1566 2147 2046 2204 Carthusianorum
2084 2148 2170 2202 in-

569 2241 802 2310 gressus
852 2246 935 2292 est
969 2253 1060 2292 an.
1096 2237 1231 2296 1158
1256 2280 1271 2306 ,
1321 2249 1378 2293 ut
1426 2239 1626 2299 habent
1681 2257 1785 2296 ms.
1819 2241 2014 2296 Montis
2055 2241 2172 2307 Dei,

584 2327 675 2381 ubi
705 2343 764 2383 se
796 2337 904 2384 tam
942 2331 1204 2400 praeclare
1236 2332 1428 2402 gessit,
1469 2342 1528 2387 ut
1565 2334 1616 2396 in
1651 2349 1934 2388 numerum
1970 2351 2178 2404 purpu-t

583 2427 823 2476 ratorum
855 2430 1142 2491 coaptalus
1169 2422 1332 2478 fuerit
1365 2423 1432 2478 ab
1467 2423 1780 2478 Innocentio
1808 2424 2065 2484 secundo.

572 2513 574 2515 ’
655 2504 764 2560 VII.
808 2507 1058 2565 Nicolaus
1079 2510 1143 2576 Il,
1173 2511 1370 2582 legitur
1395 2513 1448 2566 in
1481 2513 1814 2567 chartulario
1842 2528 1984 2567 anno
2010 2515 2169 2568 1159.

584 2593 684 2650 1110
715 2595 930 2653 favente
947 2599 1106 2654 beato
1133 2599 1408 2658 Bernardo
1426 2603 1974 2674 obtinuitprioratum
2003 2605 2174 2659 beata:

585 2688 766 2760 Maria:
796 2692 968 2749 Castri
997 2695 1267 2763 I‘orciani,
1292 2714 1435 2754 anno
1459 2700 1618 2765 1145,
1650 2701 1784 2760 obiit
1803 2701 1873 2756 28
1896 2701 2170 2772 Septemb.

586 2782 744 2848 11-44,
809 2794 930 2855 post
973 2787 1281 2857 quindecim
1335 2807 1507 2849 annos
1534 2792 1884 2862 przelationis.
1923 2792 2077 2852 Iacet
2119 2794 2172 2848 in

582 2872 824 2940 prioratu
856 2878 921 2930 de
945 2876 1093 2932 Finia
1129 2894 1297 2950 prope
1325 2882 1553 2939 insulas.

658 2962 787 3017 VIII.
829 2965 1150 3024 Guillelmus
1177 2970 1419 3026 interfuit
1452 2973 1790 3031 translationi
1824 2977 2172 3048 reliquiarum

2281 509 2548 563 conscribi
2600 513 2831 578 curavit,
2887 519 2942 564 ut
2990 511 3242 565 monachi
3291 509 3421 579 ipsis
3471 511 3843 567 satisfaciendis

2281 599 2424 654 serio
2453 600 2856 667 incumberent;
2893 601 2987 656 sed
3014 615 3136 656 cum
3171 598 3397 669 justitize
3428 600 3665 654 consulit
3707 601 3844 670 proii-

2281 688 2458 743 xiores
2485 699 2678 744 cantus
2735 690 3058 754 inducendo,
3111 705 3176 744 ac
3223 704 3448 758 pensum
3502 689 3741 742 divinum
3772 705 3847 744 au-

2282 779 2478 846 gendo,
2507 795 2696 834 ansam
2743 781 2973 850 przebuit
3003 781 3313 836 remittendi
3347 780 3550 851 regula:
3580 781 3847 834 observan-

2282 871 2433 923 tiam.
2465 870 2566 925 Ilic
2606 873 2882 926 renovavit
2912 873 3227 927 societatem
3274 887 3394 926 cum
3428 871 3780 943 Remigianis,
3806 885 3848 928 et

2278 958 2413 1013 obiit
2449 960 2516 1014 I8
2553 959 2815 1015 Novemb.
2849 960 3018 1026 1221ς
3044 960 3191 1029 jacet
3219 961 3270 1014 in
3297 960 3556 1029 capitulo.

2352 1049 2488 1105 XVI.
2531 1051 2717 1105 Simon
2764 1053 2828 1106 de
2879 1050 3040 1106 Lion:
3095 1052 3423 1107 instauravit
3470 1051 3756 1106 ecclesiam
3796 1067 3847 1106 eo

2279 1144 2574 1208 Schemate,
2603 1159 2712 1214 quo
2745 1161 2886 1199 nunc
2916 1159 3024 1199 non
3065 1146 3183 1200 sine
3209 1145 3572 1200 admiratione
3603 1146 3846 1214 conspici-

2261 1243 2388 1300 ‘tur,
2417 1235 2469 1288 in
2500 1235 2672 1289 forma
2707 1237 2904 1301 crucis,
2929 1235 3142 1306 longam
3173 1236 3336 1306 pedes
3375 1234 3504 1299 305,
3551 1235 3714 1288 latam
3745 1235 3847 1299 150,

2279 1328 2442 1381 altam
2487 1345 2516 1382 a
2574 1329 2883 1398 pavimento
2935 1327 3000 1382 ad
3052 1328 3314 1383 fornicem
3339 1327 3432 1393 95,
3463 1327 3732 1382 columnis
3773 1341 3850 1382 seu

2280 1420 2401 1490 pilis
2427 1419 2701 1476 suffultam
2728 1419 2797 1474 28
2821 1437 2836 1486 ;
2868 1420 3055 1475 vitreis
3078 1420 3330 1474 fenestris
3358 1417 3852 1487 incomparabilibus

2276 1528 2342 1569 ex
2369 1514 2512 1567 dono
2556 1529 2740 1583 regum
2765 1522 2819 1567 et
2845 1527 3130 1584 procerum
3155 1513 3492 1577 decoratam,
3523 1511 3694 1566 choro
3725 1511 3850 1565 rario

2277 1617 2550 1656 marmore
2581 1611 2778 1668 strato,
2797 1601 2851 1656 in
2881 1617 2988 1671 quo
3009 1610 3136 1656 sunt
3156 1601 3344 1656 sedilia
3374 1616 3442 1656 ex
3467 1607 3701 1670 utraque
3723 1609 3850 1669 parte

2279 1692 2368 1748 76.
2400 1693 2585 1747 Simon
2612 1693 2830 1764 prtel'uit
2852 1701 2980 1750 octo
2995 1692 3175 1749 annis.
3198 1691 3350 1753 Jacet
3370 1694 3425 1748 in
3455 1691 3850 1761 claustrojuxta
3891 1703 3906 1714 κ

2255 1780 2592 1850 'capitulum.

2350 1875 2509 1931 XVII.
2533 1877 2720 1931 Simon
2751 1877 2812 1943 ll,
2840 1878 2903 1933 de
2930 1877 3258 1946 Dampierre,
3289 1878 3646 1934 nobilissimis
3674 1892 3851 1948 paren-

2278 1968 2442 2034 tibus,
2477 1970 2616 2023 rexit
2643 1969 2926 2024 duodecim
2957 1971 3138 2024 annis.
3188 1969 3286 2025 llic
3312 1969 3552 2026 obtinuit
3597 1969 3868 2026 licentiam.

2276 2060 2508 2130 augendi
2541 2076 2824 2116 numerum
2855 2061 3249 2115 monachorum
3283 2077 3458 2131 usque
3491 2061 3561 2116 ad
3591 2063 3853 2131 sexaginta

2276 2152 2344 2206 ab
2377 2151 2690 2206 Innocentio
2729 2149 2828 2216 IV;
2882 2152 3031 2222 jacet
3062 2153 3113 2206 in
3141 2153 3344 2228 capella
3394 2151 3639 2206 claustri.
3675 2152 3852 2204 Verum

2276 2240 2562 2296 deficiente
2621 2245 2797 2311 primo
2852 2241 3130 2313 religionis
3195 2243 3415 2308 ardore,
3475 2241 3659 2311 regula
3719 2242 3850 2295 novis

2276 2332 2757 2387 constitutionibus
2809 2332 3006 2388 vallata
3051 2340 3134 2386 est
3181 2347 3210 2385 a
3257 2331 3523 2402 Gregorio
3580 2330 3673 2394 IX,
3728 2346 3853 2383 anno

2281 2422 2438 2486 1255,
2463 2430 2517 2475 et
2548 2421 2772 2492 posthac
2804 2420 3026 2476 Nicolao
3055 2421 3144 2488 IV,
3176 2431 3232 2475 et
3275 2420 3572 2475 Benedicto
3601 2418 3710 2473 X‘Il.
3738 2419 3854 2486 Qui-

2277 2511 2376 2566 bus
2413 2515 2622 2580 priores
2646 2512 2906 2575 adauctze,
2951 2511 3110 2566 aliam
3156 2511 3368 2566 vivendi
3415 2526 3662 2566 normam
3693 2525 3840 2580 pepe-

2259 2591 2486 2656 :I'Ct'unl.
2545 2602 2656 2657 Imo
2686 2613 2740 2657 et
2775 2602 3018 2658 habitum
3060 2601 3359 2664 diversum,
3405 2611 3464 2656 ut
3492 2602 3714 2671 opinor;
3745 2618 3856 2656 nam

2278 2705 2476 2765 praeter
2522 2711 2676 2750 usum
2733 2695 2893 2750 bireti
2956 2694 3120 2754 etiam
3177 2694 3417 2749 alnmtiis
3491 2695 3662 2764 nigris
3711 2709 3854 2763 caput

2281 2796 2560 2852 texerunt;
2599 2788 2741 2856 quod
2800 2787 3051 2842 Clemens
3084 2786 3126 2840 V
3174 2785 3465 2841 conﬁrmat
3509 2786 3595 2840 bis
3647 2787 3852 2841 verbis:

2286 2901 2303 2932 ι
2332 2881 2588 2934 Almutiis
2609 2881 2948 2951 caputiorum
2978 2880 3097 2934 loco
3131 2879 3376 2933 contenti
3400 2879 3509 2932 sint
3543 2878 3805 2932 monachi.
3832 2897 3850 2929 ι

2350 2969 2536 3025 XVIII.
2580 2970 2765 3025 Simon
2794 2970 2880 3037 lll,
2910 2970 2975 3024 de
3009 2969 3409 3033 Marmoustier,
3439 2969 3772 3023 benedicitur
3795 2970 3860 3023 ab

580 3055 754 3112 sancti
784 3055 1051 3126 Gihriani,
1081 3063 1222 3130 apud
1255 3061 1513 3118 Sanctum
1540 3064 1986 3137 Remigium,sub
2017 3069 2248 3162 Sam-.C
2279 3063 2533 3132 episcopo
2602 3061 3004 3128 Snessioncnsi,
3073 3061 3200 3116 sede
3260 3061 3708 3130 archiepiscopali
3773 3074 3852 3112 va-

582 3161 714 3200 sonc
763 3149 1192 3221 archiepiscopo,
1247 3168 1432 3213 mense
1477 3155 1646 3225 Aprili
1684 3157 1836 3211 1145.
1901 3159 2056 3212 Rexit
2117 3161 2169 3214 in

581 3234 726 3288 Ollllti
763 3235 1008 3291 doctrina
1049 3249 1102 3293 et
1126 3240 1366 3298 bonitate
1399 3244 1571 3298 tribus
1607 3245 1783 3312 annis,
1813 3255 1871 3302 ut
1899 3246 2092 3318 legitur
2115 3249 2171 3303 in

581 3324 920 3400 Necrologio,
949 3330 1012 3386 21
1047 3332 1193 3390 Julii.

650 3417 741 3473 l-X.
787 3418 1020 3477 Ioannes
1057 3423 1098 3478 ll
1155 3417 1360 3496 recepit
1411 3428 1610 3482 bullam
1667 3429 1890 3500 Eugenii
1933 3430 2017 3496 III,
2072 3447 2169 3502 pro

579 3508 779 3563 unione
825 3512 1098 3578 prioratus
1136 3514 1310 3571 Castri
1370 3517 1642 3574 Porciani.
1695 3521 1842 3576 Obiit
1894 3523 1918 3577 1
1973 3523 2167 3580 Octob.

569 3594 740 3650 “58.
771 3595 927 3653 Jacct
971 3615 1138 3669 prope
1185 3603 1356 3658 altare
1387 3607 1627 3674 pulchra:
1661 3609 1896 3679 capelltc,
1931 3610 2088 3666 (11οιιο
2117 3611 2169 3664 Ia

592 3683 775 3751 Ver-de,
798 3689 897 3743 sub
925 3690 1126 3746 tumulo
1153 3692 1410 3766 lapideo._

650 3774 719 3830 X.
758 3779 932 3834 Guido
972 3779 1032 3835 ll.
1078 3781 1157 3836 Ex
1208 3786 1471 3848 monacho
1503 3787 1839 3858 Rcmigiano.
1873 3790 2006 3845 Vide
2055 3790 2170 3847 Sir-

579 3867 836 3921 mendum
859 3869 911 3922 in
938 3869 1089 3925 Notis
1119 3873 1185 3926 ad
1212 3873 1306 3928 lib.
1339 3891 1369 3927 v
1417 3875 1560 3932 Petri
1591 3877 1871 3934 Ccllcnsis.
1905 3879 2002 3934 llic
2033 3895 2166 3935 con-

581 3959 745 4014 traxit
773 3961 1086 4017 societatem
1112 3979 1235 4020 cum
1265 3965 1617 4037 Remigianis,
1649 3979 1704 4026 et
1735 3970 1876 4024 viam
1901 3971 2168 4028 universae

578 4049 760 4102 carnis
799 4049 1072 4118 ingressus
1109 4055 1240 4110 ests
1269 4056 1459 4113 Octob.
1483 4060 1639 4116 Il79.

648 4138 737 4192 XI.
777 4139 1002 4199 Pontius
1031 4157 1366 4202 memoratur
1393 4150 1680 4206 undecimo
1705 4149 1862 4205 Junii
1891 4151 1942 4206 in
1975 4167 2166 4207 necro-

576 4230 750 4301 logio;
785 4243 838 4286 et
863 4235 1076 4303 praefuit
1104 4238 1314 4296 duobus
1335 4241 1514 4297 annis.
1545 4239 1714 4312 llujus
1738 4245 1978 4298 nundum
2003 4245 2162 4299 dum-

576 4332 726 4378 taxat
755 4343 950 4382 nomcn
988 4329 1220 4385 invenio.

2279 3167 2458 3222 caute,
2490 3172 2630 3211 anno
2658 3155 2818 3210 1242.
2859 3155 2957 3210 1110
3003 3155 3473 3209 confirmationem
3514 3153 3853 3206 immunitatis

2275 3263 2304 3301 a
2331 3247 2498 3318 gestis
2526 3256 2581 3301 et
2604 3244 3078 3315 procurationibus
3102 3245 3334 3300 obtinuit
3358 3261 3386 3297 a
3418 3244 3854 3300 reverendissimo

2275 3337 2482 3392 Thoma
2514 3338 2580 3392 de
2613 3337 2898 3392 Beaumets
2927 3334 3250 3405 archicpisc.
3295 3351 3439 3390 anno
3473 3335 3636 3399 1219,
3664 3347 3715 3388 et
3743 3345 3864 3404 post.

2277 3426 2342 3480 14
2375 3441 2546 3491 annos
2591 3425 2870 3498 regiminis
2901 3426 3012 3480 fato
3067 3423 3284 3480 functus
3314 3434 3399 3479 cst
3440 3424 3472 3478 5
3514 3423 3691 3481 Nonas
3735 3424 3850 3480 Julii

2274 3519 2432 3576 19.54.
2783 3515 2786 3518 ’

2345 3608 2486 3664 XIX.
2524 3608 2803 3664 Gerardus
2827 3611 2892 3664 de
2918 3608 3146 3679 Cernay,
3181 3608 3264 3663 vel
3315 3607 3505 3679 σει-πει.
3559 3609 3620 3664 Εἰ
3666 3609 3848 3664 contir-

2274 3699 2440 3754 mavit
2492 3699 2772 3769 privilegia
2831 3699 3141 3753 Alexander
3197 3697 3286 3760 IV,
3363 3707 3419 3750 et
3469 3699 3738 3762 concedit,
3797 3707 3850 3750 ut

2273 3789 2468 3844 festum
2517 3788 2659 3843 beati
2699 3787 2897 3843 Nicasii
2940 3787 3255 3842 solemnitcr
3284 3787 3615 3852 celebretur,
3669 3799 3772 3840 tam
3822 3802 3850 3838 a

2271 3879 2419 3933 clero
2451 3894 2612 3948 quam
2663 3893 2693 3932 a
2754 3877 2952 3950 populo
2979 3878 3031 3934 in
3061 3877 3338 3948 provincia
3371 3877 3654 3942 Itemensi,
3701 3878 3848 3932 lnao—

2270 3970 2481 4025 centius
2511 3969 2798 4039 permittit,
2824 3967 2990 4040 640
3037 3979 3096 4022 ut
3139 3967 3373 4038 religiosi
3407 3979 3630 4035 possent
3671 3983 3846 4022 succe-

2271 4060 2401 4115 dere
2445 4060 2603 4114 bonis
2639 4060 2899 4129 paternis,
2942 4073 3042 4113 ncc
3090 4067 3315 4128 possent
3367 4059 3848 4125 excon'nnunicari,

2269 4159 2363 4205 aut
2389 4149 2666 4220 prohiberi
2703 4149 2982 4204 celebrare
3008 4149 3187 4204 divina
3216 4147 3388 4204 cilicia
3423 4160 3668 4220 tempore
3690 4151 3848 4204 inter-

2267 4243 2394 4299 dicti
2438 4242 2622 4312 januis
2660 4241 2876 4297 clausis.
2927 4241 3151 4296 Gcrardi
3197 4253 3442 4310 tempore
3487 4241 3552 4296 Iis
3585 4252 3724 4296 mota
3751 4250 3845 4305 est,

2265 4350 2366 4406 pro
2415 4334 2830 4388 conservatione
2869 4333 3130 4395 .clavium
3181 4343 3352 4402 portze
3408 4333 3668 4402 civitatis,
3739 4350 3848 4405 qua:

645 4414 758 4469 Xil.
802 4415 1130 4488 IIeginaldus
1155 4421 1359 4477 electus
1405 4423 1508 4478 rite
1533 4435 1588 4479 et
1629 4425 1946 4482 solemnitcr
1972 4443 2000 4482 a
2033 4441 2160 4484 con-
2192 4443 2239 4504 ο
2269 4425 2454 4481 Sancti
2487 4425 2680 4482 Nicasii
2714 4425 3009 4480 dicebatur.
3045 4423 3192 4480 Obiit
3220 4426 3282 4479 17
3318 4425 3442 4481 Maii
3483 4427 3644 4482 1265.

574 4505 834 4562 fratribus
871 4509 1156 4579 religiosis,
1183 4528 1325 4569 anno
1351 4515 1504 4568 1181.
1544 4517 1602 4570 Εἰ
1625 4518 1911 4573 confirmat
1943 4521 2160 4589 privile—

535 4599 540 4604 '
574 4594 661 4663 gia
691 4594 941 4652 Clemens
971 4598 1056 4663 Ill,
1087 4609 1142 4654 et
1171 4602 1404 4656 obtinuit
1431 4604 1685 4659 unionem
1731 4607 2005 4675 prioratus
2031 4607 2159 4663 Ber-

575 4683 847 4740 bacensis.
878 4688 1107 4744 Abdicat
1141 4706 1286 4744 anno
1315 4692 1484 4758 H95;
1512 4703 1658 4763 jacet
1686 4697 1739 4750 in
1764 4699 2015 4767 capitulo.

645 4777 778 4834 XIII.
821 4780 1103 4850 Galterus,
1169 4794 1292 4854 post
1369 4786 1764 4842 abdicationem
1807 4791 2159 4858 prmcedcntis

571 4869 796 4936 electus,
829 4872 928 4926 fuit
956 4873 1081 4929 vitae
1102 4884 1154 4930 et
1186 4876 1445 4931 doctrinae
1470 4877 1814 4944 venerabilis,
1841 4879 1994 4949 cujus
2015 4879 2159 4934 fama

571 4975 668 5030 per
715 4971 882 5017 totam
935 4965 1241 5034 percrebuit
1293 4966 1658 5033 Provinciam,
1692 4985 1854 5039 quem
1883 4970 2026 5040 apud
2062 4985 2162 5026 nos

569 5066 668 5108 sua
723 5054 1018 5126 loquuntur
1071 5071 1258 5125 opera,
1313 5073 1377 5113 ex
1419 5060 1643 5128 epistola
1694 5061 1924 5117 fratrum
1970 5061 2158 5117 Sancti

573 5143 799 5199 Amandi
845 5145 896 5198 in
925 5144 1148 5213 Pabulo,
1177 5149 1268 5218 qui
1296 5161 1352 5204 et
1396 5149 1544 5204 illum
1581 5152 1765 5206 statim
1809 5153 1861 5206 in
1907 5153 2159 5208 abbatem

571 5238 947 5306 postularunt;
989 5241 1130 5294 unde
1157 5243 1343 5310 paucis
1380 5243 1538 5299 annis
1566 5244 1796 5314 praefuit.

641 5330 780 5386 XIV.
809 5320 1151 5390 Illardcricus
1173 5335 1484 5390 nominatur
1512 5337 1564 5391 in
1592 5338 1850 5392 societate
1874 5338 2003 5394 inita
2033 5353 2157 5394 cum

574 5425 882 5481 rcverendis
905 5426 1166 5482 fratribus
1193 5427 1381 5483 Sancti
1403 5429 1655 5495 Amandi,
1685 5429 1838 5485 1195.
1865 5429 1964 5486 1110
1994 5432 2155 5486 etiam

570 5523 760 5581 sponte
789 5517 1079 5582 abdicavit,
1112 5532 1232 5590 post
1255 5528 1364 5574 tres
1392 5535 1563 5575 annos
1591 5521 1949 5590 praefectum.

643 5607 734 5664 XV
784 5610 979 5681 Drogo,
1025 5614 1117 5668 Dei
1165 5630 1351 5670 amore
1395 5615 1842 5686 ﬂagrantissimus
1871 5633 1935 5673 ac
1963 5618 2157 5673 litteris

568 5701 879 5759 liberalibus
919 5705 1161 5775 apprime
1207 5707 1470 5776 eruditus,
1515 5705 1886 5778 anniversaria
1930 5707 2153 5765 benefa~

2333 4515 2448 4569 XX.
2505 4514 2629 4568 Milo
2656 4514 2918 4569 Croissart
2942 4515 3158 4582 eligitur
3190 4531 3222 4568 a
3259 4513 3470 4571 Joanne
3517 4519 3584 4572 de
3625 4517 3844 4573 Courta-

2262 4607 2388 4663 naio
2415 4607 2826 4676 archiepiscopo
2849 4605 3122 4670 “emensi,
3153 4606 3270 4661 sine
3304 4609 3621 4677 prazjndicio
3651 4611 3843 4679 jurium

2261 4709 2317 4755 et
2343 4701 2612 4754 libertatis
2653 4698 2990 4762 monasterii,
3039 4708 3096 4757 ιιι
3140 4699 3252 4766 ipse
3277 4699 3519 4754 declarat
3576 4702 3626 4753 in
3667 4704 3842 4755 charta

2260 4792 2479 4861 proprio
2526 4790 2702 4860 sigillo
2755 4790 2981 4844 munita.
3025 4789 3517 4860 Pratl‘uitquinque
3565 4791 3740 4853 annis,
3799 4801 3846 4843 et

2260 4881 2394 4935 obiit
2415 4881 2487 4934 26
2519 4879 2768 4936 Octobris
2793 4879 2948 4934 1269.

2331 4971 2472 5026 XXI.
2516 4970 2753 5028 Joannes
2793 4971 2854 5025 lll
2877 4971 3054 5026 dictus
3093 4971 3160 5026 de
3197 4970 3401 5025 Sancto
3435 4971 3689 5026 Ferreolo
3716 4987 3845 5040 pne—

2262 5063 2361 5117 fuit
2399 5063 2561 5118 unico
2618 5077 2778 5117 anno.
2824 5058 3054 5114 Notatur
3135 5061 3188 5115 in
3232 5059 3559 5132 Negrologio
3613 5060 3673 5113 21
3735 5063 3840 5113 Au-

2260 5154 2420 5225 gusti.

2332 5245 2494 5299 XXII.
2537 5244 2830 5300 Guibertus
2855 5243 3382 5298 administrationem
3415 5245 3645 5314 sumpsit
3680 5244 3838 5300 l270;

2259 5337 2345 5391 hic
2368 5337 2581 5406 excepit
2615 5335 2922 5405 Philippum
2977 5345 3030 5389 et
3081 5333 3304 5388 Mariam
3360 5335 3603 5406 reginam
3652 5335 3702 5388 in
3749 5347 3840 5387 suo

2261 5430 2610 5493 monasterio,
2667 5429 2860 5498 quibus
2894 5427 3044 5482 valde
3075 5428 3272 5482 chartis
3315 5439 3452 5484 erat.
3517 5428 3838 5498 Recognovit

2259 5521 2529 5575 abbatiam
2560 5535 2682 5576 esse
2709 5521 2760 5574 in
2792 5519 3038 5591 guardia,
3085 5535 3178 5574 seu
3207 5521 3547 5588 protectione
3575 5518 3836 5589 archiepi-

2260 5612 2403 5681 scopi
2438 5612 2611 5678 128-1;
2647 5613 2779 5667 obiit
2815 5622 2936 5682 post
2973 5611 3037 5669 18
3068 5627 3240 5668 annos
3286 5612 3584 5683 regitninis,
3609 5613 3750 5684 jacet
3785 5613 3836 5666 in

2259 5704 2459 5776 capella
2489 5704 2736 5761 claustri.
