4032 6336
666 281 799 361 usi

1645 276 1736 331 AD
1773 275 1925 332 ore.
1958 275 2113 332 vnn.
2137 276 2464 336 GUIBERTI
2498 279 2599 335 ne.
2624 281 3035 340 NOVIGENTO.
3735 297 3824 360 ut,

733 391 845 449 XL.
887 387 1120 447 lacubus
1160 388 1255 455 111,.
1276 387 1498 457 loﬁ'rin,
1550 387 1775 444 ultimus
1803 390 2058 443 abbatum
2090 404 2246 461 regu-
2274 377 2319 431 Α
2352 393 2411 447 S.
2438 392 2667 449 Joannis
2698 396 2749 449 in
2774 394 2976 467 Burgo,
3003 395 3282 467 quondam
3302 394 3562 454 abbatiatn
3585 403 3825 475 menial'm,

669 482 864 536 hirium
894 521 908 547 ,
950 494 990 551 pa
1042 479 1231 537 multis
1282 479 1531 535 turbatur
1583 478 1636 532 in
1686 479 1912 548 pacilica
1960 480 2245 548 adeptione

664 572 945 644 dignitatis
992 571 1301 636 abbatialis,
1348 585 1515 640 quam
1558 570 1787 625 retinuit
1833 570 2101 624 duntaxat
2150 586 2249 642 per

664 669 859 723 decem
879 680 1079 729 annos,
1114 679 1395 732 nunquam
1426 663 1560 719 satis
1590 662 1890 718 laudandus
1914 677 2012 732 pro
2040 663 2106 718 iis
2127 678 2247 733 quae

663 760 920 830 pmclare
943 759 1112 830 gessit
1137 758 1190 813 in
1219 766 1569 828 augmentum
1600 758 2091 814 monasteriizDies
2126 759 2246 814 ehi.-

665 861 755 919 tus
818 852 885 907 15
934 850 1177 907 Januarii
1237 851 1462 920 perenni
1510 850 1895 908 anniversario.
1936 850 2248 908 celebratur

666 942 827 999 1:530.

834 1088 835 1091 η
1097 1032 1326 1089 Abbates
1363 1034 1815 1089 contntendatarii.

736 1122 869 1179 XLI.
909 1123 1137 1180 Carolus
1161 1126 1253 1179 (les
1279 1124 1489 1187 Ursins,
1523 1126 1948 1195 protonotarius,
1978 1135 2039 1180 et
2064 1126 2248 1182 archi-

663 1214 931 1270 diaconus
955 1216 1290 1285 Campsnize,
1316 1217 1370 1277 in
1394 1216 1626 1271 ecclesia
1671 1217 1949 1283 Ilemensi,
1998 1218 2241 1272 nomina.-

665 1312 810 1361 tura
836 1319 961 1375 rege
1002 1306 1297 1360 secundum
1346 1305 1717 1370 Concordata;
1773 1307 1913 1361 rexit
1945 1322 2043 1375 per
2061 1308 2153 1372 38,
2192 1314 2248 1360 et

672 1394 891 1449 tandem
935 1395 1172 1461 abdicat,
1221 1396 1621 1465 permutatione
1656 1395 1795 1451 facta
1839 1397 2245 1461 abbatia‘,.cunt

666 1486 997 1556 pnioratibus
1048 1486 1239 1543 Sancti
1306 1487 1465 1544 Petri
1500 1489 1567 1544 de
1614 1489 1911 1557 Couciaco,
1953 1499 2008 1545 et
2059 1489 2244 1545 Situcti

667 1573 994 1631 Ibeobaldi-

736 1664 898 1721 ιω.
937 1665 1203 1722 Claudius
1228 1667 1293 1721 de
1318 1664 1478 1722 Gaiae
1506 1669 1804 1722 monachus
1833 1667 2030 1724 Sancti.
2047 1668 2244 1741 Diony-

668 1756 738 1812 sii
772 1757 826 1821 in
852 1757 1105 1813 Francia.
1132 1757 1509 1814 Juramentum
1545 1760 1798 1830 praestitit
1838 1761 2096 1817 Ecclesia:
2139 1761 2246 1816 Re-

664 1849 839 1902 mensi
864 1863 1051 1903 mense
1081 1849 1364 1905 Decembri
1395 1850 1553 1906 1568.
1586 1850 1687 1908 Hic
1717 1853 1888 1908 :edem
1920 1853 2245 1908 abbatialcm

666 1937 985 2007 ampliavit;
1054 1939 1376 1995 sacristiam‘
1412 1941 1601 1997 multis
1646 1943 1845 1997 ditavit
1880 1946 2245 2009 ornamentis;

669 2026 853 2092 factus
892 2037 1087 2098 postea.
1121 2032 1301 2088 abbas
1316 2033 1999 2103 generalisCluniacensis
2020 2036 2157 2091 obiit
2179 2037 2249 2092 23

666 2117 845 2173 Martii
875 2118 1033 2176 1612.

737 2210 921 2267 XLIII.
963 2211 1288 2268 Francisous
1334 2216 1405 2269 de
1450 2213 1609 2271 Ρανὶε
1638 2231 1668 2269 a
1705 2215 2073 2287 Lotharingia,
2106 2231 2245 2286 pra:-

666 2300 846 2357 fectus
875 2303 1058 2372 regius
1088 2305 1406 2360 nominatur
1433 2321 1465 2361 a
1497 2322 1623 2376 rege
1654 2308 1831 2372 16I2,.
1850 2309 1944 2362 sed
1982 2314 2247 2377 nusquam

667 2393 1068 2463 possessionem
1116 2396 1437 2451 canonicam
1484 2399 1731 2467 adeptus
1765 2408 1871 2463 est,
1924 2408 2249 2467 praematura

669 2494 848 2541 morte
879 2486 1129 2542 sublatus
1161 2489 1184 2543 1
1223 2487 1371 2543 Junii
1404 2489 1563 2545 1614.

738 2577 933 2637 μιν.
973 2578 1163 2633 Daniel
1201 2580 1269 2632 de
1312 2579 1649 2646 Hottenumt,
1664 2581 1803 2637 vitae
1821 2583 2019 2638 merito
2046 2590 2101 2637 et
2126 2596 2253 2651 pru-

669 2668 1253 2735 dentiaxenerabilis,
1275 2670 1675 2737 possessionem
1703 2670 1827 2725 iniit
1853 2686 2042 2725 mense
2075 2672 2249 2741 Aprili

670 2756 841 2824 1:616,
893 2759 1132 2829 resignat
1174 2760 1227 2813 in
1266 2759 1505 2815 favorem
1559 2760 1774 2816 IIenrici
1820 2778 1848 2815 a
1908 2761 2255 2829 Lotharingia

672 2846 836 2913 1626,
863 2862 928 2903 ac
954 2848 1175 2903 Palmm
1201 2849 1441 2907 Oratorii
1472 2850 1724 2907 sodalitio
1758 2850 2080 2920 pacatioris,
2113 2861 2255 2908 tran-

2350 483 2417 535 ad
2468 484 2628 538 unius
2677 486 3001 541 sacerdotis.
3030 486 3557 544 administrationem
3599 494 3826 561 redactam,

2348 576 2650 643 praebendis
2671 577 2952 633 duodecim
2977 578 3280 649 insignivit.
3302 596 3320 628 ι
3355 577 3547 634 Deinde
3566 584 3827 655 paulopou:

2353 684 2383 717 ι
2403 665 2662 721 Elinandu
2691 670 2955 723 successit
2978 668 3341 739 lugclrannus
3356 671 3419 724 in
3439 673 3752 743 episcopatu.)
3772 682 3829 738 se.

2350 756 2531 827 pullus
2549 756 2696 825 jacet
2724 758 3040 815 in.ecclesia
3066 759 3125 814 S.
3150 760 3433 817 Vincentii
3465 762 3681 816 Laudun.

2418 845 2509 915 (⁸⁸)
2552 845 2682 901 CAP.
2733 846 2822 902 lll.
2866 878 2938 889 —
2976 848 3341 919 Ingelramms
3395 851 3578 905 scilicet
3620 851 3831 914 Butuntis.

2346 935 2721 990 Cousuleudus
2755 937 3013 993 Andreas
3044 940 3339 995 Duchesne
3370 940 3505 993 llist.
3534 940 3829 1001 Codiciacdib.

2346 1038 2421 1086 vt,
2444 1010 2835 1099 cap.2;6ﬂ2
2866 1036 2933 1080 et
2949 1026 3319 1098 probat.pag.
3341 1027 3445 1080 517
3464 1037 3515 1081 et
3531 1042 3631 1097 seq.
3650 1031 3722 1099 qui
3741 1048 3831 1089 con-

2346 1115 2499 1184 plura
2527 1131 2593 1170 ex
2625 1114 2889 1171 Guiberlo
2918 1128 3104 1173 nostro
3137 1118 3433 1172 mutuavit.

2418 1207 2508 1276 (⁸⁷)
2551 1206 2680 1261 luto.
2717 1206 2929 1277 Πυθίη-ἕξ
2952 1211 3155 1264 comitis
3184 1209 3491 1263 Porcensis.
3520 1209 3588 1264 De
3612 1225 3699 1280 quo
3720 1211 3831 1269 Histo-

2349 1298 2426 1351 nia
2469 1296 2870 1367 Luxembourg.
2915 1309 3142 1354 auctore
3164 1300 3285 1369 jam
3316 1300 3575 1371 producto
3597 1301 3830 1371 Ducbesuie,

2351 1405 2474 1458 pag.
2502 1390 2571 1443 5-1
2599 1406 2613 1453 ;
2646 1399 2697 1443 et
2729 1390 2943 1460 probat.
2972 1406 3093 1461 pag.
3125 1391 3217 1454 36,
3255 1391 3351 1446 58.

2332 1504 2341 1511 -
2419 1483 2510 1552 (⁸⁸)
2543 1482 2670 1540 Ιβιυ.
2708 1482 3005 1553 Godefredo
3029 1486 3231 1540 comiti.
3262 1485 3413 1541 ldetn
3466 1485 3716 1542 θυώδεος
3747 1487 3829 1545 locis

2349 1573 2552 1628 citatis.

2419 1667 2510 1738 (δ’)
2559 1665 2689 1721 Car.
2740 1664 2829 1719 IV.
2876 1695 2948 1705 --
2988 1664 3374 1720 Gualdericatm
3423 1665 3606 1735 eligunt
3640 1670 3831 1734 ᾳιαιάιι

2350 1758 2490 1827 regis
2526 1754 2830 1825 Anglorum
2876 1755 3322 1825 referendarium.
3353 1757 3429 1810 lta
3457 1758 3713 1811 canonicos
3742 1757 3827 1811 las

2350 1846 2720 1901 duneus'tsnbi
2750 1861 2952 1917 supra,
2976 1864 3083 1900 an.~
3112 1848 3276 1904 1112.
3314 1845 3682 1913 «Waldericus,
3704 1849 3827 1918 inquit,

2354 1938 2535 1993 fuerat
2586 1937 2803 1992 Ilenrici
2855 1938 3000 2008 regis
3054 1939 3357 2008 Anglorum
3417 1938 3740 2001 cancellaritts,
3781 1944 3827 1992 ut

2351 2030 2624 2094 insolens,
2655 2029 2708 2082 in
2741 2028 3049 2083 litteratura
3076 2030 3149 2083 uil
3176 2028 3373 2084 valens
3400 2029 3626 2094 omnino,
3650 2028 3827 2082 litteratos

2349 2121 2628 2190 deSpectui
2668 2120 2902 2186 habens,
2948 2120 3159 2175 milites
3190 2138 3362 2192 super
3416 2137 3597 2177 omnes
3634 2122 3824 2191 diligebat;

2349 2223 2642 2282 protervus
2672 2210 2773 2266 fuit
2798 2212 3005 2280 pariter
3029 2222 3084 2267 ct
3106 2222 3585 2283 praesoutpmosus.
3612 2232 3644 2263 ι-

2421 2303 2512 2373 l”)
2541 2302 2674 2357 Inito.
2717 2301 2794 2357 De
2826 2304 2976 2357 curia
3005 2314 3191 2356 contra
3231 2303 3721 2370 canoncsczpetitttr.
3744 2302 3823 2354 Cm

2353 2394 2387 2449 1.
2408 2405 2463 2449 et
2485 2394 2541 2457 '2,
2573 2393 2702 2447 dist.
2733 2392 2821 2454 51,
2852 2393 3122 2464 prrecipue
3157 2396 3375 2459 can..3,
3410 2394 3499 2448 sed
3518 2394 3823 2464 jurcritautire

2352 2483 2683 2538 Iladrianum
2707 2482 2809 2537 PP.
2834 2483 2942 2538 Lad
2967 2484 3255 2539 Constant.
3269 2495 3328 2539 et
3354 2486 3555 2539 lrenetn
3576 2486 3833 2545 scribarum,

2351 2574 2522 2629 multo
2553 2585 2683 2644 post.
2701 2574 2851 2629 med.
2896 2593 2913 2625 ι
2942 2573 3115 2630 Νιιιιίε
3160 2576 3367 2631 iterum
3416 2575 3625 2639 turbati,
3665 2590 3715 2628 ac
3743 2591 3820 2628 con-

2354 2666 2554 2720 turbati
2607 2680 2815 2730 sumus,
2863 2666 2993 2736 quia
3035 2681 3101 2721 ex
3140 2667 3413 2724 laicorum
3438 2668 3821 2732 ordiuc,ettmpe-

2355 2754 2581 2809 rialibus
2603 2754 2878 2824 obsoqpiis
2906 2758 3237 2825 deputatus”
3252 2765 3477 2827 repente
3495 2757 3558 2812 ad
3580 2757 3816 2826 ρειῑτίειτώδο

2355 2854 2439 2901 tus
2463 2846 2677 2902 culmen
2722 2846 2926 2902 electus
2955 2857 3061 2913 est,
3110 2856 3167 2901 et
3212 2848 3542 2919 apocalligus
3568 2858 3716 2902 multa
3735 2861 3812 2900 san-

670 2938 1201 3012 quilliorisqnevitae
1228 2956 1442 3007 amans,
1468 2956 1590 2998 sese
1622 2942 1850 3009 addixit,
1891 2942 1989 2997 ubi
2013 2952 2069 2999 et
2104 2959 2252 2999 mor-
2335 2947 2566 2993 .ctorum
2610 2953 2882 2995 canonum
2926 2953 3233 2995 censuram
3268 2940 3563 2994 factuscst
3593 2938 3825 3009 patriarth

671 3039 797 3086 tuus
820 3040 906 3087 est
928 3048 1073 3086 anno
1100 3034 1261 3089 1631.

742 3119 904 3177 XLV.
949 3121 1277 3179 Ilenricusa
1310 3122 1653 3193 Lotnaringia
1679 3125 2076 3194 possessionem
2106 3127 2253 3195 cepit

672 3211 1041 3280 personaliter
1061 3215 1125 3268 in
1145 3214 1382 3283 capitulo
1413 3228 1601 3269 mense
1645 3214 1784 3269 Maio
1822 3214 1982 3270 1626.
2015 3216 2092 3271 Eo
2118 3232 2249 3289 pro-

671 3300 862 3366 bante,
896 3302 1145 3359 seniores
1176 3303 1671 3359 monachivetcris
1706 3302 2003 3375 disciplina:
2046 3305 2254 3377 aliqua-

674 3401 837 3451 tenus
890 3394 1067 3465 lapsa
1107 3397 1436 3452 renovandis
1481 3397 1693 3467 gratia,
1732 3398 2014 3454 duodecim
2045 3398 2254 3469 [Patres

674 3486 1118 3555 congregationis
1158 3489 1342 3543 Sancti
1390 3487 1583 3553 Mauri,
1625 3505 1693 3549 ex
1740 3489 2013 3561 regalibus
2069 3505 2254 3547 mona-

676 3576 863 3633 steriis
905 3576 1097 3634 Sancti
1133 3578 1392 3635 Germani
1436 3594 1465 3634 a
1508 3578 1705 3642 Pratis,
1759 3589 1815 3636 et
1869 3579 2251 3637 Vindocinensi

674 3667 744 3723 ab
790 3667 1084 3723 admodum
1131 3671 1431 3725 reverenda
1478 3670 1643 3726 Patre
1693 3672 1972 3742 superiore
2012 3672 2252 3744 generali

674 3758 875 3812 domno
913 3758 1177 3830 Gregorio
1216 3759 1485 3826 Tarrisse,
1531 3776 1630 3829 per
1657 3762 1913 3816 donuuun
1961 3762 2253 3818 Columba-

676 3863 806 3901 num
853 3849 1089 3919 Regnier
1128 3850 1463 3906 visitatoretn
1506 3852 1806 3906 Provinciae
1846 3852 2100 3909 Francim
2125 3856 2250 3910 mis-

675 3952 784 4003 sos,
828 3938 969 3993 intra
1005 3949 1156 4010 septa
1195 3942 1513 3995 monasterii
1546 3942 1939 3997 humanissime
1971 3960 2033 3999 ac
2060 3945 2257 4001 libera-

676 4027 803 4082 liter
850 4041 1203 4098 exceperunt.
1241 4030 1342 4085 Cui
1384 4031 1461 4084 rei
1508 4031 1663 4086 serio
1697 4046 1794 4101 per
1830 4042 1995 4087 tutam
2025 4035 2254 4092 Galliam

2353 3038 2429 3094 et,
2451 3030 2595 3100 quod
2623 3029 2810 3084 dicere
2844 3030 3031 3099 pudet,
3076 3040 3133 3087 et
3171 3048 3343 3101 gravo
3378 3042 3551 3088 tacere
3581 3041 3671 3095 est,
3693 3031 3821 3098 quire—

2355 3121 2518 3193 gendi
2564 3121 2740 3177 adhuc
2774 3133 2831 3177 et
2867 3124 3094 3179 docendi
3135 3133 3284 3190 sunt,
3332 3127 3679 3181 doctoresncc
3700 3123 3820 3175 erube-

2352 3218 2511 3265 scunt
2564 3210 2780 3276 videri;
2848 3226 2951 3266 nec
3005 3220 3269 3268 metuunt.
3314 3217 3563 3270 ducatum
3612 3212 3818 3266 animatum

2355 3302 2695 3371 impudenter
2724 3317 3023 3371 assumere,
3052 3304 3253 3373 quibus
3284 3306 3374 3359 via
3406 3301 3823 3370 inomnibusiguu

2354 3393 2591 3457 doctoris
2618 3402 2735 3451 est.
2753 3392 2905 3460 Quod
2929 3408 3093 3463 quam
3120 3410 3385 3465 pravum,
3414 3407 3623 3464 quamve
3641 3394 3696 3448 sit
3716 3401 3817 3445 teme

2356 3484 2584 3549 rarium,
2629 3484 2883 3539 saaculari
2927 3485 3122 3541 ordine
3151 3495 3207 3541 et
3252 3488 3537 3556 disciplina
3571 3489 3818 3538 monstratu.

2357 3571 2491 3626 Nam
2523 3573 2637 3628 dux
2665 3574 2940 3631 exercitus
2986 3577 3215 3631 nonnisi
3247 3578 3438 3633 labore
3477 3587 3541 3633 et
3565 3573 3821 3630 sollicitudine

2354 3666 2596 3738 eligitur,
2641 3669 2830 3737 quales
2858 3668 3165 3723 animarum
3210 3669 3383 3724 duces
3419 3682 3536 3723 esse
3567 3666 3740 3736 possit".
3764 3662 3827 3727 (Ιυίλ

2357 3760 2411 3813 in
2428 3759 2774 3828 episcopatus
2794 3758 3007 3813 culmen
3034 3759 3325 3815 immatura
3345 3761 3563 3830 cupiunt
3578 3754 3819 3813 chIinalion:

2355 3850 2753 3904 conscendere?
2781 3868 2801 3902 ι
2828 3858 2937 3904 etc.

2428 3941 2519 4011 (")
2579 3939 2710 3995 lum.
2764 3938 2926 3996 Solus
2978 3941 3228 4011 magister
3251 3941 3561 4007 Aurelium,
3593 3930 3813 3992 elebat!“

2357 4031 2708 4101 prosequitur
2752 4029 3071 4087 Anseltnum
3094 4070 3123 4098 ν
3174 4033 3472 4088 canonicos
3509 4029 3589 4084 ille
3620 4026 3761 4093 sapius
3785 4022 3823 4071 in.

678 4117 1019 4185 incumbunt,
1058 4135 1124 4176 ac
1157 4120 1512 4176 aediﬁciorum
1546 4123 1960 4191 restaurationi,
1984 4141 2105 4197 qua:
2131 4143 2260 4197 pas-
2357 4124 2594 4179 medium
2651 4122 2928 4193 prolatus,
2984 4123 3111 4192 ejus
3152 4125 3459 4195 designans.
3491 4122 3648 4178 obitus
3686 4128 3813 4170 anum

679 4211 783 4267 sim
817 4210 1083 4267 imbribus
1122 4227 1188 4268 ac
1228 4211 1377 4283 gelu,
1406 4227 1500 4269 seu
1533 4213 1701 4270 etiam
1730 4223 2010 4274 vetustate
2027 4230 2081 4274 et
2109 4235 2257 4275 com-

674 4303 1136 4361 mendatariorum
1164 4305 1371 4360 incuria
1405 4306 1710 4362 deformata
1730 4308 2004 4379 iacebant.

746 4394 877 4451 Post
923 4397 1321 4453 abdicationem
1370 4397 1589 4454 lienrici
1634 4415 1663 4453 a
1716 4399 2066 4472 Lotharmgia
2114 4415 2255 4456 anno

679 4485 838 4549 1615,
894 4485 1199 4543 Ludovicus
1258 4487 1375 4541 XIII
1437 4487 1773 4545 Francorum
1830 4507 1925 4546 rex
1983 4492 2254 4547 abbatiam

680 4574 869 4630 Sancti
897 4574 1101 4631 Nicasii
1132 4576 1310 4631 univit
1335 4578 1578 4647 capitulo
1612 4595 1785 4634 sacrae
1821 4595 1885 4635 ac
1921 4582 2118 4652 regalis
2165 4599 2255 4638 ca-

679 4666 833 4734 pellae
857 4667 1010 4721 urbis
1038 4667 1381 4734 Parisiensis,
1409 4670 1461 4724 in
1492 4670 1668 4725 locum
1695 4673 1977 4740 regalium,
2001 4689 2120 4743 qua:
2141 4690 2259 4745 per-

678 4758 863 4828 cipere
899 4756 1147 4812 solebant
1174 4768 1299 4827 post
1335 4760 1541 4815 obitum
1569 4761 1945 4832 episcoporum
1984 4765 2163 4833 regni;
2203 4774 2259 4819 et

679 4851 762 4907 sic
801 4852 1063 4907 hactenus
1098 4851 1353 4906 abbatum
1376 4853 1613 4924 catalogi
1645 4855 1769 4909 linis
1811 4856 1935 4911 erit.
1981 4856 2087 4911 Sed
2128 4858 2256 4927 quid

676 4944 830 5018 juvat
877 4952 958 4999 tot
998 4942 1288 4999 illustrium
1345 4944 1581 4998 virorum
1627 4945 1934 5000 nominibus
1983 4946 2259 5017 catalogos

679 5035 1133 5093 monasteriorum
1160 5035 1398 5098 onerari,
1422 5050 1546 5090 cum
1569 5035 1748 5090 studio
1774 5035 1956 5107 potius
1978 5036 2256 5108 vigilantis

676 5129 918 5199 pastoris
964 5128 1173 5196 optime
1207 5128 1422 5182 vivendi
1463 5141 1650 5182 norma
1676 5126 1910 5195 “ﬂoreat,
1961 5143 2124 5197 quam
2162 5144 2256 5185 eo-

678 5234 809 5276 rum-
838 5218 1013 5276 inutili
1063 5232 1129 5273 ac
1169 5218 1411 5273 fastuoso
1447 5225 1757 5272 stemmate.
1806 5217 2080 5273 Hactenus
2117 5219 2255 5274 idem

675 5312 770 5379 qui
805 5325 969 5380 supra
1005 5309 1325 5365 Guillo-lmns
1352 5309 1561 5364 Marlot.

1085 5402 1180 5457 AD
1217 5402 1476 5459 LIBRUM
1517 5400 1846 5459 TERTIUM.

754 5491 844 5561 (⁸⁵)
889 5490 1021 5548 Cn.
1051 5491 1114 5548 II.
1140 5516 1209 5533 ει-
1242 5488 1507 5547 Prwterea
1548 5490 1904 5556 Helinamlus,
1949 5497 2055 5546 etc.
2083 5490 2256 5548 Cano-

683 5581 840 5641 nicus
903 5582 1278 5639 Lauduncnsis
1338 5584 1393 5638 in
1450 5583 1721 5640 Chronico
1775 5599 1936 5638 manu
1987 5593 2251 5639 cxarato:

686 5691 706 5727 Α
745 5673 898 5727 Auno
929 5672 1140 5727 Ποσιιίηηὶ
1173 5673 1307 5729 109Ξ)
1336 5670 1630 5730 Elinaudus
1660 5674 1942 5743 cpiscopus
1969 5674 2254 5731 ecclesiam

2358 4213 2517 4269 1117..
2551 4231 2570 4264 ι
2593 4212 2852 4284 Magister
2890 4214 3184 4269 Anselmus
3218 4213 3654 4271 nominatissimus
3679 4206 3813 4262 Lindu-

2359 4305 2545 4360 nensis
2571 4304 2839 4370 decanus,
2862 4305 2916 4359 in
2946 4304 3256 4361 litteratura
3286 4308 3403 4362 suis
3440 4295 3817 4372 temporibasttulli

2281 4395 2655 4484 bsecundus,
2692 4398 2905 4449 morum
2945 4395 3258 4463 honestate,
3289 4408 3348 4452 et
3375 4395 3570 4453 consilii
3603 4388 3813 4484 maturitate

2361 4485 2688 4542 venerabilis
2711 4485 2869 4540 obiit.
2904 4485 3003 4540 llic
3034 4486 3150 4541 utili
3178 4488 3343 4558 style,
3372 4498 3427 4545 et
3452 4486 3612 4542 solerti
3637 4478 3810 4536 industria

2360 4575 2498 4630 inter
2526 4584 2725 4630 caetera
2782 4590 2949 4643 opera
2992 4590 3113 4642 sua,
3153 4579 3318 4633 etiam
3363 4578 3567 4633 Glossas
3589 4568 3813 4639 marginalts

2358 4678 2410 4724 et
2442 4667 2818 4724 interlineares
2839 4668 2891 4722 in
2911 4668 3170 4738 psalterio
3195 4670 3262 4725 de
3282 4669 3587 4726 autbenticis
3611 4659 3810 4732 expositio-

2362 4760 2525 4816 nibus
2580 4761 2799 4815 elimata
2852 4761 3124 4817 brevitate
3179 4763 3469 4817 ordinavit.
3502 4779 3523 4812 ι
3578 4756 3807 4811 Tribttunwr

2360 4854 2567 4919 pariter
2610 4853 2712 4910 insi
2756 4854 3152 4909 commentaria
3184 4854 3238 4909 in
3260 4853 3501 4915 Cantica.
3540 4860 3588 4905 et
3609 4849 3651 4902 in
3673 4845 3805 4911 Apoc:-

2361 4944 2580 5014 lypsitn,
2623 4958 2744 5013 qua:
2784 4958 2815 4997 a
2841 4944 3121 5000 nonnullis
3142 4944 3204 5001 Β.
3231 4945 3487 5001 Anselmo
3503 4935 3804 4999 Cantuariorum

2357 5035 2597 5105 archiep.
2628 5034 3023 5091 inscribuntur.
3779 5108 3800 5119 Ν

2430 5123 2627 5194 [lepori
2677 5134 2733 5180 et
2776 5126 3065 5196 epistolam
3118 5126 3187 5182 ad
3238 5127 3479 5184 abbatem
3522 5121 3573 5178 S.
3614 5118 3801 5173 ιιυῐοηικ

2356 5216 2646 5272 Leodiens.
2710 5231 2833 5285 qua:
2884 5230 2951 5272 ex
3009 5216 3098 5272 illa
3166 5217 3369 5288 ingenti
3429 5206 3802 5294 manuscrime

2358 5307 2701 5361 bibliotheca:
2749 5306 3036 5363 Beccensis
3098 5308 3252 5364 clade
3307 5308 3510 5369 evasit;
3559 5302 3672 5355 banc
3710 5298 3801 5344 eam

2360 5399 2704 5465 labefactant,
2738 5415 2804 5454 ne
2828 5416 2951 5454 cum
2985 5400 3106 5457 aliis
3134 5403 3387 5472 depereat
3414 5401 3464 5453 in
3497 5396 3644 5449 lucem
3662 5385 3799 5440 ἀθιιωδι

2742 5491 2982 5563 Epistola
3016 5495 3256 5563 magistri
3291 5490 3527 5548 Arminii.

2439 5604 2456 5635 ι
2491 5560 2802 5641 Venerabili
2847 5584 3029 5640 abbati
3070 5560 3136 5640 II.
3163 5586 3230 5640 de
3261 5585 3455 5641 Sancto
3480 5567 3711 5634 Lata-cutio

2361 5692 2560 5733 scmus
2607 5677 2826 5736 humilis
2854 5676 3001 5731 ﬁlius
3040 5676 3210 5732 Laud.
3258 5674 3494 5731 Ecclesia:
3526 5665 3713 5725 salulcm-
3742 5648 3795 5697 δι’
