4032 6326
153 342 280 396 illi}

149 453 366 509 dendnm
397 456 496 511 est,
530 448 761 506 domine.
794 468 810 498 ι
844 448 1092 503 etc.l"ide
1120 450 1255 502 inter
1286 450 1457 518 Opera
1481 448 1709 503 Ansclmi
1740 430 1787 489 Α

149 538 502 598 Lauduneusis
531 537 599 589 ad
630 554 716 590 an.
754 538 911 591 ΗΠ.

210 625 451 697 653-6
471 625 546 678 Ita
563 625 925 678 eruditissima
950 625 1184 679 Ansclmi
1204 624 1711 693 epistola,qu:edin-

148 717 253 771 tius
281 714 544 775 tenebras,
570 716 754 782 utpote
774 714 913 768 lectu
926 714 1258 784 dignissima,
1275 715 1498 783 patinon.
1513 714 1714 768 debuit.

212 809 384 874 Quam
414 806 643 874 turpiter
666 805 1090 871 hallucinentur,
1115 808 1205 876 qui
1236 807 1380 860 hunc
1402 806 1714 860 Anselmum

142 897 470 955 monachum
519 895 723 961 volunt,
766 910 831 949 ex
873 895 1122 964 superius
1166 895 1366 960 allatis,
1413 906 1469 950 et
1498 897 1565 951 iis
1599 911 1717 965 qua:

146 985 675 1046 scribitGuibertus,
722 985 1051 1054 relinquitur
1085 987 1227 1040 haud
1267 987 1406 1041 ullus
1438 986 1717 1041 dubitandi

142 1081 338 1133 locus:
368 1075 586 1129 errandi
623 1084 818 1129 autem
865 1092 1056 1131 ansam
1085 1079 1368 1147 praebuere
1397 1079 1577 1148 plures
1615 1079 1719 1133 hoc

150 1167 383 1224 Ansclmi
402 1166 652 1231 nomine,
674 1166 862 1220 eadem
887 1177 1206 1236 tempestate
1229 1168 1499 1240 insigniti;
1530 1183 1721 1235 lte.npe

151 1258 432 1313 Anselmns
462 1257 894 1321 Cantuariensis,
936 1258 1091 1327 cujus
1122 1258 1211 1311 ille
1248 1259 1462 1311 auditor
1490 1257 1719 1321 exstitit,

136 1356 201 1400 et
223 1346 509 1400 Ansclmus
531 1347 810 1400 exabbate
834 1347 893 1400 S.
927 1348 1198 1402 Vincentii
1231 1347 1404 1401 Laud.
1436 1348 1722 1417 episcopus

149 1434 530 1489 Tornacensis.

215 1525 536 1580 Tumulatus
577 1525 680 1579 fuit
723 1525 981 1594 magister
1017 1526 1304 1581 Anselmns
1338 1527 1391 1581 in
1432 1526 1721 1582 San-V’in-

134 1616 399 1671 centiano
441 1616 660 1686 templo.
699 1616 1043 1686 Epitaphium
1090 1616 1341 1685 sepulcro
1392 1618 1720 1688 insculptum

138 1706 310 1759 refert
347 1704 592 1759 Andreas
635 1705 937 1770 Dm-lresne,
960 1717 1078 1762 not.
1114 1710 1180 1763 ad
1208 1708 1563 1765 Abaclardum
1596 1726 1717 1780 pag.

146 1795 305 1860 1163,
340 1795 431 1863 qui
481 1796 813 1864 etpluribus
859 1797 1049 1850 ‘laudat
1103 1798 1349 1852 eumdem
1402 1798 1717 1853 Anselmnm

147 1887 273 1940 ibid.
318 1894 375 1939 et
411 1903 536 1955 pag.
581 1888 741 1949 1147.
792 1890 1153 1958 corrigendus
1193 1898 1371 1943 tamen
1398 1901 1483 1945 cst
1509 1890 1561 1944 in
1582 1891 1722 1945 cita-

132 1977 287 2030 dione
334 1976 580 2030 historize
627 1977 873 2032 canonici
929 1978 1243 2047 cujusdam,
1293 1994 1481 2034 revela
1514 1982 1720 2035 etenim

142 2075 331 2120 auctor
354 2082 651 2136 germanus
673 2082 701 2120 a
736 2069 893 2123 nobis
931 2070 1223 2139 evulgatnr
1262 2070 1564 2125 llermanus
1602 2087 1721 2125 mo-

134 2154 366 2208 nachus.
405 2155 538 2209 Vide
554 2156 915 2224 Appendiccm
952 2156 1018 2211 ad
1050 2158 1190 2212 ‘Vitae
1223 2156 1464 2213 Guiberti
1491 2159 1589 2213 lib.
1624 2175 1707 2213 ιιι.

242 2245 579 2299 Decanorum
618 2246 980 2301 Lauduneusis
1023 2247 1269 2302 Ecclesia:
1319 2249 1611 2320 catalogus.

205 2337 659 2406 Quandoquidem
711 2338 777 2393 de
826 2338 1082 2394 Anselmo
1127 2340 1331 2393 decano
1381 2338 1722 2393 Lauduneasi

124 2431 416 2499 attigimus
442 2428 1098 2494 nonnulla,et'Guibertus
1120 2431 1233 2500 ipse
1252 2429 1725 2499 atqnellermanus

122 2519 409 2589 plerisque
436 2520 490 2573 iu
512 2520 646 2574 locis
674 2521 921 2574 eumdem
953 2520 1088 2575 mire
1114 2521 1353 2585 laudant,
1376 2529 1431 2575 et
1454 2519 1522 2573 de
1543 2520 1726 2573 Eccle-

126 2610 212 2662 sia
242 2610 595 2663 Laudunensi
637 2610 804 2664 multa
836 2619 1104 2675 attexunt,
1154 2612 1296 2665 haud
1344 2611 1448 2665 erit
1492 2610 1723 2664 otiosum

131 2702 441 2772 catalognm
499 2702 741 2772 ejusdem
794 2702 1049 2756 Ecclesia:
1114 2703 1439 2757 decanorum
1487 2692 1722 2755 maxima

120 2804 283 2865 parte
325 2795 397 2849 ab
445 2796 605 2850 docto
634 2794 866 2848 Antonio
894 2794 1139 2856 Bellotte,
1182 2794 1272 2863 qni
1322 2808 1463 2847 nunc
1514 2791 1722 2846 dierum

118 2886 431 2941 decanatns
453 2885 711 2955 praeclare
748 2884 883 2954 gerit
913 2899 1069 2950 onus,
1120 2900 1185 2938 ex
1228 2882 1463 2954 antiquis
1510 2882 1726 2938 schedis

118 2976 438 3041 collectum,
471 2990 537 3029 ex
561 2975 891 3029 chartulario
920 2975 1262 3041 potissimum
1310 2973 1451 3044 quod
1485 2972 1722 3028 Iacobus

131 3066 197 3118 de
237 3065 436 3118 Treeis
486 3063 778 3117 eminuit-ns
820 3072 871 3115 et
919 3062 1330 3116 archidiaconus
1376 3060 1721 3115 Lauduneus.

115 3154 483 3223 postmodum
508 3154 573 3206 ad
611 3166 876 3206 summam
904 3151 1157 3206 Ecclesiae
1184 3151 1579 3222 praefecturam,
1605 3166 1724 3203 sor-

122 3247 257 3298 titus
284 3244 496 3298 Urbani
524 3241 587 3295 IV
628 3257 843 3302 nmen.
874 3253 956 3295 est
985 3250 1227 3307 evectus,
1252 3241 1450 3296 conﬁci
1482 3240 1719 3305 curavit,

120 3334 334 3386 nostris
380 3330 858 3385 observationibus
911 3343 1061 3385 more
1114 3338 1298 3385 nostro
1342 3329 1722 3384 concinnatum

121 3434 445 3475 aceensere.

195 3509 308 3563 Sed
338 3523 479 3562 vero
514 3522 634 3561 eum
667 3508 813 3561 nulla
858 3522 1080 3576 prorsus
1135 3508 1489 3563 vetustiorum
1536 3523 1725 3561 monu-

119 3608 440 3653 mentorum
478 3597 734 3653 Ecclesiae
781 3597 1152 3651 Lauduneusis
1202 3597 1423 3666 vestigia
1458 3596 1725 3666 reliquere

120 3692 292 3754 cives,
326 3690 465 3744 dum
519 3702 668 3741 more
697 3688 979 3754 duellium,
1023 3689 1189 3752 caede,
1229 3689 1510 3758 sanguine,
1562 3701 1725 3757 atque

123 3783 248 3850 igne
278 3781 606 3835 universam
634 3793 799 3848 prope
826 3780 1100 3834 civitatem
1138 3782 1480 3845 destruxcre,
1539 3791 1720 3835 vasta-

118 3886 274 3935 vere,
304 3871 776 3939 quemadmodum
801 3871 1122 3939 posteritati,
1149 3870 1439 3925 Guibertus
1476 3872 1551 3926 De
1602 3871 1723 3925 Vita

123 3977 249 4026 sua,
281 3962 386 4015 lib.
423 3976 511 4024 ιιι,
537 3970 592 4015 et
618 3960 926 4015 llerntanus
946 3960 1043 4014 lib.
1095 3977 1150 4015 vt
1210 3962 1284 4016 De
1333 3961 1610 4016 miraculis
1662 3962 1721 4017 S.

119 4051 309 4106 Mariae
332 4052 596 4105 Laudun.
628 4052 715 4105 ubi
739 4067 923 4120 supra,
965 4053 1236 4107 tradidere
1273 4070 1285 4105 :
1324 4068 1427 4106 non
1464 4054 1551 4107 hic
1605 4069 1721 4106 mo-

120 4157 315 4195 ramur
345 4142 687 4209 antiquiora,
717 4141 809 4194 sed
837 4141 1026 4195 medim
1052 4143 1498 4196 mtatisdnntaxat
1524 4144 1722 4212 scripta

115 4232 172 4285 iu
200 4230 484 4315 .texendo
540 4231 866 4284 decalmrum
920 4230 1155 4299 praafatze
1183 4232 1432 4286 Ecclesiae
1481 4233 1725 4301 catalogo

117 4322 432 4385 vestigare,
487 4334 679 4389 nempe
729 4319 1063 4375 cxordiuma
1100 4321 1295 4376 celebri
1330 4322 1421 4376 illo
1468 4322 1725 4391 magisn-o

115 4410 287 4465 Ansel
296 4425 395 4463 mo
437 4410 735 4478 capiemus.

1752 1770 1796 1823 Β

1749 3120 1793 3179 C

188 4519 232 4574 1.
254 4517 565 4574 Anselmus
617 4521 855 4577 deeanus
879 4531 932 4577 et
979 4522 1395 4577 archidiaconus
1424 4538 1584 4591 quem
1640 4524 1720 4579 sic

112 4611 490 4668 commendat
512 4608 803 4666 Guibertus
827 4612 1016 4679 abbas,
1048 4614 1495 4668 Dartholnmrcnm
1516 4617 1697 4684 episco

113 4716 247 4770 pmn
285 4702 545 4757 Laudun.
574 4702 849 4772 alloquens
877 4707 1140 4774 promtnin
1168 4705 1518 4759 adGencseos
1546 4723 1723 4760 mora—

112 4792 307 4847 lilatcs
352 4809 371 4845 :
417 4810 439 4842 ι
476 4792 673 4846 ludidit
699 4802 851 4847 tanto
875 4794 1012 4846 Deus
1034 4795 1192 4864 capiti
1220 4795 1352 4849 duos
1377 4794 1561 4849 oculos
1581 4796 1724 4850 side-

111 4885 273 4939 ribus
298 4886 594 4947 clariores,
624 4886 750 4939 dum
779 4901 811 4939 a
840 4885 1044 4939 dextris
1088 4887 1257 4941 habes
1282 4884 1589 4940 Anselmum
1645 4896 1723 4941 to-

114 4976 226 5029 tius
262 4975 462 5029 Latini
494 4976 642 5029 orbis
697 4975 1007 5043 magistcrio
1039 4977 1407 5044 praedicatum,
1436 4975 1589 5047 cujus
1613 4987 1722 5032 tam

107 5067 340 5120 sincera
375 5074 470 5119 est
497 5066 549 5119 in
576 5065 977 5134 Scripturarnm
1005 5082 1068 5121 ac
1100 5067 1219 5121 fidei
1248 5069 1546 5123 assertione
1572 5085 1723 5125 seve-

110 5157 278 5222 ritas,
312 5166 377 5211 nt
409 5156 597 5226 plures
612 5173 769 5212 veros
790 5158 904 5212 suis
923 5159 1178 5227 probetur
1200 5159 1535 5215 documentis
1558 5159 1724 5215 fuisse

104 5249 463 5311 catholicos,
492 5264 655 5316 quam
686 5248 986 5303 instituisse
1015 5251 1247 5318 potuerit
1276 5265 1539 5305 erroneus
1578 5252 1721 5319 quis-

103 5340 262 5410 piam
293 5324 579 5406 temporis
608 5337 764 5405 hujus
793 5340 1109 5401 lizereticos;
1160 5341 1477 5397 altrinsecus
1523 5341 1721 5395 Radul-

97 5433 305 5499 phum,
350 5450 372 5482 ι
410 5440 526 5484 etc.
563 5428 626 5484 Et
678 5430 771 5483 lib.
802 5445 860 5482 ιιι
913 5429 989 5483 De
1029 5429 1151 5485 Vita
1210 5447 1328 5496 sua,
1386 5447 1508 5503 pag.
1566 5434 1716 5487 498:

100 5537 129 5571 ιι
165 5520 455 5591 Magister
481 5520 729 5576 Ansellus
760 5521 840 5573 vir
868 5522 1032 5575 totius
1068 5521 1328 5586 Franciac,
1389 5526 1497 5579 imo
1545 5524 1719 5578 Latini

100 5612 266 5666 orbis
305 5613 510 5665 lumen
536 5611 588 5665 in
618 5611 927 5665 liberalibus
973 5612 1287 5681 disciplinis,
1316 5623 1369 5667 et
1420 5615 1721 5683 tranquillis

90 5702 397 5755 r'moribus.
456 5718 478 5749 ι
514 5700 671 5754 Plura
705 5702 754 5753 in
788 5701 930 5754 hunc
961 5702 1176 5757 modum
1207 5703 1347 5759 idem
1392 5714 1579 5760 auctor
1616 5705 1718 5759 loci

1268 333 1477 391 DOMNI
1500 334 1563 390 L.
1594 334 1935 391 D’ACllEﬂY
1974 337 2219 395 ΝΟΤλΕμ

3254 340 3393 399 Ilii"

1816 447 1963 501 citati
1991 466 2111 518 pag.
2144 451 2249 505 505
2275 462 2330 507 et
2350 452 2499 508 alibi.
2534 453 2667 509 Item
2695 452 2997 509 ﬂermanus
3052 453 3143 508 lib.
3185 471 3225 518 ι,
3266 442 3389 527 pag.

1815 536 1940 601 5‘28,
1964 548 2020 592 ct
2049 540 2137 593 lib.
2173 557 2256 605 ιιι,
2283 559 2408 613 pag.
2438 544 2566 610 558,
2599 545 2782 599 multis
2803 546 3050 601 laudibus
3074 546 3390 602 Anselmum

1816 628 2073 680 cumulat.
2118 631 2356 686 Auselmi
2404 635 2707 690 doctrinam
2754 637 3065 705 magniﬁeat
3122 636 3391 709 linpertus

1817 715 2114 772 Tuitiensis
2169 720 2306 774 libro
2357 723 2423 777 de
2469 724 2872 795 Otunipoteutia
2909 726 3026 792 Dei,
3084 730 3204 798 cap.
3238 730 3289 795 1,
3316 727 3393 785 'dc'

1815 808 2073 862 Anselmu
2100 810 2323 880 loquens
2348 811 2434 868 his
2460 815 2673 870 verbis:
2702 835 2722 868 ι
2752 817 3038 874 Anselmus
3072 819 3392 875 Laudunenc

1818 898 1896 952 sis
1918 897 2153 974 [.ncifer,
2191 920 2210 950 ι
2237 910 2368 967 ctc.;
2403 912 2455 956 et
2486 920 2605 972 cap.
2629 905 2699 957 26
2728 924 2741 959 :
2784 924 2806 957 ι
2839 906 2931 963 Ille
2953 908 3109 977 cujus
3156 909 3289 965 ﬁdes
3337 918 3395 964 et

1818 990 2042 1044 scientia
2071 1007 2183 1060 prae
2207 994 2422 1046 caeteris
2453 993 2596 1049 bono
2629 996 2889 1052 hactenus
2934 1014 3058 1053 cum
3114 999 3284 1055 odore
3334 1000 3388 1055 in

1820 1080 2059 1136 Ecclesia
2084 1082 2285 1137 Christi
2330 1082 2639 1147 fructiﬁcat,
2698 1084 3070 1143 Lauduneusis
3106 1089 3396 1145 Anselmus

1820 1183 1918 1223 sua
1943 1169 2080 1235 illos,
2109 1181 2168 1225 ut
2191 1174 2455 1227 veraciter
2478 1174 2861 1243 comperimus,
2912 1180 3234 1233 auctoritate
3267 1195 3389 1235 cor-

1821 1262 2057 1329 roborat,
2101 1283 2119 1315 ι
2172 1272 2277 1319 etc.
2325 1264 2569 1335 Denique
2620 1265 2713 1320 lib.
2768 1266 2867 1320 lin
2926 1267 3163 1336 regulam
3207 1270 3391 1325 Sancti

1821 1350 2264 1417 Benedicti,antc
2289 1355 2567 1420 medium;
2624 1356 2679 1410 in
2721 1355 2953 1410 Galliam
2991 1358 3237 1422 venisse,
3288 1350 3405 1428 quo

1822 1458 1943 1499 scsc
1969 1444 2110 1499 inter
2134 1456 2297 1515 atque
2316 1446 2658 1502 Gnillelmum
2685 1448 3132 1504 Catalaunensem
3156 1450 3393 1520 episcOp.

1822 1537 1889 1591 dc
1918 1534 2083 1590 libera
2114 1537 2206 1591 Dei
2237 1537 2515 1593 voluntate
2541 1538 2885 1603 conferrent;
2941 1539 3035 1594 sed
3080 1538 3395 1593 Anselmum

1823 1627 1870 1697 (ι
1912 1628 2102 1696 quovis
2150 1630 2426 1698 episcopo,
2480 1630 2690 1698 inquit,
2734 1629 3101 1696 lamosiorem,
3150 1631 3398 1698 quamvis

1825 1719 1939 1787 ipse
1959 1734 2062 1772 non
2093 1730 2235 1774 esset
2258 1721 2544 1789 cpiscopus
2580 1720 2625 1785 ι)
2648 1721 2737 1775 ubi
2767 1722 2957 1790 pedem
2983 1721 3037 1775 in
3069 1720 3394 1775 Lauduneu-

1820 1823 1936 1862 sem
1988 1809 2264 1863 civitatem
2323 1810 2632 1875 intulisset,
2693 1825 2713 1861 ι
2764 1809 3013 1865 ultimum
3052 1794 3396 1866 Ltrabentem

1822 1900 2073 1969 spiritum
2114 1919 2132 1952 I
2167 1902 2466 1970 reperisse,
2494 1900 2690 1955 innuit.

1895 1989 2136 2056 Denique
2161 1988 2474 2042 Ansclnnnn
2502 1988 2683 2043 ferunt
2742 2002 2953 2043 summa
2990 1987 3158 2043 animi
3197 1988 3407 2045 demis?

1823 2080 1974 2135 sione
2026 2082 2396 2150 episcopatum
2464 2078 2880 2136 Laudunensem
2936 2088 3160 2135 strenue
3236 2093 3431 2135 recu-'

1823 2186 1996 2226 sasse.
3402 2166 3405 2175 “

1893 2262 2225 2331 Snbscripsit
2240 2261 2443 2316 chartae
2464 2259 2839 2316 Bartholommi
2862 2259 3237 2317 Lauduneusis
3263 2261 3400 2314 datm

1822 2367 1968 2407 anno
2021 2351 2159 2405 1115
2200 2352 2339 2420 apud
2390 2350 2725 2405 llemerzenm
2781 2349 3037 2420 Augusta:
3083 2349 3406 2404 Vlromand.‘

1826 2442 2018 2496 iiIustr.
2048 2456 2171 2511 pag.
2206 2441 2326 2495 MO.
2359 2460 2377 2493 ι
2409 2440 2522 2510 Ego
2554 2440 2807 2495 Ansellus
2832 2440 2892 2493 S.
2948 2440 3131 2495 Maria:
3176 2440 3398 2496 Laudu‘

1821 2533 2010 2586 neusis
2031 2531 2389 2585 cancellarius
2417 2531 2581 2600 relegi
2611 2541 2666 2584 et
2696 2530 3017 2599 subscripsi.
3055 2548 3077 2582 ι

1896 2623 1937 2676 E
1968 2622 2171 2677 scholis
2218 2621 2569 2676 Lauduneus.
2600 2631 2814 2675 rectore
2844 2621 3121 2683 Anselmo,
3146 2620 3399 2691 permulti

1820 2712 2021 2767 eximia
2050 2711 2318 2775 doctrina,
2342 2712 2630 2779 sapientia,
2660 2711 2750 2780 qui
2773 2709 3003 2764 Galliam
3033 2696 3411 2775 illustrarunt,

1824 2803 2099 2873 prodiere;
2122 2817 2258 2871 quos
2287 2802 2429 2855 inter
2458 2802 2653 2856 Petrus
2688 2799 3040 2864 Abaelardus,
3082 2799 3403 2855 Guillelmus

1824 2893 1889 2946 de
1914 2892 2206 2962 Campetlis
2230 2892 2525 2945 archidiac.
2552 2890 2751 2953 Paris,
2783 2901 2906 2959 post
2926 2889 3210 2960 episcopus
3243 2887 3407 2942 Cata-

1822 2980 2067 3036 lanueus.
2108 3023 2123 3047 ,
2174 2981 2459 3035 Albcricus
2518 2979 2872 3034 Bituricensis
2916 2977 3356 3047 archiepiscopus
3382 3016 3401 3043 ,

1825 3070 2145 3125 Guillelmus
2182 3070 2564 3125 Cantuariens.
2615 3068 3080 3139 archiepiscopus,
3127 3064 3403 3120 Gilbertus

1826 3162 2152 3216 Porrctanus
2175 3160 2511 3215 Pictavensis
2537 3160 2847 3230 episcOpus,
2881 3158 3115 3229 Algarus
3160 3157 3279 3213 sive
3305 3154 3401 3211 Al-

1823 3253 2023 3324 gardus
2046 3251 2329 3307 Constant.
2355 3251 2663 3321 episcopus.

1890 3342 1947 3397 In
1975 3341 2295 3413 praefectura
2320 3342 2627 3398 scholarum
2650 3340 2916 3396 successit
2946 3339 3264 3410 Radulphus
3291 3338 3403 3393 An-

1822 3431 1973 3488 selmi
2002 3448 2314 3503 germanus,
2345 3440 2403 3487 ut
2435 3432 2588 3487 testis
2610 3440 2694 3486 est
2722 3430 3024 3488 llermauus
3043 3429 3139 3484 lib.
3163 3444 3223 3485 ιιι
3241 3469 3256 3495 ,
3281 3436 3401 3498 cap.

1821 3524 1896 3581 ιε
1933 3544 1953 3577 ι
2006 3525 2134 3581 Post
2165 3540 2369 3595 paucos
2406 3525 2523 3580 dies
2574 3522 2783 3594 (habet)
2832 3522 2916 3577 vir
2961 3520 3058 3576 Dei
3105 3519 3406 3577 Norbertus

1821 3615 2138 3673 Laudunum
2190 3616 2415 3671 veniens
2472 3615 2714 3670 scholam
2775 3614 3020 3682 magistri
3092 3610 3405 3683 Badulphi,

1822 3703 1917 3773 qui
1945 3720 2206 3774 germano
2233 3705 2491 3759 Ausclmo
2517 3702 2769 3758 defuncto
2790 3702 3408 3773 successerat,ingredi-
3432 3747 3436 3750 .

1825 3809 1936 3866 tur,
1982 3816 2001 3851 ι
2036 3806 2144 3852 etc.

1894 3888 1958 3943 ll.
1985 3889 2161 3943 Guido
2189 3902 2281 3943 seu
2331 3887 2492 3942 Wido
2519 3886 2585 3941 de
2622 3886 2795 3953 Anco,
2829 3886 2881 3941 in
2936 3884 3177 3941 Anselmi
3226 3884 3403 3939 locum

1823 3979 2080 4034 Sullectus
2105 3988 2189 4034 est
2223 3996 2236 4032 :
2275 3996 2293 4029 ι
2329 3979 2513 4033 [litate
2537 3979 2753 4048 quidem
2770 3976 3008 4048 juvenis,
3034 3976 3129 4032 sed
3164 3976 3407 4031 moribus

1824 4085 2012 4134 senex,
2044 4089 2063 4123 ι
2104 4069 2270 4126 refert
2301 4070 2525 4125 historia
2573 4069 2962 4137 manuscripta.
2994 4067 3126 4121 Item
3154 4082 3168 4119 :
3204 4083 3222 4116 ι
3274 4065 3404 4118 dum

1823 4169 1968 4214 esset
1995 4160 2233 4213 deeanus
2252 4160 2520 4213 castitatis
2543 4167 2776 4221 amator,
2803 4165 2859 4211 et
2906 4154 3261 4210 ecclesiastici
3290 4153 3409 4206 ulli-

1823 4251 1892 4304 cii
1917 4251 2165 4305 assiduus
2196 4249 2585 4318 frequentator.
2620 4267 2639 4299 ι
2676 4248 2920 4300 Deeanns
2949 4245 3155 4314 pariter
3207 4252 3265 4297 et
3313 4258 3405 4295 ar-

1826 4341 2178 4397 chidiaconus
2209 4340 2324 4394 fuit.
2352 4340 2467 4409 lpse
2493 4339 2575 4409 (ut
2600 4336 2782 4391 ferunt
2805 4335 3007 4390 charta:
3030 4333 3406 4387 Lauduneusis

1755 4431 2104 4513 DEcclesiae)
2170 4449 2189 4484 ι
2235 4431 2362 4484 fecit
2413 4438 2466 4484 ut
2515 4428 2942 4497 supprimeretur
2990 4438 3183 4478 munus
3230 4424 3404 4490 quod-

1828 4525 1950 4579 dam
1978 4523 2273 4593 praepositi,
2297 4521 2438 4591 quod
2468 4534 2662 4589 magno
2699 4519 2851 4575 oneri
2910 4524 3054 4592 esset
3082 4515 3182 4585 ipsi
3210 4514 3405 4569 Eccle—

1823 4614 1938 4669 size.
1978 4634 1997 4666 ι

1898 4705 2139 4759 Abbatize
2195 4702 2380 4758 Sancti
2456 4701 2724 4757 Vincenlii
2766 4699 3107 4754 Laudunensl
3158 4697 3392 4768 quaedam

1823 4797 2051 4851 contulit
2073 4796 2138 4849 ad
2170 4796 2311 4848 hunc
2333 4796 2570 4848 modum.
2608 4810 2627 4845 ¢
2670 4792 2781 4862 Ego
2813 4790 2974 4846 Wido
3000 4798 3203 4845 sancta;
3258 4788 3392 4842 Lau.

1824 4887 2082 4943 duneusis
2107 4886 2359 4943 Ecclesiae
2384 4886 2642 4948 deeanus,
2690 4892 2743 4937 et
2766 4892 2908 4937 totus
2936 4888 3256 4946 conventus,
3292 4888 3400 4934 etc.

1825 4976 2022 5033 Notum
2046 4977 2306 5045 facimus,
2329 4986 2464 5042 etc.,
2493 4976 2636 5045 quod
2681 4991 2804 5031 cum
2859 4974 2912 5029 in
2967 4970 3239 5028 territorio
3262 4971 3405 5026 villa:

1823 5078 2047 5134 nostra,
2088 5084 2251 5139 quam
2274 5069 2569 5124 Brisscinm
2595 5076 2808 5133 vocant,
2834 5082 3022 5121 versus
3042 5064 3401 5128 Mechaniam,
3425 5102 3429 5113 ι

1824 5157 1877 5211 in
1909 5159 2029 5212 loco
2055 5157 2145 5211 ubi
2171 5158 2371 5213 dicitur
2397 5157 2621 5228 Report,
2649 5167 2846 5212 terram
2878 5154 3133 5209 incultam
3169 5154 3372 5208 habere

1823 5265 1967 5313 mus,
1992 5249 2248 5303 Anselmo
2282 5250 2463 5304 abbati
2485 5259 2540 5303 et
2588 5249 2866 5303 monachis
2895 5248 2951 5300 S.
2989 5244 3258 5300 Vincentii
3308 5243 3400 5310 qui

1824 5339 1877 5393 in
1902 5340 2017 5409 ipsa
2040 5339 2321 5394 Mechania
2353 5348 2562 5394 curtem
2591 5355 2753 5394 uuam
2786 5337 3006 5401 habent,
3045 5336 3111 5390 de
3135 5345 3277 5389 terra
3300 5334 3405 5388 illa.

1823 5431 1956 5486 duas
1987 5441 2269 5486 carucatas
2299 5431 2365 5484 ad
2387 5444 2575 5485 omnes
2609 5429 2753 5499 rigas
2801 5428 2866 5481 ad
2898 5425 3188 5496 tcrragium
3240 5438 3395 5477 nouae

1822 5522 2020 5592 gerbae,
2043 5522 2115 5576 ita
2132 5520 2321 5588 libere,
2347 5523 2487 5577 sicut
2508 5529 2565 5577 et
2594 5521 2693 5591 ipsi
2719 5518 3113 5579 obtinebamus,
3137 5523 3403 5585 perpetuo

1817 5610 1941 5679 jure
1964 5613 2362 5676 concessimus;
2410 5612 2743 5681 etquoniam
2785 5609 3007 5680 praefata
3042 5607 3101 5661 Β.
3146 5604 3398 5675 Martyris

1827 5702 2064 5758 Ecclesia
2111 5704 2415 5772 specialiter
2444 5703 2698 5759 Ecclesiae
2738 5711 2936 5758 nostrae
2982 5698 3089 5754 lilia
3140 5711 3261 5752 esse
3314 5695 3393 5749 di-
