4032 6326
603 313 739 367 1135

1568 299 1657 354 AD
1687 297 1836 354 OPP.
1877 293 2027 350 VEN.
2059 293 2384 350 GUIDERTI
2421 293 2507 348 DE
2534 293 2928 350 NOVIGENTO

3714 295 3833 350 1159

600 418 897 488 gnoseitnr,
923 422 1094 467 ctnos
1126 407 1225 479 ipsi
1255 409 1308 461 in
1350 407 1464 478 ipsa
1505 407 1721 476 sepeliri
1761 416 2026 466 tenemur,
2058 419 2186 458 eon-
2216 387 2258 443 Α
2287 420 2529 462 nostrum
2589 424 2710 462 cum
2757 409 2972 478 prepria
3022 415 3242 461 vectura
3282 405 3604 468 conducent,
3660 408 3841 476 ipsique

601 509 862 562 cessimus
919 499 1160 570 ejusdem
1229 495 1485 552 Ecclesia:
1528 495 1788 551 fratribus
1828 496 2086 566 quidquid
2133 497 2183 548 in

601 593 856 650 Ecclesiis
885 589 1084 644 nostris
1118 588 1383 641 hactenus
1409 585 1814 654 acquisierunt,
1848 591 1904 637 et
1932 579 2188 653 deinceps

599 683 899 752 acquircnt,
947 687 1004 733 et
1068 675 1328 746 quidquid
1379 674 1616 744 episc0pi
1677 673 2061 727 Landnnenses
2108 672 2187 725 eis

598 775 958 836 contulerunt,
989 769 1074 825 vel
1103 769 1154 823 in
1186 777 1460 839 posterum
1485 764 1789 831 conferent,
1821 765 1985 820 libere
2016 767 2190 835 possin

602 867 857 922 dendum.
890 865 1090 917 Actum
1150 860 1203 913 in
1252 857 1488 928 capitulo
1527 866 1734 922 nostro,
1797 872 1938 910 anno
1977 856 2186 936 Domini

598 956 755 1012 1159.
801 974 820 1006 ι
875 952 952 1008 lta
1004 951 1417 1008 cliartularium.

675 1047 876 1101 Verum
924 1060 1047 1100 cum
1102 1042 1412 1111 sanctitatis
1461 1042 1577 1110 ejus
1633 1049 1687 1095 et
1735 1037 1995 1093 doctrina:
2044 1037 2187 1092 fama

595 1139 798 1208 ubique
835 1146 1174 1208 personaret,
1205 1134 1271 1188 ad
1313 1133 1678 1202 episcopatum
1735 1129 2186 1184 Catalaunensem

598 1244 746 1284 anno
814 1225 950 1280 1140
1013 1233 1108 1278 aut
1163 1221 1301 1276 1142
1348 1221 1662 1275 assumitur.
1711 1216 2054 1272 llermannus
2096 1216 2188 1286 qui

599 1333 762 1389 supra
795 1317 889 1370 lib.
924 1331 1004 1378 ιιι,
1039 1329 1157 1383 cap.
1183 1312 1309 1367 352.
1671 1305 1676 1308 ’

669 1409 754 1463 111.
784 1405 1071 1462 Gualtcrus
1095 1405 1161 1456 de
1187 1399 1506 1455 Mauritania
1523 1415 1665 1454 anno
1689 1397 1846 1453 “52.
1863 1397 1984 1463 llic,
2007 1412 2189 1451 exem-

603 1502 690 1572 plo
714 1500 967 1554 Ludovici
992 1497 1076 1553 Vll
1110 1497 1250 1566 regis
1275 1495 1726 1562 Francornm,qni
1746 1495 1835 1560 jus
1865 1507 2024 1544 omne
2046 1491 2189 1560 quod

602 1594 656 1646 in
692 1590 1053 1645 Molendinum
1093 1587 1414 1657 d‘Argentré
1468 1587 1722 1647 habebat,
1768 1583 2012 1638 ecclesia:
2047 1581 2190 1634 Prae.

602 1680 988 1736 monstratensi
1025 1678 1268 1741 dederat,
1298 1691 1420 1730 cum
1450 1675 1688 1744 capitulo
1726 1690 1824 1727 suo
1865 1673 1952 1740 jus
1978 1686 2190 1741 quoque

599 1786 756 1825 suum
801 1772 852 1824 in
887 1771 1206 1838 przcdictum
1237 1767 1600 1821 Molcndinnm
1625 1765 1874 1830 contulit,
1917 1779 1980 1818 ea
2025 1764 2193 1831 potis-
2225 1743 2267 1796 Β

601 1863 797 1916 simum
829 1862 896 1915 de
922 1875 1108 1925 causa,
1146 1879 1164 1910 ι
1199 1858 1350 1926 Quod
1373 1859 1516 1912 diota
1542 1857 1765 1912 ecclesia
1796 1858 2211 1922 Prtemonstrag

605 1951 776 2005 tensis
805 1950 872 2004 ab
909 1950 1039 2019 ipsis
1059 1949 1265 2003 decano
1289 1956 1342 2002 et
1371 1947 1606 2016 capitulo
1635 1957 1917 2016 procreata
1943 1956 2109 2011 esset,
2140 1956 2194 2000 et

608 2041 662 2095 in
693 2040 870 2095 medio
893 2054 1004 2094 sua:
1032 2039 1224 2094 domus
1250 2048 1310 2093 ut
1335 2039 1440 2093 ﬁlia
1469 2049 1734 2094 maneret.
1767 2058 1785 2090 ι
1825 2038 1999 2094 Verba
2031 2040 2194 2093 dona-

605 2133 767 2187 tionis
795 2146 937 2185 anno
960 2130 1099 2184 1149
1138 2125 1320 2184 facta).

670 2229 788 2297 Ipse
809 2227 974 2282 etiam
1004 2225 1408 2296 capitulumque
1449 2239 1514 2280 ea
1555 2224 1695 2280 bona
1740 2224 2032 2290 concessit,
2063 2240 2183 2294 quin

604 2315 1148 2372 Pracmonstratensis
1198 2314 1414 2368 abbatia
1459 2315 1699 2382 possidet
1741 2314 1792 2366 in
1849 2313 2192 2376 Valiscnrto;

603 2408 748 2476 quod
779 2415 929 2476 patet
954 2423 1020 2460 ex
1047 2405 1196 2460 hisce
1219 2403 1414 2458 litteris
1443 2404 1571 2456 anni
1604 2403 1766 2456 1155.

687 2515 706 2546 ι
739 2495 796 2549 1η
831 2495 1048 2549 nomine
1072 2501 1275 2548 sancta:
1300 2501 1352 2547 et
1381 2491 1670 2546 individua
1708 2489 2009 2544 Trinitatis.
2060 2485 2195 2556 Quia

607 2593 814 2650 natura:
835 2569 1110 2639 mutabilis
1133 2585 1382 2654 exigente
1406 2582 1923 2652 defectu,generatio
1955 2569 2198 2651 prmterit

603 2683 661 2728 et
686 2672 965 2742 generatio
982 2671 1222 2736 advenit,
1260 2672 1435 2740 sitque
1481 2679 1540 2724 ut
1569 2676 1808 2723 vetustas
1849 2669 2196 2736 oblivionem,

607 2762 810 2817 oblivio
842 2760 1213 2816 confusionem
1239 2761 1415 2830 pariat
1445 2768 1499 2813 et
1527 2757 1931 2813 contentionem
1950 2796 1966 2822 ,
2016 2771 2202 2812 neces-

609 2852 752 2908 sarie
777 2865 892 2906 mos
917 2849 1138 2905 inolevit
1168 2858 1227 2903 ut
1262 2849 1520 2904 beneﬁcia
1554 2849 1637 2904 vel
1685 2851 2084 2918 possessiones,
2117 2865 2198 2905 ec-

611 2943 898 2998 clesiarum
943 2942 1150 3011 scripto
1208 2940 1512 3006 tradantur,
1542 2950 1597 2996 et
1628 2943 2074 2997 transmittuntur
2132 2943 2198 2996 ad

2286 501 2639 553 conductores
2662 501 2767 553 duo
2794 501 2859 553 ad
2887 515 3128 564 currum,
3151 513 3294 551 unus
3316 498 3386 551 ad
3415 499 3637 553 rhedam
3655 538 3670 564 ,
3691 512 3750 553 ea
3773 500 3843 554 die

2285 591 2328 644 si
2363 590 2414 644 in
2455 589 2742 645 refectorio
2769 591 3164 646 ροιιιριίθιοὶιιιιιε
3203 592 3408 648 victum
3446 607 3480 645 a
3531 590 3686 644 nobis
3729 593 3845 644 acci-

2287 682 2453 750 pient.
2485 681 2872 736 Persolvnutur
2899 683 3061 736 etiam
3085 684 3242 738 nobis
3271 682 3550 737 annuatim
3592 696 3622 733 a
3650 679 3845 748 praefata

2287 771 2791 827 Praemonstratensi
2825 771 3069 827 Ecclesia
3098 774 3343 843 quinque
3369 771 3536 847 solidi
3563 771 3714 825 bona:
3757 785 3845 824 me

2288 872 2444 926 neue,
2463 877 2558 931 pro
2586 863 2816 931 quadam
2841 864 3091 933 portione
3124 874 3283 919 terrm
3314 864 3458 918 illius
3478 876 3601 932 qua!
3628 863 3844 930 prtescri-

2288 963 2377 1022 pta
2419 963 2522 1018 est,
2553 952 2621 1006 de
2645 968 2751 1022 qua
2783 953 2924 1008 inter
2951 969 3050 1008 nos
3081 965 3135 1009 et
3159 955 3462 1008 monachos
3520 952 3710 1007 Sancti
3742 953 3851 1006 Vin--

2288 1043 2450 1097 ceutii
2480 1043 2699 1112 querela
2729 1043 3040 1114 aliquandiu
3074 1046 3281 1108 habita,
3306 1054 3364 1100 et
3389 1045 3492 1098 sub
3533 1042 3852 1097 adnotatione

2288 1133 2526 1202 ejusdem
2548 1150 2744 1190 census
2767 1135 2942 1190 fuerat
2965 1139 3276 1190 terminata.
3301 1135 3599 1190 Sciendum
3625 1143 3852 1203 praetcrea

2291 1223 2431 1278 inter
2458 1240 2554 1279 nos
2578 1228 2896 1281 convenisse
2927 1227 3066 1294 quod
3096 1229 3138 1280 si
3176 1228 3430 1281 monachi
3464 1225 3655 1280 Sancti
3678 1224 3852 1280 Nicolai

2293 1315 2360 1369 de
2407 1317 2584 1371 Pratis
2630 1326 2831 1370 terram
2861 1318 2926 1370 de
2966 1317 3178 1372 Tuscis.
3215 1333 3382 1386 qnam
3411 1333 3441 1370 a
3467 1317 3630 1372 nobis
3658 1331 3856 1371 censua-

2291 1403 2414 1458 liter
2443 1413 2648 1468 tenent,
2700 1407 3150 1468 renuntiaverint,
3179 1406 3734 1459 Przemonstratenses
3773 1406 3855 1458 sub

2293 1495 2482 1547 eodem
2513 1508 2676 1548 censu
2702 1509 2809 1563 quo
2829 1504 2884 1548 et
2916 1496 3010 1558 illi,
3041 1495 3228 1565 viginti
3274 1493 3491 1548 scilicet
3530 1493 3724 1564 galetis
3763 1493 3853 1546 fru-

2294 1585 2460 1639 menti
2489 1586 2554 1640 ad
2577 1601 2882 1640 mensuram
2909 1587 3342 1650 Lauduncnscm,
3360 1601 3484 1641 eam
3509 1586 3789 1654 accipient.
3807 1587 3855 1640 Si

2295 1675 2417 1745 quis
2463 1677 2626 1747 igitur
2653 1693 2747 1734 eos
2771 1694 2933 1749 super
2960 1679 3046 1733 his
3077 1679 3486 1748 inquietaverit,
3509 1679 3603 1747 qui
3621 1677 3855 1747 justitiam

2294 1767 2704 1839 subterfugerit,
2729 1784 2828 1824 nos
2840 1784 2938 1839 pro
2960 1785 3147 1824 eorum
3173 1769 3692 1831 liherationc,etiam
3715 1785 3858 1837 usque

2293 1858 2360 1912 ad
2388 1858 2709 1914 Remensem
2739 1862 2945 1914 curiam
2973 1874 3095 1914 cum
3119 1875 3308 1914 eorum
3326 1859 3586 1928 expensis
3609 1858 3856 1914 laborabi-

2294 1958 2517 2015 mus,'ct
2548 1951 2591 2005 si
2623 1951 2831 2022 longius
2876 1952 2955 2006 ire
3003 1966 3227 2006 necesse
3276 1950 3462 2013 fuerit,
3495 1950 3774 2005 consilium
3818 1959 3860 2002 et

2293 2040 2554 2094 auxilium
2577 2041 2695 2097 sine
2715 2041 2967 2112 expensis
2996 2043 3198 2096 nostris
3222 2041 3630 2096 exhibebimus.
3666 2039 3718 2094 Si
3753 2054 3860 2093 vero

2296 2131 2706 2187 malefactorum
2727 2133 3056 2187 audientiam
3082 2131 3493 2197 subterfugerit.
3529 2145 3628 2184 nos
3653 2143 3768 2184 cum
3796 2130 3860 2184 eis

2298 2224 2545 2276 eamdem
2576 2222 2840 2292 justitiam
2864 2237 3024 2292 quam
3039 2222 3105 2276 de
3123 2221 3356 2290 propriis
3373 2223 3577 2274 nostris
3598 2219 3862 2274 redditibus

2305 2309 2483 2366 facere
2519 2312 2914 2376 consuevimus,
2942 2323 3326 2380 exsequemur.
3352 2309 3508 2375 Quod
3547 2318 3606 2362 ut
3628 2317 3796 2362 ratum
3813 2317 3861 2361 et

2299 2399 2670 2456 inconvulsum
2696 2408 3042 2470 permaneat,
3093 2407 3144 2454 et
3191 2399 3345 2468 prius
3377 2398 3601 2467 quidem
3643 2411 3734 2466 per
3781 2411 3865 2450 nos

2297 2492 2550 2558 prredicta
2579 2490 2752 2544 alodia
2778 2491 2878 2545 sub
2903 2488 3191 2559 praesentia
3227 2501 3284 2544 et
3317 2489 3633 2544 testimonio
3657 2488 3866 2542 circum-

2299 2581 3071 2636 manentiumterminavimus
3101 2591 3156 2635 et
3203 2581 3450 2635 ecclesiae
3502 2578 3866 2634 Prtemonstra-

2300 2672 2438 2726 tensi
2508 2673 2921 2740 assignavimus.
2984 2673 3226 2738 Quorum
3291 2672 3512 2725 nomina
3561 2670 3678 2724 haec
3715 2677 3866 2724 sunt:

2300 2761 2612 2817 Bernardns
2662 2763 2886 2818 Villicns
2944 2763 3010 2816 de
3053 2762 3355 2825 Menecles,
3415 2762 3695 2816 Wihertns
3747 2760 3872 2814 ﬁlius

2301 2855 2601 2910 Constantii
2635 2854 2876 2920 Siuvart,
2906 2855 3154 2925 Paganns
3185 2856 3250 2908 de
3299 2855 3478 2916 Derci,
3529 2854 3648 2909 Odo
3669 2852 3870 2916 Aldent,

2302 2945 2601 3001 Herbertus
2626 2946 2691 3001 de
2721 2946 2979 3001 Boisnero
3009 2953 3064 3000 et
3085 2946 3152 3000 de
3174 2945 3388 3007 Parem,
3415 2945 3535 2998 Ο.ῑο
3571 2944 3748 3004 miles,
3778 2943 3872 2996 ltu-

613 3036 861 3090 notitiam
888 3043 1252 3103 posterorum.
1285 3033 1360 3088 Ea
1389 3044 1615 3103 propter
1664 3049 1764 3105 ego
1820 3029 2071 3092 Galterus
2103 3037 2195 3090 Dei
2228 3077 2272 3137 C
2304 3040 2492 3094 hertus
2533 3039 2770 3106 villicus,
2793 3038 3096 3094 Richardus
3147 3047 3201 3092 et
3256 3038 3398 3091 ﬁlius
3426 3037 3574 3126 ejus,
3637 3035 3873 3090 Territus

615 3127 792 3197 gratia
821 3128 1034 3182 Sancta:
1065 3126 1246 3180 Mariae
1267 3125 1644 3182 Lauduncnsis
1661 3127 1919 3182 Ecclesiae
1939 3127 2197 3194 decanns,

617 3225 870 3286 totusque
909 3216 1130 3286 capituli
1163 3215 1338 3270 nostri
1368 3228 1689 3297 conventus,
1738 3227 1924 3272 notum
1962 3218 2079 3273 fieri
2111 3235 2207 3274 vo-

615 3309 816 3372 lumus,
847 3317 956 3363 tam
1000 3307 1200 3362 futuris
1232 3323 1393 3378 quam
1425 3310 1811 3377 pra-sentibus,
1836 3311 1978 3379 quod
2012 3323 2204 3366 contn-

617 3398 779 3454 limus
809 3399 1054 3454 ecclesia:
1086 3398 1588 3454 Prasmonslratensi
1624 3400 1726 3455 sub
1781 3401 1995 3455 annnali
2041 3417 2203 3457 censu

615 3489 792 3543 alodia
824 3490 888 3544 de
931 3488 1215 3544 Valescurt
1245 3505 1369 3545 cum
1422 3491 1751 3562 appenditiis
1798 3493 1944 3557 suis,
1998 3493 2208 3548 scilicet

617 3578 752 3631 silva
790 3578 858 3633 de
902 3577 1107 3643 Mcsloi,
1134 3587 1186 3633 et
1211 3578 1423 3634 cultura
1472 3595 1593 3649 quae
1621 3591 1706 3636 est
1749 3581 1803 3634 in
1852 3580 2090 3636 conﬁnio
2142 3583 2208 3637 de

617 3669 930 3738 Landerl‘ai,
976 3680 1033 3726 et
1061 3672 1270 3726 caeteris
1296 3673 1548 3728 omnibus
1593 3673 1956 3742 pertinentiis,
1986 3680 2042 3727 et
2071 3673 2209 3728 alta-

620 3763 699 3814 ria
722 3776 842 3813 cum
868 3761 1081 3816 dotibus
1117 3763 1250 3829 suis,
1277 3772 1334 3817 et
1373 3763 1619 3826 decimis,
1658 3772 1766 3816 tam
1831 3763 1883 3818 in
1935 3765 2208 3820 territet-io

620 3850 685 3903 de
710 3849 943 3906 Moncels
967 3867 1128 3920 quam
1168 3851 1235 3906 de
1284 3851 1454 3906 Murci
1502 3861 1558 3908 et
1601 3853 1668 3906 de
1699 3852 2005 3920 Valescurt,
2055 3864 2110 3910 et
2155 3855 2206 3908 in

621 3939 826 3992 eisdem
855 3939 990 3994 locis
1039 3935 1433 4011 impositionem
1481 3944 1822 3997 sacerdotum
1868 3943 2206 4011 idoneorum,

624 4042 762 4096 quos
795 4028 1048 4084 videlicet
1088 4031 1139 4085 in
1170 4033 1452 4102 praesentia
1487 4042 1672 4088 nostra
1701 4035 1974 4089 adducent
2001 4035 2210 4104 ipsique

625 4116 937 4174 ﬁdelitatem
1007 4121 1162 4177 nobis
1212 4121 1436 4190 facient,
1474 4125 1616 4194 quod
1664 4125 1906 4194 justitias
1959 4135 2206 4192 nostras,

625 4217 734 4262 tam
755 4211 1003 4278 proprias
1029 4227 1190 4280 quam
1213 4230 1530 4270 communes
1551 4256 1566 4281 ,
1589 4231 1689 4284 pro
1719 4232 1878 4286 posse
1928 4233 2027 4274 suo
2060 4227 2210 4274 tene-

623 4302 880 4367 bunt;ea
911 4303 1198 4373 siquidem
1261 4307 1596 4372 conditione,
1627 4311 1770 4377 quod
1820 4311 2007 4366 eadem
2064 4311 2209 4366 Prte-

2312 3131 2685 3196 Wascelinus;
2735 3145 2807 3198 ac
2863 3131 3202 3199 postmodum
3245 3117 3598 3204 _('l|it'ngt'aplti
3657 3127 3872 3180 conscri-

2307 3223 2510 3292 ptione,
2561 3231 2617 3278 et
2653 3221 3011 3292 legitimarum
3066 3221 3284 3274 testium
3343 3219 3630 3286 utriusque
3672 3217 3874 3286 capituli

2308 3314 2678 3379 adnotatione,
2706 3327 2806 3368 nec
2833 3327 2936 3380 non
2967 3311 3128 3366 etiam
3156 3309 3440 3376 utriusque
3467 3309 3634 3378 sigilli
3663 3309 3871 3374 impres-

2309 3407 2480 3470 sione,
2513 3412 2838 3474 prazsentem
2868 3403 3119 3472 paginam
3147 3401 3470 3454 communiri
3505 3400 3749 3453 fecimus.
3801 3399 3876 3451 Si.-

2308 3513 2472 3565 gnum
2515 3495 2742 3551 Walteri
2778 3495 3091 3548 Landuncn.
3117 3493 3376 3562 episcOpi.
3409 3492 3467 3544 S.
3501 3489 3872 3552 Richardi,etc.

2311 3587 2378 3642 Et
2406 3596 2584 3642 actum
2616 3586 2883 3647 Lauduni,
2915 3600 3056 3638 anno
3087 3582 3357 3638 lncarnati
3399 3581 3558 3636 Verbi
3613 3581 3877 3635 millesimo

2311 3679 2611 3734 centesimo
2639 3676 3087 3746 quinquagesimo
3113 3674 3294 3739 tertio,
3345 3673 3648 3728 indictione
3695 3673 3874 3742 prima,

2312 3777 2501 3838 epacta
2533 3769 2792 3824 vicesima
2827 3768 3005 3829 tertia,
3035 3773 3398 3821 concurrente
3427 3765 3608 3817 tertio.
3657 3750 3695 3815 ι’

2382 3861 2608 3915 Dedisse
2629 3869 2682 3913 et
2703 3859 2806 3912 alia
2830 3859 3076 3928 quaedam
3107 3856 3439 3912 monasterio
3476 3855 3664 3909 Sancti
3691 3853 3878 3907 Nicolai

2311 3953 2377 4006 de
2409 3950 2578 4016 Silva,
2604 3950 2793 4005 eodem
2835 3950 3096 4002 dceanum
3129 3956 3352 4017 agente,
3402 3944 3702 4015 capitulum
3753 3943 3880 3997 [έιιιο

2311 4043 2582 4104 dnuense,
2621 4047 2815 4094 notant
2854 4047 3065 4092 veteres
3113 4037 3446 4091 membrana:
3495 4051 3627 4090 ann.
3679 4034 3880 4090 Domini

2312 4129 2470 4192 1151,
2505 4126 2598 4191 55,
2622 4126 2711 4190 56,
2736 4127 2802 4180 57
2834 4133 2890 4180 et
2917 4126 2986 4180 59
3011 4133 3270 4179 exaratae.

2383 4219 2503 4274 Vita
2537 4219 2722 4274 functo
2745 4216 2965 4273 Galtero
2995 4217 3064 4271 de
3101 4216 3301 4270 Sancto
3323 4213 3589 4269 Mauricio
3616 4214 3882 4299 episcopus

2310 4309 2686 4364 Landunensis
2735 4307 2938 4362 electus
2994 4307 3218 4361 Romam
3273 4305 3674 4374 proﬁciscitur,
3733 4315 3882 4372 atque

623 4395 1038 4450 monstratensis
1105 4397 1346 4452 Ecclesia
1421 4399 1695 4466 persolvet
1772 4404 1928 4458 nobis
1981 4403 2206 4473 singulis
2240 4420 2284 4473 ι)
2316 4401 2514 4456 ibidem
2540 4400 2852 4470 episcopatu
2878 4397 3017 4452 1155
3041 4399 3421 4467 inauguratur;
3455 4393 3698 4449 Joannes
3721 4410 3750 4447 a
3772 4393 3863 4448 ϐιιὶ

623 4481 783 4537 annis
839 4483 1076 4539 circatas
1133 4485 1185 4539 in
1233 4486 1437 4556 synodo
1497 4487 1565 4542 de
1625 4488 1790 4545 Mnrci
1834 4500 1888 4546 et
1934 4493 2000 4548 de
2052 4492 2210 4547 Vale-

623 4582 795 4640 scurt,
846 4585 902 4630 et
933 4586 1138 4646 septem
1191 4579 1423 4641 modios,
1473 4589 1527 4634 et
1565 4594 1799 4651 quatuor
1851 4584 2053 4653 galetos
2098 4583 2211 4637 frn-

626 4665 812 4728 menti,
842 4676 898 4721 et
922 4667 1157 4723 modium
1190 4685 1353 4724 unum
1396 4672 1637 4740 pisorum
1676 4674 1742 4728 ad
1795 4690 2101 4730 mensuram
2156 4675 2209 4728 in

592 4757 848 4835 Icivitate
898 4758 1244 4816 Lauduncnsi
1312 4778 1378 4818 eo
1452 4775 1694 4834 tempore
1751 4781 1858 4835 quo
1926 4771 2042 4822 lucc
2090 4776 2210 4822 acta

627 4843 1129 4914 sunt'cnrrentem;
1180 4855 1325 4922 quod
1381 4864 1674 4926 utrumque
1713 4857 1830 4912 sine
1855 4857 2212 4915 diminutione

626 4935 711 4990 vel
740 4942 1174 5007 angmentatione
1220 4945 1544 5000 servabitur.
1577 4944 1691 5001 Hoc
1736 4955 1913 5002 autem
1973 4946 2210 5002 frumen-

631 5033 742 5078 tum
797 5027 900 5082 tale
941 5031 1167 5084 solvitur
1218 5033 1376 5102 quale
1433 5035 1486 5090 in
1537 5035 1784 5099 duobus,
1837 5037 1923 5092 vel
1990 5038 2206 5103 tribus,

630 5124 724 5169 aut
773 5118 1016 5185 pluribus
1083 5125 1380 5192 mercatis,
1431 5141 1540 5180 uno
1589 5142 1809 5180 nummo
1855 5129 2032 5182 minus
2114 5144 2212 5181 va-

631 5205 741 5260 leat
789 5211 1035 5276 cariore,
1092 5218 1376 5286 reperitur.
1441 5219 1562 5275 Pisa
1609 5235 1824 5290 quoque
1855 5218 2082 5274 denario
2106 5236 2213 5276 uno

633 5299 811 5353 minus
863 5302 1094 5358 valentia
1143 5309 1441 5365 carioribus
1490 5311 1894 5380 persolvuntur.
1926 5309 2212 5367 Terminus

634 5401 762 5441 vero
811 5391 1146 5458 persolvendi
1177 5405 1260 5452 est
1309 5414 1339 5452 a
1385 5399 1521 5454 festo
1545 5399 1729 5454 Sancti
1769 5399 1996 5470 Remigii
2041 5416 2213 5469 usque

637 5477 702 5528 ad
758 5483 986 5535 mediam
1051 5483 1564 5560 Quadragesimam,
1618 5491 1757 5546 infra
1813 5505 1992 5560 quem
2027 5496 2214 5548 termi-

639 5579 788 5631 num,
817 5586 1138 5646 quocunqne
1161 5581 1268 5646 die,
1294 5582 1379 5636 vel
1407 5591 1647 5653 tempore
1676 5585 1942 5641 voluerint
1967 5595 2060 5639 aut
2113 5602 2210 5654 po-

641 5661 856 5725 tuerint,
887 5665 1121 5737 solvent,
1151 5680 1203 5726 et
1251 5675 1392 5746 apud
1436 5675 1756 5733 Laudunum
1817 5677 1882 5732 ad
1937 5677 2211 5733 cellarium

2311 4491 2390 4545 sia
2423 4489 2513 4544 lib.
2540 4503 2692 4552 xxw,
2723 4503 2842 4557 cap.
2879 4487 2942 4553 5;
2979 4488 3304 4558 Sigibertus,
3341 4495 3398 4541 et
3449 4484 3882 4555 Martyrologium

2312 4581 2567 4636 Ecclesia:
2597 4579 2996 4633 Lauduncnsis.

2381 4672 2458 4728 Ne
2503 4673 2554 4726 in
2581 4680 2856 4740 posterum
2885 4684 2983 4738 pro
3013 4683 3162 4723 more
3193 4666 3447 4732 nefando,
3471 4683 3594 4738 qua:
3619 4667 3883 4736 episcopa-

2312 4767 2387 4821 tui
2423 4763 2754 4834 acquisierat
2778 4763 2914 4814 bona
2944 4759 3234 4829 permulta,
3259 4760 3406 4828 regia
3451 4769 3696 4828 potestas
3748 4773 3883 4810 usur-

2313 4865 2482 4924 paret,
2502 4857 2544 4908 a
2567 4866 2694 4922 rege
2719 4850 3056 4905 Francorum
3081 4849 3355 4904 Ludovico
3383 4850 3494 4914 Vll,
3548 4851 3716 4904 hocce
3761 4863 3884 4918 prac-

2313 4953 2525 5014 ceptum
2551 4943 2760 4998 obtinet
2789 4941 2890 4995 hac
2921 4941 3113 4993 forma.
3145 4959 3162 4989 ‹
3200 4940 3311 5008 ligo
3333 4939 3642 4993 Ludovicus
3669 4939 3884 4992 Franco-

2315 5051 2432 5090 rum
2482 5049 2572 5089 rex
2609 5073 2625 5099 ,
2671 5033 2891 5089 Galtero
2951 5031 3292 5084 Lauduncnsi
3347 5031 3629 5100 episcopo,
3676 5030 3886 5098 ejusque

2315 5125 2720 5180 successoribus
2782 5124 2834 5177 in
2869 5131 3219 5192 perpetuum;
3274 5123 3690 5182 sollicitudinem
3731 5125 3882 5188 quam

2313 5218 2558 5282 videntes
2598 5216 2833 5285 gerimus
2879 5228 2977 5282 pro
3030 5212 3287 5267 Ecclesiis
3347 5214 3540 5282 regni,
3598 5221 3717 5282 post
3774 5212 3884 5264 vita:

2315 5307 2600 5377 prtesentis
2628 5307 2911 5360 decursum
2941 5317 3202 5372 apparere
3246 5303 3494 5357 volmnus
3549 5303 3802 5372 posteris.
3839 5301 3883 5352 in

2314 5383 2658 5453 Lauduncnsi
2685 5396 2920 5451 Ecclesia
2953 5396 3144 5466 pracsul
3171 5405 3289 5449 erat
3321 5396 3581 5464 magister
3627 5395 3884 5453 Galterus»

2317 5493 2409 5562 qui
2441 5491 2604 5562 longo
2628 5498 2867 5551 tempore
2895 5488 3131 5544 tlecanus
3158 5487 3302 5542 illius
3330 5487 3643 5548 exstiterat,
3696 5493 3755 5538 et
3782 5483 3882 5551 epi-

2321 5582 2500 5651 scopis
2527 5581 2610 5635 sui
2642 5579 2898 5646 temporis
2927 5578 3326 5646 quamplurima
3355 5578 3572 5632 viderat
3601 5575 3880 5630 defecisse;

2317 5671 2564 5744 exemplo
2591 5672 2937 5728 decessorum
2960 5684 3182 5725 suorum
3213 5670 3456 5736 territus,
3491 5679 3550 5723 et
3569 5669 3672 5724 sibi
3695 5679 3880 5737 prisca.
