4032 6336
229 392 250 446 1
273 383 370 447 157

1394 385 1616 454 DOMNI
1647 385 1707 440 L.
1748 381 2090 450 D‘ACIIERY
2132 381 2357 440 NOTzE.

3356 393 3378 445 1
3395 392 3495 448 158

222 517 379 568 vens,
407 499 772 572 pontificalem
799 500 1040 555 insidens
1061 499 1402 563 cathedram,
1427 499 1810 567 deditoperam
1843 480 1887 535 Α
1917 509 2078 562 quam
2113 495 2516 562 cambitioncm,
2572 504 2628 551 ut
2664 499 2858 553 amodo
2901 511 3016 555 rata
3046 512 3380 572 permaneat,
3423 506 3498 559 si-

224 593 591 664 agricultura,
620 600 724 650 etc.
750 593 940 646 Actum
971 593 1183 662 publice
1215 591 1440 648 Parisiis
1466 607 1610 646 anno
1632 590 1812 644 Incar-

222 687 466 741 nationis
496 684 708 740 Domini
735 683 892 749 1158,
931 685 1080 756 regni
1112 697 1242 738 vero
1271 685 1443 739 nostri
1477 701 1613 738 χχιι.
1652 703 1670 734 r

293 777 528 832 Interest
557 777 844 847 cpiscopus
880 777 1110 832 concilio
1143 776 1448 831 Turonensi
1495 791 1640 830 anno
1673 775 1812 830 1165

221 869 502 926 celebrato
535 868 602 922 ab
636 868 946 924 Alexandro
973 869 1134 923 tertio
1165 883 1377 924 summo
1400 867 1677 938 pontifice,
1706 882 1810 920 una

221 977 348 1016 cum
391 961 632 1016 llenrieo
656 975 756 1014 suo
789 960 1230 1030 metropolitano,
1267 960 1494 1014 minime
1525 975 1654 1013 vero
1683 973 1806 1012 cum

220 1047 536 1116 Guillelrno,
565 1060 625 1105 ut
671 1051 785 1104 vult
818 1051 1085 1105 lioberlus
1143 1050 1196 1104 in
1248 1048 1422 1104 Gallia
1473 1047 1810 1112 Christiana;

219 1140 544 1196 Guillelrnus
567 1142 832 1210 siquidem
864 1155 1007 1195 anno
1028 1148 1233 1194 tantum
1260 1139 1396 1193 ΗΠ
1417 1155 1482 1192 ex
1516 1135 1813 1193 Seuonensi

222 1230 292 1283 ad
316 1231 640 1286 Remensem
695 1230 996 1285 translatus
1020 1239 1106 1286 est
1149 1229 1370 1294 sedem;
1423 1237 1480 1283 at
1523 1227 1814 1284 concilium

221 1321 356 1375 illurl
383 1331 633 1377 coactum
662 1337 804 1376 anno
835 1323 998 1376 1165.

297 1411 590 1466 Gualterus
619 1427 762 1466 anno
793 1411 931 1465 1175
955 1419 1164 1465 naturae
1205 1409 1499 1464 concessit.

296 1502 388 1557 IV.
421 1504 704 1559 Liziardus
731 1502 1042 1575 praefecitur
1067 1503 1204 1557 1155
1233 1511 1288 1555 ιιι
1314 1516 1379 1556 ex
1407 1501 1636 1556 diversis
1661 1501 1811 1555 char-

219 1592 303 1648 tis
327 1593 544 1663 colligo,
572 1594 770 1662 quibus
799 1593 1124 1663 subscripsit
1155 1593 1273 1662 ipse
1321 1592 1562 1647 decanus
1609 1591 1675 1646 ad
1721 1607 1815 1644 an-

221 1700 359 1737 :rum
392 1699 561 1752 usque
595 1685 753 1739 1168.

301 1774 442 1826 Inter
466 1773 569 1826 alia
597 1773 784 1828 isthmc
811 1773 1058 1827 instituta
1104 1773 1280 1827 visere
1310 1781 1394 1827 est
1427 1789 1441 1825 :
1481 1791 1500 1823 r
1531 1768 1813 1826 Sancitum

213 1865 504 1918 est'ctiam
535 1865 678 1934 quod
705 1865 883 1918 nullus
914 1865 1015 1919 nisi
1045 1874 1392 1934 personatum
1415 1864 1704 1925 habuerit,
1724 1873 1820 1916 aut

221 1955 422 2025 viginti
465 1956 704 2025 quinque
729 1971 995 2010 annorum
1039 1956 1225 2020 fuerit,
1263 1966 1552 2025 antequam
1600 1955 1821 2010 subdia-

204 2061 399 2100 'couus
429 2048 520 2110 sit,
550 2047 616 2100 ad
647 2046 833 2101 sedem
866 2047 1326 2101 subdiaconorum
1379 2061 1671 2100 ascensum
1726 2047 1822 2099 ba-

223 2135 399 2190 hcbit.
433 2137 508 2192 Ne
531 2146 710 2191 autem
737 2137 1046 2206 hujusmodi
1081 2137 1354 2191 institutio
1390 2137 1458 2191 ab
1489 2135 1670 2205 aliquo
1703 2150 1822 2190 tnu-

225 2229 344 2281 tari
400 2229 482 2282 vel
521 2229 740 2298 infringi
773 2229 973 2298 possit,
1006 2227 1167 2298 sigilli
1220 2229 1388 2284 nostri
1443 2229 1821 2297 impressrone,

223 2326 288 2372 et
324 2320 737 2389 approbantium
775 2319 1171 2386 subscriptione
1200 2319 1396 2372 muniri
1434 2317 1684 2374 fecimus.
1733 2320 1822 2373 Si-

225 2425 397 2478 gnum
420 2409 620 2462 domini
645 2407 848 2464 Galteri
899 2408 1158 2478 episcopi,
1213 2419 1268 2462 et
1320 2407 1557 2463 Liziardi
1609 2409 1822 2474 decani,

215 2510 340 2556 'etc.
369 2502 559 2555 Actum
584 2501 832 2555 Lauduni
871 2501 924 2554 iu
952 2501 1209 2571 capitulo,
1238 2515 1382 2556 anno
1437 2500 1826 2557 Incarnationis

229 2592 400 2647 ‘Verbi
427 2592 582 2647 “59.
617 2612 635 2644 ι
989 2659 993 2662 _

305 2684 450 2738 Illius
474 2700 608 2754 opus
634 2684 875 2739 estliber
904 2684 1074 2740 stallis
1106 2684 1480 2741 incathenatus
1507 2685 1560 2740 in
1585 2685 1824 2742 inferiori

229 2785 388 2846 parte
409 2777 584 2841 chori,
621 2776 779 2844 vulgo
814 2774 1135 2831 Ordinarius
1165 2777 1302 2831 liber
1323 2785 1568 2845 vocatus,
1611 2778 1666 2832 in
1718 2793 1825 2848 quo

225 2868 338 2922 rite
363 2866 687 2921 ordinantur
739 2881 858 2935 quae
904 2867 1204 2936 antiquitus
1250 2869 1317 2922 ad
1368 2869 1719 2925 caeremonias
1774 2879 1828 2924 et

235 2957 469 3013 oIIiciurn
509 2958 748 3012 divinum
780 2958 1020 3027 ejusdem
1057 2958 1308 3012 Ecclesiae
1330 2959 1673 3027 spectabant.
1718 2958 1822 3029 Sy-

233 3047 412 3104 nodus
436 3047 839 3116 Audegavcnsis
863 3062 989 3100 ann.
1006 3047 1136 3101 19.61
1166 3047 1252 3101 his
1272 3030 1452 3102 verbis
1481 3066 1493 3101 :
1523 3047 1826 3103 Statuimus

237 3139 383 3209 quod
414 3139 466 3191 in
499 3138 726 3208 singulis
764 3137 1009 3192 ccclesiis
1034 3137 1186 3201 liber,
1235 3139 1326 3208 qui
1361 3139 1558 3194 dicitur
1595 3135 1828 3194 Ordina-

233 3231 373 3294 rius,
410 3229 704 3293 habeatur,
731 3230 782 3282 in
809 3245 917 3298 quo
947 3230 1244 3299 respiciunt
1270 3231 1576 3286 sacerdotes
1597 3232 1823 3302 singulis

238 3327 428 3383 diebus
458 3334 584 3380 ante
611 3341 958 3396 vesperarum
991 3328 1374 3396 inceptionem,
1402 3336 1460 3382 ut
1515 3328 1660 3398 ipsas
1734 3345 1824 3385 ve-

240 3433 444 3489 Speras,
475 3418 790 3484 matutinas,
821 3427 874 3473 et
895 3417 1129 3472 oIIicium
1160 3419 1263 3474 dici
1294 3424 1569 3489 sequentis
1602 3422 1822 3488 faciant,

235 3519 296 3564 et
329 3519 696 3579 exsequantur
743 3508 899 3578 juxta
959 3510 1294 3566 ordinariam
1340 3511 1818 3567 instructionem.»

242 3601 315 3657 Ut
358 3611 442 3656 est
485 3601 540 3656 in
585 3601 726 3656 libro
782 3603 1122 3658 decretorum
1182 3602 1438 3658 Ecclesiae
1491 3602 1822 3669 Gallicanae,

239 3693 531 3749 collectore
575 3693 870 3748 Laurentio
900 3693 1152 3748 Bochello
1182 3694 1274 3748 lib.
1307 3711 1349 3760 ι,
1382 3694 1465 3748 tit.
1499 3694 1585 3758 I9,
1619 3707 1740 3762 cap.
1773 3694 1823 3747 I.

243 3786 374 3854 Quae
395 3793 574 3840 autem
602 3785 669 3841 ab
699 3785 804 3840 hoc
832 3785 1086 3840 Liziardo
1120 3785 1338 3840 redacta
1366 3792 1492 3840 sunt
1519 3785 1572 3839 in
1600 3783 1704 3838 hoc
1723 3782 1827 3838 0r-

243 3877 458 3933 dinario
496 3877 563 3931 ad
599 3876 771 3932 solum
805 3876 1061 3931 feriarum
1089 3885 1144 3931 et
1169 3876 1571 3940 Dorninicarum
1592 3874 1829 3930 cilicium

241 3966 520 4036 pertinent
550 3984 563 4018 :
593 3981 713 4035 qua:
750 3980 913 4034 porro
959 3965 1026 4020 ad
1072 3965 1189 4020 dies
1226 3964 1394 4032 festos
1438 3972 1685 4034 spectant
1723 3963 1830 4033 (de

237 4057 442 4126 quibus
477 4055 656 4125 infra)
685 4056 753 4110 ab
779 4055 885 4110 alio
912 4057 1117 4110 decano
1143 4063 1269 4109 sunt
1299 4055 1643 4110 concinnata.
1671 4053 1831 4108 Com-

240 4145 478 4200 mutatio
529 4146 773 4214 quzedam
842 4143 1092 4198 Liziarrlo
1143 4145 1347 4198 decano
1408 4142 1548 4196 facta
1598 4150 1683 4196 est
1732 4142 1833 4194 hac

236 4234 421 4294 forma
451 4252 464 4288 :
508 4253 526 4285 ι
562 4234 866 4303 Ιιιηοηιίιιθ
904 4243 1103 4288 sancta
1126 4241 1178 4286 et
1204 4233 1490 4287 individua:
1522 4230 1829 4286 Trinitatis.

242 4325 328 4380 Ad
357 4338 455 4388 nos
493 4326 727 4394 pertinet
751 4340 873 4394 qua:
905 4325 956 4378 in
985 4324 1272 4392 przesentia
1319 4331 1505 4376 nostra
1538 4319 1670 4376 fiunt
1695 4330 1835 4372 atte-

244 4418 404 4482 stari,
429 4426 565 4473 etne
591 4417 843 4473 oblivioni
877 4415 1182 4481 tradantur,
1208 4414 1410 4484 scripto
1427 4412 1829 4468 commendare.

1913 583 2020 651 gilli
2057 584 2248 646 nostri,
2280 593 2334 636 ct
2377 585 2532 653 sigilli
2569 585 2750 642 Sancti
2784 587 2996 644 Martini
3030 592 3409 660 impressione,
3448 603 3504 648 et

1915 673 2302 742 chirographo,
2334 689 2397 728 ac
2445 677 2659 730 testium
2706 679 3102 748 subscriptione
3137 683 3332 735 umniri
3370 682 3500 736 feci-

1914 777 2055 817 mus.
2107 763 2332 832 Signum
2368 764 2570 822 Galteri
2625 769 2948 825 thesaurarii
2988 772 3380 827 Laurluuensis.
3416 772 3502 826 Si-

1914 869 2076 924 gnum
2110 854 2352 917 Roberti,
2402 866 2505 911 etc.
2558 859 2748 914 Actum
2779 861 3125 918 Lauduucns.
3176 865 3226 918 in
3268 864 3503 933 capitulo

1916 952 2101 998 nostro
2144 959 2287 997 anno
2337 943 2604 1000 Incarnati
2649 949 2807 1004 Verbi
2854 952 3140 1006 millesiruo
3199 953 3499 1008 centesimo

1918 1035 2258 1104 sexagesimo
2291 1035 2499 1104 quinto.
2531 1055 2548 1088 ι
3290 1105 3292 1108 ι

1993 1141 2010 1173 r
2047 1124 2252 1192 Agotus
2301 1125 2526 1180 cancell.
2571 1125 2782 1197 relegit,
2848 1131 3086 1200 scripsit,
3132 1143 3186 1188 ct
3253 1134 3498 1190 subscri-

1916 1211 2043 1280 psit.
2067 1231 2085 1263 ι
3500 1231 3502 1234 ·

1997 1301 2060 1356 ν.
2101 1303 2391 1358 Anselmns
2421 1304 2634 1375 signum
2667 1308 2914 1376 apposuit
2944 1309 3142 1364 charta:
3166 1311 3364 1368 Galtcri
3392 1318 3506 1381 υνῖέ

1918 1393 2065 1462 seupi
2099 1393 2470 1449 Lauduucnsis
2491 1410 2596 1464 qua
2627 1395 2971 1451 donationem
3013 1399 3506 1455 San-Viuccntiarm

1921 1485 2249 1540 monasterio
2277 1485 2474 1540 factam
2501 1486 2792 1540 confirmat
2824 1504 2967 1540 anno
2999 1489 3155 1543 1168.

1993 1574 2077 1628 VI.
2125 1574 2393 1630 Robcrtus
2423 1575 2653 1631 seditab
2675 1591 2818 1631 anno
2851 1579 2989 1631 1172
3022 1580 3087 1635 ad
3117 1596 3316 1634 annum
3349 1582 3505 1636 H73.

1917 1666 2322 1722 Chartularium
2355 1666 2700 1721 Lauduucns.
2735 1667 3012 1723 Ecclesiae.

1947 1785 1950 1788 '
1995 1773 2106 1828 VII.
2148 1774 2428 1844 Rayucrus
2475 1777 2744 1841 decanus;
2795 1778 2950 1845 cujus
2981 1792 3177 1832 nomen
3207 1785 3507 1834 exaratum

1926 1865 1977 1918 in
2009 1865 2248 1935 antiquis
2279 1867 2517 1931 schedis,
2555 1883 2696 1922 anno
2725 1867 2975 1922 videlicet
3008 1869 3145 1924 Il78
3184 1873 3462 1940 reperitur.

1996 1955 2130 2009 VIII.
2163 1956 2434 2011 Robertus
2461 1957 2504 2012 ll
2532 1957 2656 2012 San-
2675 1960 3090 2015 Vinccrrtianum
3116 1963 3508 2016 monasterium

1918 2047 2008 2116 jus
2039 2046 2106 2100 ad
2159 2045 2246 2099 illa
2297 2055 2538 2117 tempora
2585 2048 2798 2104 firmum
2839 2051 3140 2118 stabileque
3171 2063 3507 2114 servaverat,

1927 2145 1985 2189 ut
2046 2137 2276 2192 ecclesia
2333 2137 2391 2192 S.
2458 2139 2726 2194 Vincentii
2782 2159 2800 2192 ι
2847 2141 3172 2196 inviolabilis
3236 2143 3512 2211 sepultura

1924 2228 2322 2296 episcoporum,
2363 2231 2773 2297 canonicorum,
2816 2241 2870 2287 et
2907 2244 3215 2288 casatorum
3260 2234 3512 2288 Ecclesiae

1926 2315 2299 2372 Lauduucnsrs
2330 2338 2348 2370 ι
2385 2320 2764 2388 appellaretur.
2809 2323 3006 2392 (Quod
3053 2330 3108 2376 et
3164 2338 3266 2377 non
3301 2323 3372 2376 ita
3403 2325 3512 2393 pri-

1925 2408 2048 2462 dem
2076 2408 2302 2463 ecclesia
2333 2409 2392 2464 S.
2431 2409 2654 2466 Joannis
2692 2412 2937 2467 Laudun.
2969 2413 3315 2482 obtinuerat)
3349 2429 3514 2468 carro-

1929 2499 2036 2554 nici
2083 2501 2457 2568 nihilominus,
2491 2503 2680 2560 decani
2709 2506 2835 2560 dum
2874 2507 3056 2560 munia
3087 2507 3263 2561 obiret
3313 2506 3513 2561 liober—

1928 2600 2035 2658 tus,
2064 2589 2164 2646 sibi
2201 2595 2573 2650 crernetcrium
2612 2597 2822 2666 erigere
2852 2606 3169 2663 tentarunt;
3207 2598 3330 2652 hinc
3370 2597 3512 2663 lites,

1925 2683 2406 2752 contentionesque
2447 2685 2769 2753 multiplices
2816 2695 3039 2741 εισι-ιω.
3100 2689 3216 2753 Qua
3249 2689 3315 2742 de
3349 2703 3513 2742 causa

1927 2774 2118 2826 arbitri
2150 2775 2424 2830 corumuui
2475 2779 2708 2846 partium
2759 2793 2985 2834 assensu
3024 2777 3185 2834 electi
3231 2788 3375 2834 sunt.
3409 2772 3515 2834 llo;

1930 2885 2048 2923 rum
2084 2869 2241 2940 Hugo
2267 2872 2436 2926 abbas
2466 2871 2650 2927 Sancti
2686 2872 2952 2928 Vincentii
2985 2875 3098 2929 suis
3144 2866 3515 2930 litteris'arbi-

1931 2962 2091 3015 trium
2149 2962 2405 3029 patefacit
2459 2963 2511 3015 in
2549 2964 2693 3017 hunc
2747 2965 2966 3018 modum
2999 2983 3011 3017 :
3048 2982 3066 3013 ‹
3107 2959 3516 3018 Vcncrabilibus

1930 3050 2188 3105 fratribus
2238 3060 2289 3104 et
2347 3051 2556 3115 amicis,
2608 3052 2848 3107 Roberto
2905 3056 3132 3118 decano,
3185 3065 3240 3108 et
3279 3038 3517 3124 capitulo

1933 3143 2299 3208 Lauduncnsi,
2344 3143 2497 3213 IIugo
2529 3143 2748 3199 humilis
2777 3146 2946 3200 abbas
2976 3146 3036 3200 Β.
3078 3147 3344 3202 Vincentii
3378 3147 3516 3202 Lau-

1931 3235 2062 3289 duu.
2090 3247 2144 3287 et
2173 3244 2316 3286 lotus
2348 3233 2586 3302 ejusdem
2609 3233 2870 3287 Ecclesia:
2893 3245 3187 3289 conventus
3216 3237 3268 3289 in
3293 3237 3518 3290 Domino

1924 3323 2175 3379 salutem.
2250 3321 2511 3377 Noveriut
2549 3323 2786 3376 universi
2834 3324 2979 3392 quod
3025 3333 3142 3378 orta
3174 3325 3314 3379 inter
3338 3339 3435 3379 nos
3464 3336 3518 3379 et

1925 3431 2020 3470 vos
2047 3415 2382 3470 dissensione
2406 3429 2570 3484 super
2607 3416 2919 3470 ccerneterio
2948 3428 3152 3479 nostro,
3215 3418 3355 3486 quod
3391 3432 3518 3471 con-

1925 3513 2010 3559 tra
2037 3503 2128 3573 jus
2155 3511 2421 3567 nostrum,
2439 3513 2492 3557 et
2519 3503 2797 3572 antiquam
2821 3505 3270 3559 consuetudinem
3295 3507 3359 3560 de
3381 3519 3518 3558 novo

1933 3595 2304 3650 construxisse
2405 3595 2779 3659 videbamini,
2828 3595 3045 3650 tandem
3111 3596 3164 3650 in
3242 3597 3517 3650 dominum

1930 3685 2293 3740 Willhelmum
2323 3685 2643 3740 [icmensem
2671 3683 3161 3754 archiepiscopum,
3193 3685 3274 3740 tit.
3306 3685 3518 3740 Sancta:

1929 3774 2144 3830 Sabinae
2185 3775 2544 3840 cardinalem,
2592 3775 2902 3844 apostolica:
2937 3775 3083 3830 sedis
3113 3775 3385 3846 legatum;
3431 3774 3512 3830 Si-

1928 3883 2142 3923 monem
2179 3867 2328 3922 Beati
2357 3869 2587 3938 Remigii
2624 3867 2908 3923 Ilernensis
2932 3866 3220 3933 abbatem;
3270 3877 3324 3922 et
3357 3869 3520 3938 magi-

1929 3969 2101 4016 strum
2143 3960 2414 4016 Meliorem
2467 3960 2751 4015 Rerneusis
2792 3959 3038 4015 ecclesia:
3076 3961 3515 4022 vicedominura;

1930 4053 2058 4108 hinc
2117 4054 2242 4109 inde
2269 4037 2282 4051 ﬂ
2308 4053 2412 4107 fide
2477 4052 2796 4123 interposita
2865 4053 3359 4122 compromisimus.
3417 4052 3517 4121 Ipsi

1932 4159 2062 4198 vero
2088 4145 2385 4198 deliberan
2411 4144 2550 4197 inter
2571 4157 2650 4208 se,
2681 4143 2860 4197 debita
2902 4143 3238 4207 maturitate,
3268 4142 3517 4205 consilio,

1933 4250 2032 4304 pro
2058 4236 2198 4287 bono
2225 4235 2372 4303 pacis
2392 4235 2533 4287 inter
2556 4248 2655 4287 nos
2674 4242 2728 4286 et
2751 4248 2866 4297 vos,
2896 4233 3078 4286 taliter
3107 4240 3515 4299 transcgcrunt:

1943 4327 2196 4383 Vestrum
2231 4327 2493 4395 siquidem
2527 4325 2901 4380 cmmetcrium
2932 4325 3088 4380 vobis
3119 4324 3170 4377 in
3200 4333 3518 4393 perpetuum

1936 4418 2163 4473 liberum
2197 4407 2532 4481 remanebit;
2585 4417 2658 4470 ita
2690 4417 2830 4485 quod
2877 4425 2988 4470 tam
3039 4415 3309 4485 episcopis
3359 4429 3518 4484 quam

243 4510 549 4580 Eapropter
577 4524 676 4578 ego
712 4508 995 4562 Liziardus
1027 4507 1118 4562 Dei
1147 4507 1321 4576 gratia
1361 4506 1598 4561 decanus
1625 4503 1835 4558 Laudu-
1869 4538 1918 4598 ο
1943 4508 2218 4587 canonicis
2264 4515 2316 4562 ει
2369 4507 2570 4562 casaris
2599 4506 2854 4562 Ecclesia,
2904 4517 3122 4572 γοειτερ,
3158 4519 3214 4560 οι
3247 4506 3368 4560 aliis
3404 4508 3521 4576 qui-

246 4601 456 4666 nensis,
486 4609 673 4656 notum
708 4599 936 4654 facimus
982 4614 1144 4670 quam
1177 4597 1374 4656 futuris
1405 4606 1513 4651 tam
1559 4596 1838 4667 praesenti-

243 4693 376 4758 bus,
414 4692 556 4762 quod
588 4690 861 4746 communi
897 4688 1117 4758 capituli
1155 4688 1324 4742 nostri
1350 4702 1572 4741 assensu
1614 4694 1834 4748 terram,

251 4796 418 4850 quam
448 4789 605 4836 terra:
627 4781 870 4836 ecclesiae
911 4779 970 4834 S.
1004 4779 1218 4833 Martini
1247 4779 1313 4834 de
1342 4777 1599 4833 suburbio
1621 4775 1835 4831 Laudu-

249 4873 408 4926 nensi
476 4873 784 4942 contiguam
839 4871 1164 4936 habuimus,
1219 4886 1340 4940 quae
1390 4885 1547 4925 muro
1598 4867 1836 4937 ejusdem

249 4963 500 5018 ecclesia
533 4962 738 5017 inclusa
781 4970 888 5027 est,
915 4977 1036 5031 quae
1063 4971 1120 5016 et
1143 4962 1210 5017 de
1257 4961 1384 5016 dote
1413 4959 1602 5014 altaris
1649 4957 1835 5013 Sancti

248 5051 413 5106 Cirici
456 5060 591 5115 erat,
619 5060 674 5106 et
693 5052 826 5106 duos
853 5065 1100 5105 nummos
1137 5049 1426 5105 censuales
1457 5048 1612 5103 nobis
1637 5061 1840 5100 annua-

251 5142 349 5194 tim
378 5141 639 5205 solvebat,
671 5157 792 5195 cum
815 5140 1043 5210 iustitia,
1071 5140 1336 5202 districto,
1367 5147 1420 5192 et
1443 5137 1838 5193 venditionibus

252 5227 495 5296 ejusdem
537 5237 713 5292 terra),
755 5227 996 5283 ecclesiae
1025 5227 1171 5280 Beati
1201 5226 1417 5280 Martini
1453 5225 1622 5281 libere
1664 5226 1838 5295 possi-

251 5320 487 5376 dendam
539 5322 593 5376 in
643 5319 1020 5376 concambium
1069 5320 1337 5384 dedimus,
1393 5332 1494 5388 pro
1547 5318 1838 5372 medietate

252 5411 432 5482 campi
460 5412 652 5467 subtus
679 5420 917 5467 montem
957 5409 1279 5465 clericorum
1313 5408 1428 5474 siti,
1461 5423 1557 5464 sex
1589 5423 1838 5464 nummos

251 5502 535 5558 censuales
555 5503 830 5558 annuatim
854 5501 1239 5572 persolventes.
1265 5500 1438 5568 Quam
1461 5515 1582 5555 cum
1605 5498 1836 5568 justitia,

251 5593 527 5648 districto.
555 5603 611 5647 et
635 5593 1035 5648 venditionibus
1062 5591 1304 5662 ejusdem
1349 5591 1653 5646 medietatis
1698 5606 1836 5659 prai-

240 5679 384 5754 Zdicti
414 5699 610 5754 campi,
634 5683 866 5741 Garinus
887 5685 1054 5740 abbas
1076 5682 1311 5754 praefata:
1335 5681 1586 5738 Ecclesiae
1614 5696 1836 5738 assensu

235 5743 472 5846 qeapituli
502 5777 583 5833 sui
615 5777 772 5835 nobis
795 5777 1030 5832 vicissim
1060 5779 1110 5832 in
1139 5773 1626 5835 concambitionem
1657 5775 1832 5845 dedit;
1883 5851 1908 5855 μ

1943 4582 2179 4653 buslibet
2219 4597 2464 4666 personis
2497 4606 2604 4651 tam
2637 4598 2850 4652 clericis
2881 4613 3043 4667 quam
3082 4596 3255 4661 Iaicis,
3291 4597 3519 4650 liberum

1940 4689 2011 4742 sit
2048 4687 2245 4741 ibidem
2273 4687 2472 4755 eligere
2509 4687 2862 4758 sepulturam.
2900 4687 3054 4754 Quod
3098 4688 3142 4741 si
3175 4687 3296 4757 quis
3332 4702 3519 4741 eorum

1941 4789 2248 4834 casatorurn
2280 4778 2403 4831 alibi
2446 4794 2608 4846 quam
2641 4781 2783 4848 apud
2812 4794 2904 4832 vos
2928 4786 2982 4832 et
3011 4793 3109 4833 nos
3137 4778 3378 4848 sepultus
3409 4779 3522 4832 fue-

1941 4869 2031 4934 rit,
2055 4869 2146 4939 jus
2190 4877 2434 4922 nostrum
2470 4878 2524 4922 et
2562 4882 2800 4923 vestrum
2851 4869 3230 4923 communibus
3269 4869 3522 4938 expensis

1939 4971 1995 5018 et
2021 4959 2304 5016 laboribus
2352 4974 2776 5030 prosequemur;
2817 4971 2870 5016 et
2895 4962 3316 5015 emolumentum
3343 4976 3522 5029 acqua-

1939 5052 2068 5107 liter
2103 5050 2370 5120 patiemur
2391 5051 2528 5105 bona
2563 5052 2688 5116 tide,
2732 5053 3008 5106 canonicis
3072 5067 3198 5106 vero
3221 5052 3440 5117 vesrris,
3467 5061 3521 5106 et

1941 5141 2082 5211 apud
2123 5153 2224 5194 vos
2251 5147 2304 5194 et
2345 5139 2487 5208 apud
2517 5155 2635 5205 nos,
2681 5151 2736 5195 et
2773 5140 3080 5209 ubicunque
3121 5139 3384 5194 voluerint
3416 5142 3521 5194 erit

1940 5231 2173 5286 liberum
2205 5230 2442 5300 sepeliri.
2473 5228 2583 5287 Vos
2611 5231 2773 5302 igitur
2802 5232 2854 5286 in
2891 5231 3262 5301 recognitione
3286 5233 3521 5303 antiqua?

1941 5321 2349 5376 consuetudinis
2387 5329 2585 5376 nostra:
2605 5321 2885 5376 duodecim
2915 5321 3167 5377 denarios
3199 5320 3520 5374 Lauduucn-

1941 5412 2018 5469 sis
2045 5422 2280 5468 moneta:
2305 5413 2462 5468 nobis
2487 5413 2541 5467 in
2565 5412 2706 5469 festo
2731 5414 2903 5468 sancti
2938 5412 3206 5469 Vincentii
3240 5413 3517 5465 annuatim

1940 5502 2282 5572 persolvetis.
2333 5501 2508 5570 Quod,
2558 5513 2618 5558 ut
2674 5513 2852 5560 ratum
2903 5512 3237 5574 permaneat,
3271 5503 3516 5557 chartam

1944 5593 2102 5649 istam
2137 5593 2300 5663 sigilli
2327 5594 2497 5648 nostri
2547 5595 2904 5665 impressione
2945 5595 3140 5648 muniri
3181 5594 3514 5650 curavimus.

1943 5685 2137 5739 Actum
2175 5701 2315 5741 anno
2355 5686 2619 5740 Incarnati
2679 5686 2838 5742 Verbi
2885 5685 3170 5742 millesimo
3219 5683 3519 5742 centesimo

1942 5777 2310 5846 octuagcsimo
2341 5778 2517 5833 tertio.
2554 5795 2573 5828 ι
