4032 6336
672 342 811 400 1159

1600 346 1709 399 AD.
1742 345 1891 401 OPP.
1933 345 2088 401 VEN.
2130 348 2223 404 GU

2255 347 2453 405 DEIITI
2488 351 2587 407 ΒΕ·
2604 350 2993 413 NOVIGENTO
3734 375 3821 435 Im

742 430 1084 502 Privilegium
1116 430 1319 487 decano
1366 431 1710 488 Laudunensi
1752 439 1821 490 ah
1864 437 2178 493 Innocentio
2205 439 2246 494 ll
2278 446 2322 501 Α
2359 456 2480 494 enm
2511 444 2727 499 t'eretris
2765 462 2926 514 super
2956 448 3321 517 pavimentum
3353 451 3656 522 deponenda,
3687 469 3821 535 «διερῇ.

668 536 1028 586 concessum,
1080 520 1399 576 Guillelmus
1471 522 1559 578 ille
1629 526 2073 595 archiepiscopus
2129 530 2248 584 vice

668 614 865 670 summi
905 611 1185 681 pontiﬁcis
1222 614 1468 682 repetitis
1518 615 1697 669 verbis
1732 615 1974 671 declarat
2006 634 2020 671 :
2054 634 2074 668 ε
2110 617 2248 673 Prae-

671 710 818 756 terea
866 700 1214 756 concedimus
1248 702 1421 766 vobis,
1446 704 1589 772 quod
1614 713 1669 759 ct
1703 704 1804 774 piae
1850 707 2249 766 recordationis

666 794 1015 850 Innocentius
1056 809 1193 862 papa
1242 794 1392 849 vobis
1435 794 1676 859 indulsit,
1711 806 1769 849 ut
1810 796 1923 850 sive
1961 809 2244 867 praesente,

2350 530 2434 584 nis
2466 532 2803 589 decrevimus
2827 538 3229 601 circumdanda,
3254 548 3310 592 et
3333 548 3456 596 ante
3483 530 3815 610 sacratissimum

2347 634 2545 689 corpus
2595 634 2651 676 et
2700 626 3012 695 sanguinem
3065 627 3274 682 Domini
3336 631 3499 685 nostri
3539 632 3648 690 Iesu
3683 639 3821 699 Christi

2352 722 2546 766 contra
2580 714 2871 783 praedictos
2900 728 3275 784 persecutores
3312 730 3516 776 vestros
3537 724 3721 794 singulis
3754 733 3825 789 die.

2350 797 2450 853 bus
2488 800 2718 857 humiles
2743 804 3223 872 proclamabimus,
3245 816 3303 862 et
3340 813 3599 879 prostrati.
3630 816 3681 870 Et
3702 821 3735 873 si
3749 822 3822 888 iam

663 884 780 937 sive
810 884 1035 939 absente
1067 884 1321 953 episcopo
1381 893 1584 948 vestro,
1624 884 1998 941 malefactores
2039 898 2249 945 vestros
2346 886 2551 943 dictum
2597 890 2975 961 Ingelrannum
3035 896 3088 951 in
3139 896 3394 964 ecclesia,
3431 900 3508 954 vel
3545 902 3723 961 civitate
3757 910 3821 966 Rc.

663 974 1155 1039 excommunicare,
1182 975 1265 1027 vel
1291 974 1571 1028 absolvere
1609 975 1851 1044 possitis,
1889 987 1945 1031 et
1980 993 2103 1033 cum
2142 982 2241 1035 ali-

666 1063 791 1131 quis
818 1078 848 1117 a
877 1064 1033 1119 vobis
1052 1065 1559 1121 excommunicatus
1610 1065 1794 1134 fuerit,
1850 1068 2052 1124 nemini
2085 1069 2245 1125 liceat

660 1152 964 1217 absolvere,
1019 1154 1121 1208 nisi
1170 1155 1322 1223 prius
1371 1156 1610 1223 praestita
1653 1157 2068 1225 satisfactione,
2132 1170 2240 1215 etc.

660 1244 857 1299 Actum
886 1260 1030 1298 anno
1060 1245 1458 1300 lncarnationis
1490 1246 1647 1300 1179.
1683 1263 1704 1298 ι

731 1353 1032 1408 Itobertum
1059 1355 1127 1410 ad
1151 1370 1351 1410 annum
1388 1356 1526 1412 1190
1553 1357 1730 1427 egisse
1758 1360 2020 1416 decanum
2053 1371 2243 1418 notant

658 1442 893 1512 antiqua:
926 1444 1284 1498 membranaz.

732 1528 799 1583 IX
819 1567 837 1584 .
873 1530 1211 1587 Gislebertus
1247 1533 1387 1589 1199
1417 1534 1505 1589 vix
1532 1548 1713 1591 annuo
1742 1538 2038 1596 decanatus
2061 1540 2237 1598 cilicio

657 1621 896 1675 functus.

652 1752 655 1753 ν
726 1709 790 1763 Χ.
832 1710 1056 1769 Michael
1087 1714 1155 1767 de
1180 1715 1434 1772 Corbolio
1478 1716 1655 1774 frater
1702 1719 1979 1789 Reginaldi
2004 1722 2071 1776 de
2091 1722 2228 1778 Cor-

2346 978 2517 1032 mensi
2567 981 2879 1040 noverimus
2925 998 3047 1040 esse
3098 997 3448 1056 praesentare,
3504 994 3771 1053 cessabimus
3804 1018 3822 1053 ε

2344 1063 2563 1121 divinis.
2602 1085 2621 1118 ι

2412 1172 2620 1238 Quibus
2678 1176 2815 1232 adde
2859 1179 3068 1238 litteras
3129 1184 3373 1258 episcopi
3433 1198 3485 1245 ct
3527 1195 3819 1251 canonicom

2341 1258 2599 1315 Ecclesiae
2632 1264 3040 1325 Suessionensis
3070 1272 3241 1326 relatu
3275 1274 3417 1330 haud
3444 1277 3694 1351 indignas:
3719 1284 3821 1340 (Πιο

2340 1361 2408 1416 go
2440 1347 2530 1403 Dei
2554 1352 2729 1420 gratia
2759 1356 3062 1426 cpiscopus,
3087 1358 3146 1414 S.
3189 1366 3527 1432 praepositus,
3553 1347 3615 1423 il.
3640 1371 3820 1441 decanus,

2342 1445 2621 1508 totumque
2666 1446 2857 1501 matris
2882 1446 3136 1503 Ecclesiae
3173 1451 3576 1511 Suessionensis
3594 1461 3820 1531 capitulum,

2340 1527 2476 1582 viris
2514 1532 2932 1598 venerabilibus,
2973 1547 3029 1591 et
3075 1538 3129 1592 in
3169 1539 3392 1597 Christo
3440 1527 3740 1613 charissima.
3766 1527 3822 1607 de

2340 1631 2499 1686 cano,
2533 1630 2589 1675 et
2624 1624 2860 1692 capitqu
2904 1625 3277 1697 Laudunensi,
3314 1634 3578 1702 salutem;
3608 1646 3653 1693 et
3691 1641 3821 1708 proli-

2336 1708 2546 1766 bertate
2583 1711 2841 1770 Ecclesia:
2887 1726 3037 1774 stare
3068 1721 3320 1790 viriliter,
3353 1739 3454 1779 nec
3472 1726 3676 1783 deﬁcere
3699 1729 3738 1783 in
3758 1733 3820 1784 ad.

652 1802 796 1857 holio
819 1820 997 1858 uxvn
1026 1806 1422 1878 archiepiscopi
1451 1810 1798 1877 Parisiensis;
1826 1814 2056 1881 primum
2081 1830 2227 1868 eano-

2271 1789 2314 1844 B
2342 1801 2536 1857 versis.
2565 1802 2701 1857 Cum
2741 1804 2794 1860 in
2824 1806 3126 1875 huiusmodi
3156 1789 3446 1870 volutabro
3469 1817 3649 1871 nullam
3680 1830 3818 1875 certam

656 1890 812 1945 nicus
878 1891 1231 1960 Parisiensis;
1285 1898 1480 1953 deinde
1533 1901 1769 1955 decanus
1815 1890 2124 1971 Meldensis,
2173 1920 2237 1959 ac

653 1980 867 2034 tandem
899 1980 1547 2052 Laudunensis,ll9l.At
1570 2005 1693 2045 cum
1727 2000 1847 2061 post
1874 1992 1973 2048 hac
2003 1993 2237 2049 Michae-

651 2068 757 2121 lem
803 2070 903 2124 sibi
928 2070 981 2124 in
1011 2071 1273 2128 decanum
1304 2075 1639 2133 Parisienses
1665 2089 2030 2149 cooptassent,
2060 2083 2234 2137 obsti-

654 2165 768 2212 tere
796 2158 1207 2229 Laudunenses;
1252 2166 1470 2234 quibus,
1495 2176 1553 2221 ut
1603 2168 1750 2224 illum
1779 2171 2051 2237 cederent,
2100 2173 2237 2227 scri-

646 2248 756 2317 psit
824 2250 1104 2319 epistolam
1180 2253 1488 2323 Stephanus
1543 2256 1929 2317 Tornacensis.
2008 2264 2233 2319 Domum

644 2334 905 2394 doctrina:
972 2342 1297 2413 pietatisque
1357 2344 1498 2401 fama
1557 2346 1714 2420 longe
1785 2350 1999 2421 lateque
2050 2369 2235 2423 perso-

647 2438 832 2494 nante,
879 2434 1189 2501 patriarcha
1217 2452 1285 2491 ex
1313 2438 1519 2493 decano
1545 2438 1833 2498 Parisiensi
1865 2443 2109 2515 eligitur;
2142 2462 2234 2503 vc-

648 2532 766 2571 rum
800 2518 852 2573 in
880 2521 1072 2577 itinere
1098 2524 1304 2593 positus
1333 2527 1400 2580 ad
1426 2528 1607 2583 sedem
1632 2528 2001 2588 Senonensem
2033 2535 2234 2592 invitus

646 2607 872 2676 rapitur.
900 2609 1213 2667 Michaelem
1247 2615 1388 2671 inter
1416 2618 1854 2691 archiepiscopos
1894 2623 2234 2688 Senonenscs

653 2709 1015 2754 annumerant
1039 2699 1271 2758 Iacobus
1302 2721 1331 2758 a
1361 2705 1575 2774 Gnisia,
1605 2719 1659 2764 et
1684 2711 2069 2773 Demochares.

715 2786 807 2841 XI.
1084 2793 1318 2848 decanus
1354 2799 1623 2866 reperitur
1651 2801 1811 2857 1195.

717 2875 832 2930 XII.
1157 2884 1454 2951 paciscitur
1502 2901 1625 2943 cum
1698 2893 1982 2951 monachis
2041 2894 2230 2959 Sancti

642 2963 866 3022 Joannis
899 2968 1273 3028 Laudunensis
1307 2973 1465 3032 1195.

712 3079 847 3135 XIII.
886 3082 1055 3138 Adam
1093 3086 1160 3143 de
1187 3085 1537 3159 Cortlandon,
1580 3095 1665 3149 vir
1696 3096 1891 3154 nobilis
1916 3099 1970 3154 in
1997 3100 2117 3157 vico
2140 3117 2233 3158 co.
2259 3142 2304 3204 ο

712 3172 865 3204 uno...
892 3173 1172 3204 Dm....:-..:
1230 3179 1491 3204 L‘:-_.-_-_e
1530 3185 1610 3204 ___u
1634 3188 1646 3199 -
1695 3203 1701 3204 ,
1789 3198 1801 3204 -
1930 3190 1942 3201 α

643 3170 867 3228 mitatus
892 3173 1198 3243 Roussiaci,
1230 3179 1492 3239 Fismensi
1529 3185 1649 3242 urbi
1680 3190 2018 3246 contermina
2047 3204 2225 3249 natus.

641 3260 699 3315 In
755 3278 822 3319 eo
867 3275 1072 3336 septem
1124 3271 1441 3339 praebendas
1484 3276 1749 3346 fundavit,
1799 3296 1863 3336 ea
1898 3283 2035 3355 lege,
2083 3295 2142 3340 ut
2180 3286 2227 3341 si

639 3353 858 3420 quando
882 3357 1125 3411 canonici
1155 3361 1443 3427 persistere
1465 3380 1569 3419 non
1593 3378 1834 3436 possent,
1862 3353 2051 3427 earum
2083 3375 2227 3430 redi-

632 3448 729 3496 tus
765 3441 1004 3499 Ecclesia
1040 3446 1413 3508 Laudunensis
1436 3457 1757 3524 possideret.
1791 3461 2008 3518 Hostem
2052 3464 2228 3522 infen-

638 3529 911 3587 sissimum
971 3536 1160 3592 habuit
1204 3540 1305 3597 hac
1358 3551 1680 3615 tempestate
1747 3552 1934 3607 eadem
1984 3555 2222 3613 Ecclesia

638 3615 1013 3688 Ingelrannum
1043 3625 1109 3682 de
1143 3627 1430 3700 Couciaeo,
1461 3636 1552 3705 qui
1582 3639 1762 3695 omnia
1794 3643 2013 3701 ditionis
2036 3646 2224 3704 Eccle-

638 3711 733 3764 siae
772 3711 931 3776 bona,
960 3731 1145 3786 agros,
1172 3721 1338 3790 vicos,
1367 3733 1501 3792 etc.,
1531 3744 1683 3785 more
1719 3732 2099 3794 immanissimi
2139 3748 2223 3812 ty-

636 3799 795 3853 ranni
830 3801 1073 3873 diripuit,
1118 3811 1398 3880 expilavit,
1447 3815 1712 3873 decanum
1762 3825 1971 3880 carceri
2011 3799 2220 3886 manci-

638 3890 807 3957 pavit,
829 3902 884 3947 et
907 3896 975 3949 ad
1003 3910 1267 3955 summam
1289 3902 1655 3961 calamitatem
1679 3913 1969 3970 canonicos
1991 3917 2218 3988 redegit.

605 3977 998 4043 ,Quamobrem
1038 4000 1067 4038 a
1099 3987 1293 4045 divinis
1351 3991 1600 4050 laudibus
1650 3997 1866 4066 siluere,
1913 3977 2221 4072 priefatti'nt-

637 4084 745 4139 que
774 4070 1151 4143 lngelrannum
1190 4083 1540 4141 anathemate
1564 4102 1883 4157 percussere
1913 4070 1971 4150 et
2005 4095 2219 4154 Laudu-

636 4161 823 4217 nensis
868 4173 923 4219 et
961 4164 1244 4225 Bernensis
1296 4174 1589 4242 provincia:
1635 4181 1905 4239 antistites
1951 4187 2215 4255 universi,

635 4248 729 4317 qui
750 4266 905 4321 opem
931 4269 1121 4313 omnes
1143 4268 1200 4314 et
1227 4261 1468 4319 solamen
1494 4263 1941 4330 Laudunensibus
1964 4248 2214 4333 offerunt:

634 4337 903 4410 Locuples
949 4344 1171 4415 hujusce
1209 4351 1286 4406 rei
1340 4355 1704 4414 testimonium
1752 4364 2033 4432 proferunt
2076 4368 2217 4424 inter

633 4429 741 4482 alia
772 4431 965 4490 litteras
1013 4441 1397 4498 canonicorum
1453 4429 2078 4523 Remensis'EecIesiaa;
2121 4459 2217 4513 ha-

633 4517 768 4574 bent
791 4522 867 4578 ita
899 4543 914 4579 :
947 4544 967 4578 ι
1002 4528 1143 4584 Viris
1168 4536 1512 4600 venerandis,
1539 4547 1595 4593 et
1621 4540 1808 4596 amicis
1835 4548 2209 4604 reverendissi.

634 4610 759 4675 mis,
816 4614 1023 4671 Adamo
1067 4621 1271 4676 decano
1316 4626 1521 4696 totique
1561 4628 1934 4689 Lauduneusis
1960 4635 2214 4694 Ecclesiae

632 4700 893 4768 capitulo,
947 4704 1019 4759 M.
1048 4711 1391 4778 prmpositus,
1431 4714 1497 4768 II.
1551 4727 1760 4785 cantor,
1791 4724 2081 4794 exterique
2110 4728 2218 4784 Re-

634 4792 839 4846 mensis
861 4793 1115 4853 Ecclesia:
1148 4800 1365 4869 fratres,
1419 4805 1672 4874 salutem,
1701 4820 1756 4865 et
1782 4826 1970 4866 verum
1996 4824 2052 4870 et
2079 4832 2221 4895 eon-p

630 4890 866 4939 stantem
895 4886 1123 4943 sincera:
1152 4892 1459 4954 dilectionis
1499 4899 1773 4960 allectum.
1824 4908 1984 4965 Novit
2013 4910 2220 4980 cogita-

632 4970 843 5027 tionum
869 4985 924 5029 et
953 4992 1176 5047 operum
1205 4994 1479 5042 scrutator
1516 4999 1572 5045 et
1609 4996 1859 5064 cognitor
1887 4997 2034 5055 Deus
2070 4970 2214 5071 quod

640 5061 892 5132 injuriam
918 5081 1040 5136 quae
1070 5070 1214 5125 illata
1242 5082 1330 5130 est
1352 5077 1521 5144 vobis,
1545 5091 1651 5138 etc.
1669 5061 1882 5142 Scimus
1905 5090 2048 5144 enim
2070 5061 2216 5161 quod

630 5155 907 5226 negotium
979 5159 1120 5215 istud
1176 5165 1461 5224 universas
1530 5171 1802 5232 Ecclesias
1859 5155 2219 5239 communiter

630 5244 827 5314 tangit,
873 5256 930 5312 et
979 5264 1074 5317 per
1102 5250 1476 5322 impunitatem
1520 5263 1653 5317 tanti
1698 5262 1885 5337 ﬂagitii
1928 5284 2217 5327 commune

632 5332 886 5391 imminet
919 5341 1216 5409 periculum
1256 5348 1638 5409 ecclesiasticae
1683 5332 1970 5416 libertatis.
2010 5360 2115 5418 Sed
2146 5379 2215 5419 ne

631 5428 785 5483 vobis
835 5448 1027 5501 parum
1074 5439 1217 5508 quod
1262 5440 1528 5501 hactenus
1569 5449 1798 5509 fecimus
1827 5455 2096 5523 videatur,
2143 5460 2211 5517 ad

630 5522 995 5589 pmstandum
1027 5529 1179 5586 vobis
1208 5531 1425 5605 aliquod
1463 5541 1850 5599 consolationis
1881 5547 2207 5612 remedium,

630 5617 690 5661 et
721 5609 1008 5668 tollendam
1052 5619 1118 5673 de
1143 5623 1397 5679 cordibus
1424 5630 1622 5684 vestris
1651 5633 2032 5702 suspicionem,
2083 5651 2207 5691 cor-

628 5712 762 5766 pora
797 5711 1135 5773 sanctorum,
1158 5725 1278 5780 qua:
1305 5712 1358 5768 in
1385 5716 1608 5772 ecclesia
1633 5729 1813 5776 nostra
1839 5724 2205 5793 requiescunt,

2340 1889 2697 1949 hubuerimus
2720 1898 3077 1965 mansionem,
3101 1916 3203 1958 nec
3230 1904 3413 1960 adlmc
3426 1906 3579 1961 etiam
3596 1907 3819 1977 habeamus,

2337 1989 2445 2034 etc.
2478 1980 2699 2037 Turbati
2732 2000 2918 2041 sumus
2948 1989 3214 2056 siquidem
3251 2002 3308 2050 et
3336 1995 3587 2063 dolemus,
3634 2002 3807 2068 quodB:

2338 2069 2502 2123 clcsia
2553 2072 2684 2125 tanti
2739 2076 3004 2139 nominis,
3062 2087 3223 2134 tante
3276 2083 3568 2154 dignitatis,
3616 2104 3711 2158 qua
3742 2090 3819 2144 aliis

2337 2157 2594 2213 Ecclesiis
2627 2159 2678 2212 in
2728 2162 2956 2217 consilio
2993 2177 3049 2220 et
3099 2169 3305 2225 auxilio
3342 2187 3669 2230 consueverat
3686 2178 3817 2245 subre-

2337 2249 2476 2314 nire,
2532 2261 2587 2305 et
2637 2255 3030 2313 consolationis
3084 2264 3249 2316 ubera
3303 2268 3572 2338 porrigere
3625 2271 3816 2333 desolatis,

2335 2341 2536 2395 nost:is
2567 2346 2898 2414 temporibus
2913 2346 3025 2415 jam
3057 2357 3341 2419 praesentit
3389 2359 3704 2425 prtratnbulos
3720 2362 3818 2413 Anti-

2337 2428 2548 2483 christi.
2586 2429 2735 2487 Unde
2777 2434 2844 2488 ad
2890 2441 3322 2506 supportandum
3374 2459 3507 2500 onus
3537 2456 3745 2509 vestrum,
3783 2457 3815 2500 et

2334 2518 2721 2577 desolationem
2752 2533 3011 2594 vestram,
3041 2529 3148 2584 imo
3176 2543 3445 2601 nostram,
3479 2536 3664 2591 ardenti
3683 2538 3816 2601 animo,

2333 2617 2385 2663 et
2418 2610 2644 2668 ferventi
2676 2613 2966 2683 desiderio,
2994 2619 3156 2673 corda
3186 2630 3242 2675 et
3271 2638 3499 2693 corpora
3524 2636 3697 2692 nostra,
3720 2626 3815 2682 vobis

2334 2700 2605 2759 universis
2653 2714 2708 2759 et
2761 2705 2986 2777 singulis
3037 2713 3385 2781 exponimus,
3427 2724 3482 2770 et
3523 2731 3601 2772 res
3643 2726 3813 2777 nostras.

2334 2801 2590 2861 rogantes
2639 2811 2734 2851 vos
2763 2812 2885 2852 cum
2925 2812 3125 2869 quanta
3168 2809 3460 2873 possumus
3500 2807 3745 2875 al'fectiom,
3779 2820 3813 2864 et

2332 2882 2434 2937 sub
2464 2883 2666 2940 fmdcre
2696 2887 3001 2946 dilectionis
3031 2904 3084 2946 et
3111 2893 3390 2953 firmitatis
3417 2900 3551 2954 inter
3589 2917 3669 2956 nos
3698 2912 3812 2955 cuos

2333 2967 2385 3023 in
2425 2982 2701 3040 posterum
2731 2982 3140 3047 conservandae,
3168 2987 3531 3043 attentissime
3558 2990 3811 3060 requirimus,

2332 3072 2600 3131 quatenus
2644 3066 2840 3123 intuitu
2866 3069 3173 3129 dilectionis
3211 3088 3437 3146 mutum,
3479 3091 3532 3136 et
3557 3082 3662 3150 quia
3693 3096 3813 3135 sumus

2337 3148 2402 3203 ad
2434 3150 2667 3209 invicem
2695 3156 2990 3224 debitores,
3023 3159 3162 3216 bona
3198 3173 3387 3220 nostra
3419 3182 3533 3236 qua:
3563 3148 3687 3223 vobis
3709 3182 3812 3237 crpi-

2334 3238 2515 3295 nimus
2555 3250 2812 3313 tanquam
2858 3256 3038 3304 vestra
3077 3254 3299 3322 propria
3341 3258 3606 3327 accipiatis
3629 3259 3812 3312 conﬁden-

2330 3337 2413 3382 ter
2441 3338 2497 3384 et
2518 3346 2732 3400 secure,
2762 3344 2819 3389 et
2837 3336 2918 3391 eis
2958 3339 3033 3392 uti
3062 3339 3240 3397 velitis
3280 3344 3333 3397 in
3363 3346 3600 3402 omnibus
3630 3356 3806 3415 tanquam

2326 3420 2546 3485 vestris,
2570 3421 2693 3476 etsi
2731 3426 2886 3480 vobis
2916 3427 3181 3495 placuerit
3202 3434 3272 3487 ad
3300 3450 3400 3491 nos
3432 3437 3686 3502 divertere,
3712 3437 3811 3489 vobis

2326 3513 2498 3578 parati
2537 3526 2723 3570 sumus
2751 3530 3059 3585 occurrere,
3091 3533 3146 3576 et
3175 3538 3300 3579 cum
3324 3530 3473 3583 omni
3494 3529 3671 3583 honore
3690 3527 3809 3581 debito

2321 3613 2379 3653 et
2404 3601 2596 3657 devoto
2625 3604 2678 3659 in
2706 3605 2955 3664 domibus
2984 3612 3183 3668 nostris
3204 3629 3303 3672 vos
3337 3617 3617 3675 honorifice
3640 3618 3804 3687 recipere

2322 3697 2379 3742 et
2409 3689 2710 3748 liberaliter
2737 3706 3089 3764 pertractare.
3121 3718 3140 3752 ι

2394 3776 2600 3835 Solitos
2628 3791 2806 3839 autem
2838 3784 3008 3844 fuisse
3030 3789 3433 3852 ecclesiasticos
3474 3794 3605 3851 viros
3629 3810 3654 3850 a
3689 3792 3808 3864 preti-

2320 3867 2423 3924 bus
2473 3871 2728 3940 horariis,
2783 3884 2841 3930 et
2876 3892 2906 3931 a
2936 3878 3124 3936 divino
3167 3885 3442 3942 sacrificio
3492 3886 3671 3953 feriam,
3699 3887 3809 3938 donec

2320 3956 2461 4012 bona
2488 3959 2757 4031 dirempta
2794 3966 3215 4030 restituerentur
3242 3972 3497 4046 indigitat
3541 3975 3620 4031 lvo
3655 3975 3807 4030 Carnot.

2319 4048 2551 4117 epistola
2581 4050 2707 4105 121.

2391 4159 2629 4217 Tandem
2681 4165 2878 4221 mentis
2906 4181 3210 4238 compotem
3240 4172 3445 4231 factum
3493 4175 3806 4247 Ingelrannnm.

2321 4256 2377 4303 et
2426 4251 2694 4306 scelerum
2737 4256 3111 4326 pmnitentem,
3156 4261 3468 4334 Stephanus
3496 4266 3801 4325 Noviomcnsii.

2322 4347 2378 4392 et
2406 4339 2693 4397 Anselmus
2718 4342 3093 4404 Laudunensis
3133 4354 3393 4425 episcopi,
3433 4372 3463 4412 a
3494 4371 3676 4412 summo
3691 4353 3806 4425 ponii-

2332 4426 2430 4483 ﬁce
2452 4430 2702 4501 delegati,
2740 4435 3059 4493 criminibus
3088 4442 3325 4498 solvunt.

2255 4496 2299 4550 Β
2396 4496 2663 4573 Caeterum
2686 4496 2858 4575 Adam
2889 4526 3205 4583 societatem
3245 4532 3367 4591 iniit
3394 4552 3511 4593 cum
3542 4536 3592 4592 S.
3618 4530 3804 4589 Vincenlii

2313 4608 2601 4665 emnobitis
2624 4627 2768 4666 anno
2791 4613 2947 4668 1196.
2971 4616 3213 4687 Librum,
3239 4625 3325 4679 cui
3349 4627 3527 4683 titulus
3546 4624 3802 4683 Ordinarium

2318 4699 2593 4765 Ecclesia},
2636 4704 2751 4758 sive
2797 4704 2942 4761 Ordo
2987 4710 3155 4766 divini
3184 4712 3369 4786 olIieii,
3422 4720 3471 4773 in
3497 4732 3594 4790 quo
3628 4709 3803 4788 pmori.

2316 4786 2517 4842 buntur
2568 4806 2689 4861 qua:
2744 4805 2869 4849 sunt
2920 4798 3109 4857 diebus
3166 4805 3321 4862 festis
3372 4786 3688 4870 observanda,
3720 4815 3803 4856 eou-

2319 4882 2561 4953 scripsit.

2383 4973 2467 5028 Ad
2490 4989 2689 5031 annum
2717 4993 2889 5049 usque
2919 4983 3074 5050 l223,
3100 4987 3364 5046 decanum
3392 4991 3559 5062 egisse
3577 4994 3800 5045 consum

2319 5060 2667 5121 Chartulario
2704 5069 2943 5139 ejusdem
2973 5076 3236 5132 ecclesiae.

2387 5176 2525 5232 XIV.
2564 5179 2815 5239 Galterus
2852 5184 2921 5240 de
2953 5185 3220 5256 Chamhli,
3263 5192 3413 5262 enjus
3443 5191 3627 5248 familia
3659 5189 3701 5243 in
3726 5184 3797 5253 cpi

2313 5277 2536 5338 seopatu
2557 5270 2896 5331 Lauduneusi
2917 5276 3222 5334 clarissima
3245 5292 3328 5351 est
3350 5283 3617 5352 hodieque,
3634 5277 3797 5333 Bonum

2316 5358 2557 5423 perrexit
2587 5361 2908 5431 rescriptum
2936 5364 3327 5437 inquisitionis,
3357 5383 3414 5427 ut
3438 5379 3630 5432 vocant,
3661 5368 3797 5434 petite

2318 5459 2412 5499 rus
2438 5446 2700 5502 adversus
2727 5453 3039 5522 episcopum
3062 5454 3490 5527 Laudunensem,
3503 5458 3628 5530 quod
3644 5462 3794 5510 sum?"

2323 5546 2416 5587 sor
2444 5534 2697 5590 obtinuit.
2731 5537 2774 5591 E
2804 5542 2909 5594 vita
2949 5542 3146 5614 migrat
3172 5546 3331 5603 1229.

2385 5643 2505 5699 XV.
2549 5645 2945 5717 Stephannsde
2997 5653 3141 5718 Bria,
3189 5659 3469 5725 praefatum
3512 5647 3790 5724 inquisitionis

2317 5734 2635 5804 rescriptmn
2692 5739 2792 5805 ipsi
2843 5744 3114 5799 concessit
3158 5745 3431 5805 Romanus
3453 5743 3677 5823 pontifex.
3713 5750 3787 5808 il“
