4032 6336
4 481 20 516 t-

4 571 26 614 εἰ

4 667 23 700 ιι

5 753 26 796 ξ

223 417 364 476 .1161

1325 415 1534 472 DOMNI
1571 408 1635 471 L‘.
1677 411 2018 470 uacuam
2063 411 2291 468 sum.
3214 365 3218 382 Ι
3345 395 3493 480 nea

229 541 559 590 sententiam
591 531 1168 587 ex'comtnunicatimtis
1210 531 1261 584 in
1288 531 1552 586 decanum
1585 541 1642 585 et
1664 531 1809 600 capi-
1842 537 1886 590 Α
1917 527 2189 598 pontilicis
2235 541 2575 596 perspectmn
2631 528 2876 586 habetur.
2917 550 2955 591 ,ι
3015 530 3093 585 Tu
3121 573 3136 596 ,
3190 532 3475 600 httjttsm‘od

233 623 400 678 tulum
429 621 692 693 prolatam
723 625 899 694 coegit
931 623 1242 693 episcopum
1278 637 1556 676 revocare.

306 716 380 770 De
408 714 685 784 Stephano
709 714 1034 770 mentionem
1081 715 1211 769 facit
1238 714 1643 769 Chartulariu—m
1671 711 1814 766 Lau-

235 805 476 860 dunense
503 804 572 860 ab
625 820 767 858 anno
819 805 957 859 1230
986 820 1158 875 usque
1195 805 1262 859 ad
1312 803 1465 866 1252,
1509 803 1765 872 additque
1797 821 1812 855 :

1916 623 2158 690 gratiose
2207 619 2299 672 tibi
2341 619 2535 674 factam
2571 635 2605 675 a
2647 622 2800 676 nobis
2835 623 3064 693 gratiam
3098 633 3375 694 gratanter
3405 641 3491 682 re-

1917 712 2125 781 cipiens
2148 721 2203 764 et
2233 719 2509 778 paternam
2543 727 2703 780 quam
2738 715 2804 768 ad
2832 723 2883 769 te
2903 715 3144 785 gerimus
3173 717 3498 773 benevolen-

1915 800 2047 854 tiam
2084 814 2148 854 ex
2185 799 2288 854 hoc
2317 800 2528 869 plenius
2555 815 2980 872 recognoscens,
3009 805 3367 876 provisionem
3395 809 3499 862 hu-

237 893 499 964 Stephani
547 896 857 950 testamenti
897 903 1184 950 exsecutor
1241 895 1450 949 exstitit
1481 891 1714 948 Jacobus
1749 894 1816 947 de
1911 887 2143 957 jusmodi
2200 891 2526 957 receptasti,
2585 900 2641 944 et
2686 894 2901 950 tandem
2950 910 3047 964 per
3093 904 3212 950 tuas
3260 895 3494 964 litteras,

233 984 464 1050 Trecis,
520 987 695 1042 dictus
750 985 1066 1052 Pantaleon,
1125 1003 1218 1043 seu
1277 989 1344 1041 de
1399 985 1814 1056 Gnatopalatio,

233 1077 534 1132 canonicus
559 1076 958 1147 Laudunensis,
990 1080 1333 1149 postmodum
1360 1094 1606 1134 summus
1644 1079 1818 1149 ponti—

235 1167 319 1222 lex
353 1167 554 1223 Urbani
595 1167 658 1222 IV
683 1171 928 1226 nomine.

235 1297 238 1301 ι
306 1259 648 1317 ΧνΙ.ίῦιιίιίο
669 1261 736 1317 de
759 1261 954 1317 Castro
975 1263 1282 1319 Portuensi.
1316 1280 1335 1314 ι
1367 1262 1466 1330 Qui
1488 1249 1677 1335 (verba
1694 1273 1819 1318 sunt

233 1350 586 1422 Chartularii)
627 1349 740 1407 l'ere
779 1368 876 1422 per
901 1368 1100 1407 annum
1145 1363 1199 1408 et
1226 1354 1456 1424 amplius
1495 1370 1592 1424 pro
1613 1355 1818 1410 decano

225 1457 294 1495 se
317 1457 426 1511 geri
440 1457 504 1498 re
529 1443 721 1509 noluit,
739 1444 964 1514 ideoque
981 1447 1200 1500 sedebat
1220 1446 1511 1516 capitulum
1531 1463 1821 1517 suppresso

235 1532 455 1588 nomine
485 1534 696 1589 decanl.
734 1553 753 1588 ι
786 1534 892 1590 Sed
921 1536 1007 1590 ubi
1049 1536 1368 1591 decanatum
1412 1537 1736 1604 abdicasset,
1767 1541 1819 1606 in

233 1624 549 1692 episcOpum
580 1625 1024 1683 Suessionensem
1047 1639 1271 1684 evectus
1301 1638 1402 1685 est.

309 1714 471 1770 XVII.
503 1716 687 1774 ﬂuido
713 1717 780 1773 de
807 1717 1109 1790 Triangulo
1143 1735 1210 1774 ex
1249 1721 1632 1776 archidiacouo
1666 1721 1822 1790 hujus

241 1803 495 1860 Ecclesiae
541 1807 805 1873 decanus,
851 1823 993 1863 anno
1040 1811 1201 1877 1251,
1245 1827 1432 1868 mense
1472 1811 1628 1868 Maio.
1674 1832 1692 1864 ι
1730 1813 1822 1868 Sic

229 1895 379 1949 enim
424 1912 492 1950 eo
517 1905 757 1967 tempore
796 1901 1087 1969 praedictus
1132 1902 1308 1958 Guido
1356 1905 1422 1959 de
1459 1904 1649 1962 Castro
1693 1907 1824 1962 Por-

233 1986 412 2040 tuensi
466 1987 797 2044 renuntiavit
847 1991 1167 2058 decanatui,
1215 2004 1270 2050 et
1316 1995 1416 2050 fuit
1461 1997 1514 2052 iu
1563 1999 1824 2054 decanum

232 2074 445 2131 electus
471 2079 723 2132 dominus
737 2077 920 2135 Guido
943 2083 1010 2137 de
1035 2081 1346 2156 Triangulo.
1379 2107 1396 2139 ι
1423 2086 1824 2144 Chartularium

239 2178 386 2231 saepe
409 2165 756 2234 productum.
801 2169 849 2224 Is
873 2179 1051 2225 autem
1079 2172 1382 2230 decessoris
1404 2186 1621 2231 secutus
1639 2193 1826 2233 exem-

241 2256 418 2326 plum,
467 2275 590 2314 cum
623 2277 721 2331 per
757 2278 958 2318 antrum
999 2256 1512 2332 decanussedisset,
1555 2271 1732 2326 medio
1771 2272 1824 2325 in

237 2353 480 2421 capitulo
500 2370 563 2408 ea
589 2371 647 2409 se
667 2356 932 2426 dignitate
953 2359 1201 2430 deposuit
1224 2377 1366 2416 anno
1389 2363 1639 2420 videlicet
1667 2367 1822 2420 1235.

242 2443 390 2500 Idem
413 2443 838 2502 Chartularium‘.

321 2531 503 2588 XVIII.
537 2534 713 2613 lterus
741 2535 807 2591 de
844 2535 1132 2602 Malonido,
1162 2538 1330 2596 frater
1353 2541 1590 2596 Anselmi
1615 2541 1827 2596 L--udu-

248 2629 434 2681 nensis
459 2628 747 2694 antistitis,
777 2629 1208 2696 archidiaconus,
1237 2634 1508 2688 communi
1532 2638 1824 2690 canonico-

243 2735 363 2772 rum
399 2719 656 2789 suffragio
695 2719 934 2776 decanus
973 2721 1210 2794 eligitur.
1247 2723 1366 2778 lniit
1415 2739 1543 2778 ann.
1585 2725 1724 2781 1256
1761 2727 1827 2780 ad

245 2810 403 2866 1258.
437 2810 621 2865 Prodit
659 2811 774 2867 haec
804 2810 1235 2879 Chartularium,
1269 2815 1412 2870 velut
1445 2826 1500 2871 et
1543 2816 1683 2873 ltero
1714 2834 1833 2872 mu-

247 2903 330 2955 nia
349 2903 644 2958 decantatus
657 2907 917 2966 olieunte,
933 2904 1165 2961 Jacobus
1189 2909 1252 2962 de
1265 2906 1458 2963 Trecis
1475 2909 1650 2978 (cujus
1668 2925 1828 2980 supra

244 2991 611 3062 meminimus)
639 2994 866 3057 litteris,
905 2996 1030 3066 jure
1081 2998 1422 3067 potissimum
1473 3001 1732 3055 canonico
1777 3013 1832 3055 et

244 3079 515 3151 theologia
561 3085 801 3153 apprime
841 3085 1107 3148 eruditus,
1151 3087 1444 3140 eanonicus
1479 3097 1532 3142 et
1564 3089 1832 3143 archidia-

241 3175 414 3224 cottus
459 3170 859 3236 Laudunensis.
903 3173 1262 3243 capellaniam
1307 3175 1359 3228 in
1393 3176 1512 3230 aede
1546 3192 1640 3231 sua
1681 3177 1830 3254 clau-
1858 3209 1903 3270 ο

241 3261 400 3315 stt-ali
443 3261 732 3318 aedificavit
771 3273 826 3318 et
873 3263 1144 3331 fundavit;
1177 3264 1329 3334 cujus
1365 3248 1706 3322 conferendae
1740 3269 1831 3338 jus

245 3354 316 3409 ad
349 3354 638 3423 decanum,
667 3356 790 3411 sive
806 3356 876 3410 ad
900 3372 1022 3412 eum
1048 3358 1142 3426 qui
1170 3357 1350 3414 divina
1373 3358 1546 3414 cilicia
1575 3359 1828 3425 celebrat,

243 3443 728 3501 hebdomadarium
775 3447 935 3519 vulgo
971 3450 1286 3514 vocitatum,
1318 3450 1532 3505 attinet.
1573 3451 1650 3506 En
1695 3452 1832 3507 litte-

250 3548 436 3589 rarum
479 3535 729 3606 pericope
767 3537 1120 3594 linidationis.
1161 3557 1180 3590 ι
1232 3539 1512 3595 Universis
1544 3553 1833 3608 praesentes

247 3625 460 3682 litteras
488 3627 844 3698 inspecturis,
892 3628 1068 3683 lterus
1109 3631 1386 3693 decanus,
1439 3639 1495 3684 et
1541 3631 1831 3700 capitulum

241 3720 630 3786 Laudunense,
685 3723 736 3776 in
781 3721 972 3775 salutis
1027 3723 1265 3778 Auctore
1309 3723 1560 3779 salutem.
1616 3722 1837 3780 Now-rit

244 3813 576 3869 universitas
629 3825 832 3877 vestra,
881 3817 1034 3885 quod
1082 3833 1206 3871 cum
1263 3817 1493 3874 diiectus
1545 3819 1836 3874 canonicos

245 3915 441 3963 noster
471 3905 723 3963 dominus
749 3905 986 3966 Jacobus
1027 3909 1094 3964 de
1127 3908 1319 3964 Trecis
1359 3911 1412 3966 in
1443 3911 1604 3966 domo
1641 3927 1741 3966 sua
1783 3911 1836 3966 in

246 3994 490 4052 claustro
515 3995 857 4052 Laudttnensi
881 4038 894 4060 ,
928 4013 1088 4066 quam
1118 4013 1147 4052 a
1175 3999 1331 4054 nobis
1369 4001 1436 4056 ad
1472 4001 1638 4055 vitam
1683 4016 1836 4057 suam

246 4095 485 4153 emerat,
513 4087 837 4142 aediﬁcasset
868 4089 934 4142 de
959 4103 1116 4154 novo,
1137 4104 1246 4144 non
1269 4091 1537 4146 modicum
1561 4101 1840 4162 sumptuo-

242 4192 504 4242 sam,nos
525 4181 886 4246 attendentes,
933 4184 1246 4238 etc.Actum
1279 4199 1421 4238 anno
1444 4185 1652 4240 Domini
1678 4184 1837 4254 19.37,

247 4279 440 4323 mense
465 4267 627 4330 Iulio,
658 4269 793 4324 feria
829 4273 982 4326 tertia
1007 4281 1130 4342 post
1160 4271 1537 4329 Pentecosten.
1565 4293 1584 4325 ο

328 4359 470 4414 XIX.
509 4361 789 4430 Gai-uerus
818 4362 1057 4416 decanus
1093 4364 1586 4421 exrarchidiacono
1627 4364 1841 4420 Laudu-

247 4452 426 4514 nensi,
460 4453 656 4508 deinde
683 4454 970 4524 episcopus
999 4457 1238 4524 ejusdem
1279 4456 1532 4512 Ecclesia:
1573 4458 1624 4512 in
1663 4459 1838 4512 locum

1919 981 2178 1050 expositis
2205 981 2526 1049 quibusdam
2553 984 2658 1039 tuis
2689 985 3099 1042 rationabilibus
3118 990 3492 1044 excusationi—

1918 1073 2038 1138 bus,
2061 1070 2369 1142 supplieasti
2395 1073 2548 1127 nobis
2575 1074 2850 1130 humiliter
2875 1087 2934 1130 ut
2958 1079 3332 1136 excusationes
3355 1082 3500 1150 ipsas

1917 1164 2226 1229 admittere,
2251 1171 2410 1233 teque
2433 1179 2464 1218 a
2492 1166 2800 1235 provisione
2820 1182 3118 1223 exonerare
3137 1171 3413 1239 praedicta,
3443 1183 3502 1227 et

1920 1256 2242 1312 decanatum
2289 1257 2538 1312 eumdem
2589 1258 2836 1316 conferre
2880 1259 2969 1314 alii
3011 1275 3256 1330 persona:
3294 1263 3501 1320 idoneas

1919 1333 2258 1403 curaremus.
2292 1347 2401 1404 Nos
2439 1350 2620 1419 igitur.
2661 1369 2679 1402 ι
2717 1362 2825 1406 etc.

1995 1438 2158 1493 XXII.
2191 1438 2428 1496 Joannes
2458 1458 2520 1496 ex
2554 1445 2839 1511 praeposito
2861 1441 3162 1500 Torlatensi
3190 1459 3336 1500 anno
3364 1446 3502 1500 1265

1925 1530 1992 1584 ab
2032 1528 2250 1585 Urbano
2287 1547 2424 1602 papa
2461 1531 2739 1587 suﬂicitur.
2778 1533 2902 1589 Fuit
2934 1518 3158 1606 insignis
3185 1535 3506 1591 litteratum:

1921 1633 1978 1680 et
2005 1624 2222 1696 pietatis
2253 1626 2306 1680 in
2334 1626 2626 1681 Parisiensi
2668 1629 2942 1682 academia
2979 1628 3261 1699 theologia.-
3298 1628 3502 1698 profes-

1925 1731 2040 1782 sor,
2070 1717 2523 1787 quemadmodum
2559 1717 2798 1787 pontifex
2839 1717 2926 1773 ilIe
2963 1719 3233 1789 signiﬁcat
3263 1736 3276 1772 :
3314 1735 3334 1769 ι
3376 1717 3507 1772 Per-

1875 1875 1893 1880 __
1926 1823 2136 1874 sonam,
2188 1809 2394 1880 inquit,
2436 1809 2700 1879 insignem
2748 1825 2868 1862 cum
2912 1824 3104 1879 magna
3149 1809 3508 1864 sollicitudine

1925 1910 2256 1972 quaarentes.
2272 1916 2391 1970 qua:
2406 1899 2666 1954 virtutum
2685 1899 2930 1970 insigniis
2951 1900 3225 1964 decorata,
3242 1899 3296 1954 in
3317 1900 3507 1954 eadem

1925 1989 2156 2047 ecclesia
2191 1988 2536 2046 Laudunensi
2574 2004 2669 2064 per
2715 1989 2896 2043 multae
2934 1987 3226 2060 diligentia:
3269 1989 3508 2044 studium

1929 2079 2250 2150 multiplicet
2297 2090 2614 2136 ornamenta
2667 2079 2899 2143 decoris,
2933 2079 2998 2132 ad
3049 2077 3303 2148 dilecmm
3339 2078 3508 2134 liliun

1930 2171 2252 2242 magistrum
2285 2169 2544 2246 Joannem
2574 2169 2920 2248 prmpositum
2950 2167 3322 2225 Torlatensem
3355 2167 3513 2226 Mori-

1930 2262 2113 2316 nensis
2143 2261 2417 2325 diazcesis,
2465 2259 2804 2329 capellanum
2837 2267 3113 2324 nostrmn,
3143 2266 3397 2328 tanquam
3441 2260 3514 2313 ad

1931 2353 2104 2408 virum
2133 2351 2274 2407 fama
2300 2350 2647 2420 przeclarum,
2685 2359 2741 2404 et
2765 2350 2963 2412 virum,
2987 2350 3129 2405 sicut
3155 2365 3184 2403 a
3211 2349 3312 2406 fide
3335 2351 3514 2421 digni;

1932 2447 2217 2511 habemus,
2247 2445 2490 2514 probata-2
2519 2443 2824 2508 virtutis,et
2850 2431 3135 2513 probitatis
3161 2451 3415 2514 experta,
3448 2459 3515 2502 ac

1935 2526 2214 2610 regentem
2261 2537 2485 2592 Parisiis
2523 2537 2576 2591 in
2618 2535 2926 2608 Theologia:
2965 2528 3268 2602 Facultate,
3295 2548 3515 2609 aposto-

1935 2628 2096 2684 licum
2136 2629 2506 2684 convertimus
2538 2627 2812 2691 intuitum,
2850 2645 2870 2679 ο
2903 2638 3009 2682 etc.
3179 2669 3209 2692 η
3369 2683 3371 2685 ,

1999 2721 2209 2777 Joanne
2235 2737 2301 2775 ex
2331 2718 2546 2774 mortali
2573 2719 2680 2772 vita
2717 2719 2930 2772 sublato
2959 2717 3115 2781 1268,
3147 2719 3263 2782 sive
3292 2718 3450 2784 1269,

2001 2812 2186 2868 XXIII.
2228 2811 2546 2868 Guillelmus
2575 2810 2640 2865 de
2673 2809 2964 2864 Matiscone
2993 2804 3180 2864 locum
3205 2811 3372 2880 ipsius
3398 2827 3516 2866 sor-

1935 2905 2069 2958 titur
2087 2904 2158 2959 ad
2186 2918 2385 2957 annum
2411 2900 2632 2956 circiter
2654 2898 2810 2953 1271.
2837 2899 3040 2953 Deinde
3063 2900 3133 2953 ad
3156 2899 3515 2970 episcopalem

1933 2985 2313 3049 Ambianensis
2344 2985 2601 3048 Ecclesia:
2637 2991 2822 3044 sedem
2864 2998 3142 3053 evocatus,
3185 2991 3238 3043 in
3283 2991 3516 3061 gratiam

1933 3071 2375 3142 Laitdunensium
2423 3096 2570 3157 anno
2617 3081 2756 3137 1279
2803 3081 2922 3135 tulit
2962 3085 3324 3149 sententiam;
3377 3084 3518 3142 inter

1935 3176 2140 3232 castera'
2165 3178 2330 3232 habet
2377 3175 2525 3231 ista:
2563 3193 2581 3226 ι
2629 3173 2742 3229 Nos
2782 3173 3099 3230 Guillclmus
3145 3172 3517 3238 Atnbianensis

1937 3270 2241 3341 episcopus,
2273 3279 2404 3334 εις..
2445 3270 2790 3326 attendentes
2825 3267 2991 3321 etiam
3029 3265 3264 3336 qualiter
3292 3281 3356 3323 eo
3382 3275 3518 3322 tem.

1936 3377 2068 3431 pore
2096 3379 2204 3434 quo
2226 3364 2279 3418 in
2305 3362 2482 3419 oﬂicio
2507 3363 2708 3418 fuimus
2735 3361 3034 3417 decanatus
3062 3360 3272 3436 nosusi
3289 3361 3520 3434 paciﬁca

1934 3453 2136 3511 fuimus
2167 3459 2219 3510 in
2249 3456 2542 3525 praedictis,
2580 3474 2599 3508 ι
2627 3464 2732 3510 etc.
2797 3515 2802 3532 ξ
3249 3505 3252 3508 λ
3297 3525 3300 3528 ί

1985 3547 2200 3618 XXIV.
2223 3549 2462 3605 Joannes
2481 3548 2790 3619 llaynaldus
2807 3546 3104 3602 eanouicus
3125 3543 3515 3611 Laudunensis.

1939 3656 2103 3711 quem
2133 3642 2399 3696 decanum
2425 3639 2725 3712 Gtegorius
2759 3657 2894 3711 papa
2925 3637 2974 3695 Χ
3004 3639 3244 3694 declarat
3271 3641 3338 3692 ad
3377 3640 3519 3694 hunc

1939 3736 2198 3792 modum:
2237 3755 2255 3788 ι
2302 3734 2600 3806 Gregorius
2643 3735 2958 3806 episcopus,
2998 3748 3188 3790 servus
3236 3747 3519 3790 servorum

1938 3829 2056 3893 Dei,
2088 3829 2287 3885 dilecto
2321 3829 2434 3884 lilio
2474 3828 2734 3906 magistro
2770 3826 2963 3896 Joanni
3003 3825 3310 3898 Raynaldo,
3343 3828 3520 3899 capel-

1939 3922 2063 3976 lano
2090 3933 2300 3988 nostro,
2326 3931 2432 3978 etc.
2473 3921 2608 3976 Ilinc
2640 3930 2728 3978 est
2760 3914 2901 3991 quod
2941 3937 3040 3977 nos
3060 3934 3347 3990 personam
3375 3929 3407 3975 ιι
3432 3937 3521 3976 am

1939 4013 2009 4068 ob
2032 4003 2244 4068 tuorum
2270 4015 2587 4069 meritorum
2616 4014 3030 4084 przerogatiram
3063 4011 3246 4068 favore
3273 4012 3523 4082 specialis

1937 4107 2122 4180 gratiae
2132 4118 2541 4179 prosequentes.
2555 4102 2876 4164 decanatum
2889 4105 3142 4162 Ecclesia:
3151 4103 3522 4161 Laudunensis

1939 4215 2065 4254 cum
2115 4200 2230 4255 suis
2257 4198 2496 4269 juribus,
2529 4199 2892 4259 libertatibus,
2933 4207 2989 4252 et
3034 4196 3397 4266 pertinentiis,
3422 4210 3524 4265 per

1941 4291 2163 4346 liberam
2195 4291 2613 4363 resignationem
2641 4291 2822 4345 dilecti
2852 4289 2943 4343 lilii
2977 4287 3222 4358 magistri
3251 4287 3520 4344 Guillelmi

1944 4384 2010 4440 de
2039 4383 2354 4450 Matiscone,
2398 4395 2529 4440 tunc
2573 4384 2745 4454 ipsius
2789 4382 3044 4438 Ecclesia:
3077 4381 3287 4441 deeani,
3327 4381 3525 4435 in‘ma-

1945 4477 2103 4533 nibus
2128 4479 2330 4534 nostris
2359 4480 2590 4542 factam;
2623 4477 2717 4532 tibi
2765 4475 2932 4545 ipsius
2968 4475 3220 4542 Ecclesia;
3259 4475 3524 4529 canonico

247 4544 492 4600 Anselmi
549 4544 806 4600 suffectus
853 4556 956 4602 est.
1001 4547 1200 4607 ,liebus
1258 4547 1510 4605 humanis
1556 4567 1836 4621 exemptus
1869 4573 1916 4633 ι)
1943 4568 2008 4624 de
2035 4570 2208 4640 gratia
2259 4570 2478 4640 speciali
2523 4544 2904 4632 concedimus,
2944 4566 3286 4636 providemus
3319 4567 3416 4621 tibi
3454 4568 3522 4621 (ιθ

245 4641 397 4688 anno
438 4635 597 4699 1249,
643 4636 852 4706 primus
894 4637 1135 4690 omnium
1180 4637 1512 4706 sepulturam
1561 4641 1735 4693 medio
1782 4640 1836 4696 in

245 4724 420 4778 choro
456 4725 783 4781 cathedralis
813 4726 1056 4782 ecclesia?
1092 4727 1357 4786 sortitur:
1402 4727 1666 4796 siquidem
1715 4741 1838 4786 ante

249 4817 359 4871 hac
378 4817 616 4888 episc0pi
641 4817 693 4872 ln
706 4815 1216 4876 San-Vineentiana
1232 4819 1462 4878 ecclesia
1487 4821 1652 4895 (quod
1677 4839 1838 4894 supra

248 4917 500 4962 notatum
536 4907 640 4978 est)
656 4909 1083 4964 ‘funerabantur.

255 4993 262 4998 ’
323 4994 445 5051 XX.
487 4996 808 5052 Guillelmus
833 4996 1122 5054 Remensis
1151 4999 1567 5056 archidiaconus
1594 4999 1841 5057 Garnero

249 5087 308 5143 in
344 5087 656 5158 episcopum
694 5089 920 5154 allecto,
952 5090 1192 5146 decanus
1227 5100 1312 5146 est
1341 5092 1671 5163 designatus.
1703 5094 1842 5149 Sub-

250 5179 473 5248 scripsit
503 5177 720 5242 litteris,
749 5194 816 5233 an
843 5179 1000 5234 1244.
1023 5181 1101 5236 Ac
1127 5181 1340 5236 demum
1362 5199 1634 5254 purpureo
1661 5185 1842 5256 galero

250 5269 322 5324 ab
355 5267 575 5324 Urbano
601 5284 736 5340 papa
769 5268 835 5325 IV
863 5268 1099 5326 donatur
1125 5272 1283 5327 1265.
1438 5261 1442 5264 ⁴

328 5358 470 5415 XXI.
499 5359 676 5416 Helias
702 5361 770 5417 de
790 5359 1024 5418 Catureo
1045 5363 1128 5417 vir
1155 5378 1366 5418 morum
1395 5365 1667 5434 probitate
1690 5366 1841 5431 iuxta

247 5463 421 5522 atque
471 5454 714 5510 scientiis
763 5453 984 5520 clarus;
1035 5456 1267 5525 primum
1324 5453 1616 5512 canonicos
1665 5458 1842 5524 Paris,

251 5535 456 5600 deinde
485 5562 515 5600 a
553 5561 765 5603 summo
801 5545 1057 5603 Ecclesiae
1097 5547 1381 5604 hierareha
1424 5551 1661 5606 decanus
1705 5553 1845 5609 Lau-

253 5636 522 5694 dunensis
555 5641 822 5696 asseritur
877 5639 1006 5695 1261
1061 5640 1142 5696 vel
1192 5640 1351 5696 1262.
1399 5642 1450 5698 Is
1496 5643 1844 5703 nihilominus

253 5745 431 5798 pauco
460 5742 581 5802 post
609 5742 852 5802 tempore
881 5735 933 5789 id
967 5735 1209 5790 muneris
1244 5748 1396 5806 papa:
1426 5738 1660 5792 reddidit
1693 5740 1842 5794 alteri

249 5817 678 5886 conferendum,
711 5823 854 5891 quod
901 5825 986 5878 his
1017 5839 1080 5878 ex
1113 5825 1310 5880 litteris
1354 5827 1572 5883 bullatis
1605 5828 1842 5900 ejusdem

585 5939 856 5998 ΡΑτοι..
897 5935 1101 6000 CLVI.

1941 4661 2053 4728 illo,
2101 4670 2156 4716 et
2207 4671 2260 4718 te
2309 4678 2406 4730 per
2446 4662 2704 4716 annulum
2753 4669 2994 4715 nostrum
3036 4661 3373 4726 investimus,
3412 4673 3520 4716 etc.

1939 4755 2133 4810 Datum
2164 4755 2305 4824 apud
2333 4754 2533 4810 Urbem
2561 4766 2818 4816 veterem,
2857 4755 3094 4820 secundo
3124 4754 3248 4810 ldus
3272 4754 3476 4810 Januar
3501 4796 3518 4818 .

1943 4848 2292 4916 pontiﬁcatus
2337 4845 2510 4900 nostri
2557 4861 2702 4900 anno
2745 4846 2969 4918 primo;
3013 4866 3031 4899 ι
3075 4848 3166 4917 qui
3211 4848 3264 4901 in
3315 4864 3519 4904 annum

1941 4933 2130 4990 incidit
2161 4933 2318 4989 1271.

2013 5024 2180 5080 XXV.
2222 5024 2531 5094 Stephanus
2570 5025 2635 5080 de
2670 5025 2804 5080 Villa
2838 5025 3008 5082 Mauri
3046 5028 3364 5098 subscrth
3395 5030 3519 5100 qui-

1943 5117 2170 5174 busdam
2207 5118 2427 5172 schedis
2463 5117 2619 5173 1290.
3443 5141 3447 5148 ·

2013 5209 2203 5265 XXVI.
2248 5208 2396 5264 Milo.
2425 5209 2501 5264 De
2531 5224 2637 5278 quo
2678 5210 2792 5264 haec
2826 5210 3028 5264 habent
3057 5210 3244 5265 litterae
3271 5228 3290 5264 :
3323 5229 3344 5262 ι
3391 5210 3521 5267 Uni-

1948 5302 2117 5356 versis
2153 5310 2451 5370 praesentes
2477 5301 2685 5355 litteras
2732 5302 3078 5370 inspectnris,
3117 5302 3244 5356 Milo
3283 5304 3521 5358 decanus

1940 5403 1996 5449 et
2019 5381 2318 5464 capitulum
2341 5392 2722 5456 Laudunense,
2751 5393 3047 5447 salutemin
3077 5395 3312 5448 domino.
3349 5392 3521 5449 Nove-

1946 5485 2064 5540 ritis
2085 5484 2225 5553 quod
2256 5499 2379 5538 cum
2415 5499 2514 5537 nos
2543 5498 2686 5536 anno
2733 5484 2866 5538 1295
2895 5484 2982 5538 die
3017 5483 3169 5539 Jovis
3207 5495 3332 5539 ante
3374 5483 3522 5539 Nati-

1946 5578 2164 5633 vitalem
2191 5577 2332 5632 beati
2359 5575 2581 5632 Joannis
2599 5575 2873 5646 Baptistae,
2888 5577 3021 5630 hora
3047 5578 3288 5648 capituli.
3312 5580 3524 5648 pulsata

1945 5683 2236 5738 campana,
2271 5678 2428 5738 prout
2462 5671 2629 5750 moris
2655 5679 2763 5734 est,
2793 5685 3040 5726 essemus
3077 5671 3130 5726 in
3168 5680 3354 5727 nostro
3375 5673 3528 5740 capio

1948 5762 2060 5816 tulo
2085 5764 2319 5830 generali
2339 5763 2620 5819 constituti
2642 5763 2706 5817 de
2725 5770 2900 5818 status
2922 5760 3304 5818 reformatione
3330 5771 3526 5816 nosme

1947 5850 2320 5910 Lauduucnsis
2354 5855 2625 5924 Ecclesize,
2665 5875 2682 5908 ι
2717 5865 2823 5910 etc.

3062 5947 3140 6007 37
