4032 6326
574 387 709 442 1165

1423 380 1514 433 AD
1551 377 1699 434 OPP.
1745 375 1899 434 νεα.
1926 377 2249 436 GUIBERTI
2286 379 2373 434 DE
2404 377 2796 438 NOVIGEN'I’O

3683 385 3796 441 1161

642 502 851 559 XXVII.
908 499 1054 569 llugo
1100 497 1164 552 de
1213 495 1555 552 Castellione.
1616 497 1749 551 Huic
1798 497 2050 552 Clemens
2103 496 2140 550 V
2174 507 2219 560 Α
2320 498 2561 553 XXXIX.
2633 499 2871 554 Joannes
2913 496 3216 568 Marteguin
3266 496 3425 552 annis
3482 495 3798 557 1421-136.

568 610 727 665 papa,
761 602 872 645 tum
917 587 1141 642 Pictavii
1188 586 1417 656 degens,
1464 587 1806 657 privilegium
1854 587 2141 650 concessit,

568 687 651 741 sui
693 680 1036 754 pontificatus
1082 693 1227 732 anno
1265 678 1524 741 secundo,
1565 686 1834 746 quatenus
1871 693 1899 730 a
1931 678 2144 733 Laudu—

566 776 720 833 nensi
759 772 998 829 Ecclesia
1038 770 1108 826 ob
1154 771 1397 840 quaedam
1444 771 1653 840 privata
1704 772 1918 841 negotia
1966 783 2145 840 posset

564 862 780 919 abesse.
830 861 913 915 Ab
967 874 1109 914 anno
1157 858 1296 915 1298
1338 859 1660 913 decanatum
1712 860 1879 927 gessit
1929 859 1996 912 ad
2049 874 2144 913 an-

564 969 691 1008 num
725 951 884 1007 1510.
1644 994 1647 997 .

635 1043 869 1100 XXVIII.
908 1041 1207 1098 Garnerius
1234 1058 1303 1098 ex
1333 1041 1536 1096 familia
1567 1042 1630 1095 de
1664 1040 1909 1104 Thoulis,
1935 1050 1993 1094 ut
2017 1056 2144 1095 cun-

561 1145 667 1192 stat
719 1150 784 1190 ex
828 1132 1175 1189 instrumenti
1221 1131 1443 1200 hujusce
1488 1132 1711 1185 verbis:
1767 1150 1785 1181 ι
1840 1131 1992 1184 Anno
2044 1131 2143 1185 Do-

561 1226 692 1281 mini
727 1226 887 1293 15l2,
914 1234 1107 1295 quarta
1132 1225 1217 1279 die
1246 1224 1446 1278 mensis
1475 1223 1802 1285 Decembris,
1831 1223 1912 1277 vir
1941 1222 2144 1276 discre-

560 1325 675 1386 lus,
694 1316 943 1373 dominus
958 1314 1252 1371 Garnerius
1277 1314 1343 1370 de
1364 1314 1607 1378 'I‘houlis,
1626 1313 1863 1367 dccanus
1894 1312 2143 1367 Ecclesiae

560 1406 962 1471 Laudunensis,
1011 1424 1030 1457 ι
1074 1413 1181 1461 etc.
1228 1403 1273 1457 A
1316 1402 1584 1458 Garncrio
1619 1404 1827 1458 obtinet
1876 1402 2144 1458 Robertus

562 1500 629 1553 de
660 1497 1027 1567 Martiguiaco,
1062 1505 1121 1549 ut
1150 1496 1263 1565 ipsa
1309 1496 1394 1549 die
1420 1494 1746 1549 Parasceves
1778 1495 1942 1565 (quod
1986 1505 2141 1549 antea

559 1590 802 1644 insolens
838 1589 1036 1657 fuerat)
1072 1587 1469 1657 possessionem
1504 1586 1687 1651 iniret,
1719 1596 1882 1656 atque
1909 1587 1960 1641 in
1995 1590 2143 1657 capi-

559 1681 670 1735 tulo
691 1680 1087 1744 admitteretur,
1118 1694 1259 1733 anno
1292 1678 1449 1735 1515.
1484 1678 1730 1732 Excessit
1756 1693 1895 1732 anno
1924 1679 2081 1734 1522.

628 1771 819 1826 XXIX.
861 1770 1099 1825 Joannes
1133 1770 1371 1823 dccanus
1399 1769 1464 1822 ad
1501 1782 1700 1821 annum
1744 1767 1901 1822 1526.

2248 588 2491 643 Decanus
2520 589 2823 643 exhibetur.

2320 677 2431 731 XL.
2453 678 2642 732 Petrus
2659 676 2993 751 Goudeman.
3014 676 3293 733 Sententia
3314 677 3615 731 decretoria
3637 683 3805 735 summi

2245 780 2466 826 senatus
2482 770 2827 834 Parisiensis,
2850 770 3012 826 Petro
3032 770 3260 834 decano,
3280 771 3345 822 de
3363 770 3454 823 lite
3471 771 3609 824 inter
3626 773 3806 841 episco-

2248 878 2371 930 pum
2397 862 2807 916 Laudunensem
2837 862 3062 932 ejusque
3095 862 3363 915 vicarium
3390 863 3694 930 episcopum
3720 865 3808 931 Ap-

2246 952 2573 1018 pamiarum,
2619 949 2721 1003 lata
2773 961 2856 1005 est
2908 952 2963 1005 in
3015 952 3245 1022 gratiam
3289 952 3551 1020 capituli,
3597 953 3683 1006 die
3736 969 3806 1007 ιιι

2246 1039 2564 1097 Novembris
2593 1043 2718 1095 anni
2748 1042 2904 1096 ΜΗ.

2317 1130 2449 1183 XLI.
2494 1129 2684 1186 Petrus
2711 1131 2776 1186 de
2806 1131 3062 1203 Longolio
3095 1134 3253 1188 annis
3288 1132 3622 1187 1451-1155.

2318 1220 2736 1281 XLII.Joanncs
2762 1225 2947 1278 Dixme
2972 1225 3302 1293 permutavit
3331 1224 3809 1277 archidiaconalnm

2247 1310 2523 1366 Terrasea:
2548 1312 2730 1383 (vulgo
2757 1312 3062 1384 Tliiérache)
3104 1329 3226 1368 cum
3269 1313 3430 1367 Petro
3454 1314 3521 1367 de
3550 1313 3808 1380 Longolio,

2246 1419 2386 1459 anno
2440 1404 2600 1459 1456.
2646 1406 2721 1459 Ex
2770 1408 2912 1475 regis
2958 1408 3213 1460 mandato
3267 1406 3513 1461 interfurit
3561 1422 3665 1459 una
3708 1422 3809 1460 cum

2244 1494 2480 1549 Antonio
2501 1495 2567 1549 de
2588 1496 2812 1564 Crespin
2839 1497 2951 1550 sive
2979 1495 3180 1566 Crespy
3208 1497 3467 1566 episcopo
3492 1496 3811 1550 Laudunensi

2246 1585 2590 1655 generalibus
2630 1586 2817 1641 Gallia:
2846 1587 3082 1642 comitiis
3117 1588 3170 1640 in
3201 1589 3402 1657 oppido
3428 1587 3812 1657 Montargiensi.

2318 1674 2495 1731 XLIII.
2522 1676 2760 1733 Thomas
2779 1678 2844 1732 de
2865 1678 3316 1733 Poissiac01460.
3344 1678 3667 1748 Defungitur
3682 1678 3812 1741 1465,

2246 1765 2454 1820 decimo
2489 1776 2644 1821 sexto
2674 1766 2790 1820 Kal.
2824 1767 3120 1821 Februarii.

630 1862 796 1917 XXX.
839 1864 1010 1916 Adam
1048 1861 1114 1915 de
1143 1858 1467 1930 Bugnivilla,
1501 1859 1875 1930 praefecturam
1922 1861 2034 1928 egit
2074 1859 2140 1915 ad
2175 1840 2217 1894 Β
2316 1859 2502 1916 XLIV.
2556 1860 2781 1915 Carolus
2828 1862 2894 1915 de
2940 1860 3323 1930 Luxemburgo
3361 1861 3658 1915 canonicus
3703 1861 3807 1913 [auo

553 1970 758 2010 Inuum
787 1954 907 2023 plus
937 1953 1116 2007 minus
1144 1951 1300 2007 1529.

634 2045 828 2100 XXXI.
869 2043 1063 2099 Guido.
1089 2042 1222 2097 Cum
1272 2043 1458 2099 decani
1498 2042 1614 2112 ipse
1653 2057 1846 2097 munus
1876 2043 2139 2114 expleret,

553 2134 738 2189 multa:
786 2142 912 2189 sunt
958 2132 1082 2187 lites
1134 2142 1358 2198 exortae,
1406 2134 1548 2202 quod
1599 2132 2032 2201 jurisdictioncm
2086 2136 2138 2190 in

554 2223 870 2287 canonicos,
912 2233 1245 2291 canorosque
1274 2222 1501 2278 clericos
1542 2223 1920 2280 Laudunensis
1958 2224 2141 2280 Eccle«

551 2313 673 2379 she,
705 2322 760 2367 et
789 2329 973 2369 eorum
1003 2313 1280 2367 ministros
1306 2312 1559 2367 Albertus
1586 2314 1649 2368 de
1676 2313 1822 2385 Roya
1852 2315 2140 2385 episcopus

552 2404 939 2474 praetenderet,
973 2405 1066 2458 sed
1095 2402 1298 2474 profuit
1329 2404 1493 2468 nihil;
1532 2405 1727 2475 quippe
1762 2408 1832 2460 ita
1858 2406 1948 2475 jus
1981 2424 2136 2463 suum

550 2502 813 2564 perpetuo
839 2494 1085 2549 canonici
1124 2505 1546 2558 conservarunt,
1578 2505 1635 2548 ut
1666 2498 1990 2565 prorsus'ab
2019 2499 2137 2568 cpi-

552 2586 703 2656 scopi
736 2594 1005 2655 potestate
1034 2585 1295 2639 hactenus
1321 2585 1645 2641 eximantur.

622 2675 838 2730 XXXII.
883 2676 1171 2748 Dionysius
1197 2677 1260 2730 de
1302 2674 1610 2742 Quadrollis
1652 2693 1793 2733 anno
1832 2679 1989 2734 1550.
2029 2680 2136 2734 Ro-

546 2767 764 2821 bcrtum
810 2765 1228 2822 Lauduuensem
1276 2767 1584 2835 episcopum
1644 2766 2022 2838 inauguratum
2080 2772 2131 2823 in

546 2856 768 2922 sedem,
819 2872 925 2927 quo
974 2861 1369 2927 possessionem
1425 2862 1834 2931 adipisceretur,
1887 2866 2129 2934 induxit;

546 2950 711 3006 habet
737 2962 893 3006 vctus
918 2953 1086 3006 codex
1115 2954 1581 3021 ca'remoniarum,
1612 2955 1769 3011 Liber
1803 2957 1953 3012 albus
1991 2960 2132 3014 voci-

546 3052 713 3097 talus.

614 3127 851 3188 XXXIII.
886 3133 1057 3188 Adam
1104 3134 1315 3190 Decola.
1366 3134 1422 3189 In
1466 3138 1691 3193 chorum
1740 3142 1941 3210 pariter
1987 3142 2129 3197 Gau-

543 3224 742 3278 fridum
780 3225 828 3280 Ie
849 3224 1088 3294 Maiugre
1128 3243 1195 3282 ex
1236 3228 1442 3283 decano
1478 3230 1779 3286 Turonensi
1815 3233 2128 3304 episcopum

542 3318 888 3373 Laudunens.
916 3320 1158 3373 deduxit.
1180 3319 1416 3375 Vacassc
1436 3321 1624 3376 decani
1644 3324 1826 3378 sedem
1845 3340 1970 3379 ann.
1994 3327 2130 3382 1570

542 3406 745 3461 indicat
777 3408 1203 3463 (lliartularium.

612 3494 853 3551 XXXIV.
906 3498 1215 3567 Stephanus
1264 3498 1600 3556 Lescaillart.
1652 3502 1730 3557 Ex
1773 3503 1967 3559 litteris
2011 3506 2127 3560 Cle-

540 3587 740 3641 mentis
801 3602 949 3657 papae
996 3587 1085 3641 VII
1135 3589 1412 3646 Avenione
1474 3593 1689 3662 scriptis
1750 3593 1881 3649 I589
1947 3598 2126 3651 sedem

538 3691 835 3746 occupasse
876 3687 1118 3746 apparet.
1176 3677 1430 3734 Summus
1477 3681 1714 3749 pontifex
1771 3681 1938 3736 isdem
1992 3685 2128 3738 Mar-

547 3768 819 3822 cbciensis
838 3768 1110 3834 parochice
1132 3770 1391 3835 redditus,
1416 3772 1482 3825 ad
1506 3772 1908 3829 instaurandum
1932 3780 2124 3843 ventis,

536 3854 844 3924 pluviisque
884 3856 1192 3911 infcstatam
1245 3872 1455 3913 sacram
1503 3859 1810 3927 basilicam,
1874 3864 2127 3921 Ecclesiae

536 3944 883 3999 Laudunensi
912 3948 1200 4004 concessit.
1232 3946 1379 4003 Vixit
1408 3950 1625 4005 circiter
1655 3954 1718 4005 ad
1748 3969 1837 4007 an.
1864 3955 2015 4008 1596.

610 4033 826 4091 XXXV.
869 4037 1162 4093 Balduinus
1197 4039 1263 4094 de
1298 4039 1449 4111 Mepa
1479 4041 1633 4097 1597.
1674 4042 1978 4113 Ilcgistrutu
2023 4046 2123 4099 Ec-

537 4129 735 4184 clesim.

608 4218 847 4275 XXXVI.
894 4219 1129 4275 Joannes
1169 4223 1234 4276 de
1273 4223 1558 4279 Choisiaco
1594 4225 1859 4289 dccanus,
1896 4228 2121 4282 necdum

533 4315 706 4368 sacris
768 4314 1011 4369 initiatus
1066 4330 1095 4368 a
1161 4315 1455 4371 Benedicto
1513 4333 1649 4387 papa
1702 4317 1815 4371 Xlll
1885 4331 2117 4375 creatur.

539 4425 556 4457 ι
595 4404 958 4472 Quamobrem
985 4406 1277 4476 capitulum
1318 4410 1401 4477 (ut
1432 4417 1514 4463 est
1552 4411 1809 4478 scriptum
1852 4411 1902 4463 in
1934 4414 2119 4464 eodem

536 4495 791 4565 registro)
813 4496 971 4549 tertio
988 4505 1042 4549 et
1065 4497 1239 4565 pridie
1267 4497 1389 4552 ldus
1410 4498 1552 4552 Junii
1586 4516 1727 4552 anim
1752 4502 1956 4555 Domini
1988 4504 2118 4557 I508
2156 4533 2193 4586 υ

534 4599 597 4637 ea
621 4583 929 4639 conditione
958 4586 1349 4641 investiendum
1379 4590 1604 4652 censuit,
1627 4600 1702 4654 ιιι,
1722 4589 1847 4643 dum
1882 4591 2119 4645 installa—

535 4684 684 4730 retur
720 4686 778 4730 et
814 4676 976 4732 Iidem
1013 4677 1319 4747 juramento
1358 4691 1668 4749 praestaret,
1709 4682 1987 4736 almutimn
2024 4700 2117 4737 seu

531 4768 880 4822 armilansam
920 4768 1032 4838 ipse
1062 4785 1166 4823 non
1194 4770 1448 4836 haberet,
1480 4775 1571 4826 sed
1600 4774 1652 4826 in
1691 4790 1881 4828 mamts
1908 4775 2117 4829 buticu-

530 4860 650 4914 larii
688 4860 804 4915 sive
829 4860 1034 4931 syndici
1064 4860 1221 4915 dicta:
1245 4862 1484 4917 ecclesia:
1506 4865 1821 4931 deponeret,
1849 4881 1954 4933 quo
1978 4866 2118 4919 facto

528 4968 650 5006 eam
695 4955 925 5023 gratiam
956 4968 985 5005 a
1018 4951 1254 5021 capitulo
1289 4955 1628 5024 impetravit,
1673 4968 1730 5011 ut
1773 4958 1872 5012 sibi
1923 4959 2117 5012 dehinc

530 5045 720 5100 liceret
750 5046 825 5100 uti
856 5044 1164 5113 bujusmodi
1199 5047 1487 5102 arntilansa
1508 5088 1521 5112 ,
1550 5049 1627 5102 sic
1670 5057 1847 5102 tamen
1883 5057 1939 5103 ut
1972 5049 2114 5103 illam

530 5138 582 5189 in
632 5137 856 5191 brachio
883 5137 1148 5202 deferret,
1182 5152 1286 5191 non
1321 5152 1447 5192 vero
1483 5138 1626 5192 illam
1671 5142 1750 5209 (ut
1789 5147 1911 5194 tunc
1950 5141 2115 5196 moris

529 5229 664 5290 erat)
698 5235 936 5297 gestaret
962 5228 1013 5281 in
1044 5227 1235 5297 capite.
1273 5225 1341 5282 Ut
1370 5238 1548 5283 autem
1589 5229 1688 5283 hoc
1723 5229 1769 5284 ei
1796 5231 2116 5284 concederet

529 5322 845 5387 capitulum,
897 5321 1092 5385 movit,
1148 5319 1289 5389 quod
1336 5335 1574 5391 praesens
1619 5337 1721 5375 non
1771 5332 1914 5377 esset
1962 5321 2115 5375 adfu-

528 5422 717 5465 turus:
750 5412 848 5481 ipsi
889 5412 1033 5465 enim
1075 5411 1239 5467 curia:
1265 5411 1419 5467 ducis
1462 5410 1781 5483 Burguttdim
1816 5412 2111 5467 adlizerenti

529 5502 765 5569 pontifex
799 5503 1170 5559 assiduitatem
1197 5505 1453 5559 Ecclesia:
1484 5505 1717 5559 debitam
1748 5506 2051 5559 remiserat.
2087 5525 2105 5559 ι

532 5599 653 5649 l’nst
682 5612 894 5651 menses
926 5613 1058 5651 xvnt
1082 5638 1097 5663 ,
1134 5598 1369 5668 capitqu
1402 5598 1725 5653 decanatum
1752 5599 2001 5652 reddidit.

596 5683 861 5738 XXXVII.
894 5685 1087 5741 Petrus
1115 5688 1179 5743 de
1209 5687 1401 5741 Bieura
1442 5688 1526 5741 die
1560 5704 1647 5739 xx:
1676 5686 1816 5741 Junii
1849 5705 1913 5742 an
1954 5690 2103 5745 1400.

531 5772 583 5826 ‘al
611 5776 852 5831 muneris
876 5776 1059 5830 obibat
1084 5778 1257 5832 adhuc
1288 5779 1445 5831 ιιιξ.

2243 1951 2507 2005 dunensis
2539 1951 2778 2005 unanimi
2839 1952 3220 2005 canonicorum
3279 1967 3549 2006 consensu
3603 1952 3811 2005 dccanus

2242 2043 2516 2111 excipitur
2538 2043 2625 2097 die
2653 2058 2761 2096 xvu
2785 2041 2905 2096 Jan.
2950 2042 3108 2096 1465.
3137 2042 3351 2095 Patrem
3376 2041 3569 2095 habuit
3588 2041 3812 2096 Carolum

2243 2134 2308 2188 de
2334 2132 2714 2204 Luxemburgo
2748 2149 2778 2187 a
2824 2132 2882 2188 S.
2914 2132 3082 2187 Paulo
3125 2135 3401 2196 comitem,
3450 2144 3680 2188 matrem
3708 2144 3813 2186 verr

2241 2222 2505 2278 Joannam
2533 2223 2598 2278 de
2618 2221 2726 2277 Bar
2754 2221 2917 2277 filiam
2942 2221 3125 2276 Maria:
3146 2223 3211 2277 de
3235 2221 3526 2276 Couciaeo.

2311 2315 2537 2369 Carolus
2562 2315 2627 2370 de
2658 2314 3041 2386 Luxemburgo
3068 2315 3338 2370 electione
3370 2316 3594 2368 ultimus
3622 2330 3651 2369 a
3682 2318 3809 2385 capi-

2244 2408 2356 2460 tulo
2388 2406 2439 2459 in
2472 2407 2782 2476 episc0pum
2811 2406 3059 2460 Laudun.
3090 2416 3398 2476 assumptus
3429 2417 3511 2461 est
3546 2407 3698 2460 14⁸72.

2314 2493 2474 2549 XLV.
2515 2495 2834 2549 Guillelmus
2862 2496 2926 2549 de
2957 2494 3178 2550 Arntire
3216 2506 3375 2549 antea
3419 2497 3809 2551 archidiaconus

2242 2587 2607 2652 Ehroiccnsis,
2634 2587 2952 2642 decanatum
2982 2602 3125 2640 anno
3158 2586 3296 2639 1472
3322 2602 3351 2639 a
3374 2588 3504 2640 sede
3538 2589 3809 2658 apostolica

2239 2678 2473 2742 obtinet,
2504 2679 2596 2732 scd
2625 2679 2693 2732 ob
2726 2678 2902 2731 varias
2931 2678 3077 2731 illum
3108 2678 3251 2732 inter
3281 2687 3335 2732 et
3364 2679 3665 2747 capitulum
3702 2695 3807 2733 con.

2242 2768 2534 2823 troversias
2601 2769 2793 2823 abesse
2843 2777 3004 2837 atque
3056 2767 3375 2835 dignitatem
3432 2769 3689 2825 abdicare
3735 2786 3805 2824 co-

2238 2858 2402 2929 gitur.

2314 2948 2495 3002 XLVI.
2559 2949 2870 3019 Stephanus
2923 2950 3145 3020 Illarque
3198 2948 3488 3004 Gnillelmo
3546 2951 3810 3006 abdicante

2236 3040 2473 3095 dccanus
2524 3055 2587 3094 ex
2636 3055 2902 3095 consensu
2951 3041 3169 3109 capituli
3222 3040 3430 3106 factus,
3471 3058 3616 3096 anno
3668 3043 3806 3096 1479.

2240 3129 2465 3186 Moritur
2494 3133 2577 3185 die
2613 3132 2799 3200 quinta
2833 3130 2975 3185 Junii
3011 3130 3166 3185 1480.

2309 3222 2513 3277 XLVII.
2574 3221 2841 3292 Polyenus
2890 3223 3001 3276 sive
3057 3221 3258 3276 Pollius
3315 3221 3546 3276 Claudet
3598 3224 3704 3292 regi
3751 3226 3809 3276 ab

2234 3313 2612 3385 eleemosynis,
2656 3315 2876 3370 arbitris
2921 3331 2950 3369 a
3003 3313 3238 3382 capitulo
3281 3316 3455 3368 tribus
3493 3316 3806 3375 constitutis.

2233 3408 2525 3475 pratlicitur
2551 3408 2636 3461 die
2666 3423 2769 3460 xxx
2809 3406 3057 3463 Octobris
3086 3405 3251 3469 1180,
3294 3417 3349 3458 ιιι
3383 3414 3467 3459 est
3491 3406 3544 3459 in
3570 3405 3807 3472 subjectis

2233 3498 2443 3553 litteris.
2481 3517 2498 3549 ι
2545 3498 2652 3552 Nos
2687 3507 2808 3567 post
2854 3500 3096 3553 diversos
3136 3507 3401 3553 tractatus
3444 3497 3805 3567 multiplicium

2230 3604 2608 3658 personarum,
2663 3588 2898 3642 finalitcr
2939 3588 3117 3642 divina
3174 3587 3386 3645 favente
3433 3588 3641 3655 gratia,
3689 3596 3803 3646 etc,

2232 3679 2554 3734 reducentes
2604 3681 2670 3731 ad
2722 3680 3040 3734 memoriam
3088 3678 3300 3733 litteras
3349 3678 3806 3733 commcndatitias

2230 3769 2433 3824 domini
2486 3770 2655 3823 nostri
2705 3769 3035 3825 Francorum
3075 3771 3215 3840 regis
3245 3785 3345 3840 pro
3379 3784 3615 3839 persona
3644 3770 3778 3823 scien

2231 3864 2361 3918 tiﬁci
2394 3865 2493 3917 viri
2542 3864 2785 3934 magistri
2835 3864 2962 3934 Pnly
3009 3863 3255 3929 Claudet,
3304 3864 3356 3917 in
3403 3865 3656 3918 eumdem
3702 3878 3801 3916 ma-

2228 3958 2456 4025 gistrum
2512 3954 2640 4026 Pnly
2685 3955 2912 4011 Claudet
2962 3956 3260 4010 direximus
3308 3956 3657 4010 concorditer
3693 3963 3800 4008 vota

2230 4057 2435 4112 nostra,
2465 4049 2638 4102 virum
2686 4049 2869 4117 utique
2900 4049 3180 4117 providum
3219 4056 3273 4101 et
3302 4048 3634 4112 discretum;
3669 4047 3801 4100 litte-

2228 4152 2409 4190 rarum
2434 4137 2681 4200 scientia,
2711 4139 2842 4199 vita,
2865 4148 2917 4190 et
2946 4137 3183 4190 moribus
3213 4137 3407 4191 merito
3428 4138 3804 4192 commendan-

2224 4226 2386 4292 dum;
2422 4227 2474 4279 in
2502 4226 2673 4281 sacris
2712 4226 2991 4281 ordinibus
3028 4236 3079 4281 et
3124 4236 3283 4279 mtate
3330 4227 3569 4296 legitima
3612 4226 3803 4281 consti-

2228 4324 2445 4379 tutum;
2506 4330 2570 4368 ac
2615 4314 2681 4369 de
2736 4315 2976 4387 legitimo
3023 4316 3371 4369 matrimonio
3425 4327 3799 4384 procreatum;

2224 4409 2425 4465 demitti
2460 4411 2629 4464 nostri
2662 4410 2990 4464 Francorum
3024 4411 3166 4480 regis
3193 4410 3685 4481 cleeinosynarium
3710 4426 3723 4470 ;
3752 4410 3801 4462 in

2225 4502 2596 4571 spiritualibus
2640 4511 2691 4555 et
2743 4502 3126 4570 tenporalibus
3172 4501 3549 4571 multipliciter
3579 4502 3800 4556 circum-

2224 4603 2491 4663 spectum.
2549 4612 2566 4643 ι
2621 4593 2927 4648 Canonicus
2984 4604 3162 4647 autem
3217 4594 3442 4646 minime
3495 4608 3616 4645 eum
3668 4600 3800 4646 esset

2222 4681 2460 4753 Pollyus,
2494 4683 2837 4751 prazhendam
2887 4683 2985 4753 ipsi
3018 4683 3243 4736 contulit
3283 4683 3597 4752 episcopus,
3632 4697 3694 4736 ac
3728 4682 3799 4735 sic.

2222 4774 2435 4828 demum
2463 4774 2754 4828 canonicus
2783 4782 2864 4828 est
2892 4782 3164 4842 acceptus.

2294 4864 2522 4920 XLVIII.
2565 4864 2801 4920 Joannes
2835 4865 3147 4927 Godefridi,
3178 4880 3370 4934 quem,
3412 4863 3534 4918 licet
3577 4863 3794 4915 alterum

2220 4975 2248 5013 a
2283 4974 2407 5030 rege
2444 4960 2879 5015 commendatum
2915 4959 3206 5020 haberent,
3248 4955 3373 5009 forti
3408 4956 3594 5009 animo
3632 4954 3795 5020 elege-

2220 5061 2345 5105 runt
2384 5050 2676 5108 canonici.
2722 5050 2884 5104 veluti
2924 5050 3171 5118 perbibet
3213 5048 3441 5117 epistola
3489 5048 3795 5101 eortundcm

2218 5144 2285 5198 ad
2316 5158 2493 5214 regem
2521 5144 2728 5198 directa
2750 5157 2892 5197 anno
2920 5142 3058 5197 1485
3082 5143 3132 5195 in
3157 5141 3298 5195 hunc
3320 5140 3541 5194 modum
3573 5157 3587 5193 :
3620 5158 3639 5189 ι
3666 5137 3792 5203 Quia

2218 5235 2513 5288 decanatus
2544 5232 2865 5287 beneficium
2905 5242 2989 5285 est
3024 5230 3244 5284 maximi
3283 5230 3568 5297 ponderis,
3600 5229 3795 5281 habens

2213 5339 2398 5379 curam
2428 5325 2730 5377 animarum
2756 5322 2998 5376 omnium
3021 5322 3423 5375 habituatorum
3444 5321 3603 5374 dicta:
3618 5317 3793 5373 Eccle-

2217 5416 2328 5478 εἰει.
2354 5424 2410 5469 et
2430 5415 2595 5469 etiam
2619 5415 2853 5484 dirigere
2875 5424 2931 5467 et
2959 5424 3274 5483 supportare
3299 5413 3480 5466 omnia
3511 5423 3565 5465 et
3589 5410 3793 5477 singula

2214 5522 2405 5569 onera,
2458 5515 2565 5560 tam
2613 5507 2663 5559 in
2716 5504 3088 5575 spiritualibus
3127 5519 3287 5573 quam
3320 5504 3371 5557 in
3414 5500 3792 5571 temporalibus

2213 5600 2370 5654 dicta:
2400 5598 2686 5661 Ecclesiaa,
2722 5598 2818 5665 ipsi
2864 5596 3064 5650 domini
3109 5594 3470 5664 capitulanles
3508 5585 3651 5646 dicta
3687 5592 3788 5651 die,

2212 5689 2489 5743 Altissimo
2542 5686 2772 5751 favente,
2810 5685 2986 5739 taliter
3039 5686 3319 5739 intendunt
3372 5684 3695 5753 procedere,
3739 5688 3789 5732 et

2214 5779 2514 5849 lmjusmodi
2566 5777 2883 5832 electionem
2935 5776 3229 5831 secundum
3274 5789 3462 5829 eorum
3509 5772 3787 5827 conscien-
