4032 6336
198 401 349 458 1165

1307 396 1516 455 ΒΟΜΝΙ
1551 391 1612 452 L.
1652 396 1869 453 D‘ACII?
1899 396 1991 451 ΒΥ
2033 392 2240 449 NOTAE

3319 390 3454 447 1166

198 516 338 570 tiam
378 508 711 580 adimplere,
763 510 905 578 quod
950 507 1208 579 prcel'atus
1252 523 1343 563 rex
1380 510 1574 563 merito
1618 515 1777 562 ncbe—
1808 518 1851 572 Α
1952 506 2086 559 LXI.
2135 505 2369 560 Joannes
2425 505 2649 559 Ilcllotte
2701 520 2969 560 communi
3023 504 3183 559 totius
3233 505 3453 575 capituli

193 607 284 661 bit
316 602 640 659 contentari.
694 621 717 653 ι
764 601 1009 657 Humana
1055 599 1271 669 reliquit
1318 601 1552 654 Joannes
1598 613 1783 654 mense

191 696 375 765 Aprili
401 694 557 750 M94.

277 786 466 843 XLIX.
505 784 743 841 Joannes
781 785 847 839 de
894 781 1007 839 I‘Or
1035 790 1367 836 secretorum
1408 778 1781 849 sull'ragiorum

194 881 290 933 via
353 880 678 933 decanatum
744 875 969 931 sortitur
1016 889 1108 928 xix
1142 872 1266 927 Julii
1321 872 1461 927 1495
1512 872 1580 927 ad
1640 873 1782 927 diem

197 984 280 1021 xu
310 967 436 1020 Maii
469 965 629 1029 1516,
662 979 769 1034 quo
793 962 920 1018 fatis
949 960 1163 1017 functus
1188 971 1289 1015 est.

279 1059 338 1112 L.
384 1057 680 1113 Gaufridus
724 1056 791 1111 de
833 1052 1142 1110 Bonavalle.
1188 1050 1409 1106 Crebris
1453 1051 1505 1104 in
1554 1050 1783 1120 gratiam

199 1149 380 1218 ipsius
418 1147 560 1201 datis
598 1147 670 1201 ad
716 1142 1011 1214 capitulum
1049 1142 1242 1197 litteris
1272 1156 1393 1195 cum
1434 1155 1464 1194 a
1496 1154 1640 1210 rege,
1673 1149 1784 1193 tum

199 1259 232 1294 a
258 1243 396 1295 duce
419 1236 820 1302 Vindocinensi,
849 1244 959 1289 tum
983 1236 1148 1289 etiam
1176 1248 1205 1285 a
1235 1232 1494 1286 cardinali
1519 1230 1786 1285 Ludovico

200 1328 481 1384 Borbonio
519 1340 583 1380 ea
626 1333 945 1395 tempestate
991 1320 1331 1376 Laudunensi
1374 1321 1647 1391 episcopo,
1694 1320 1785 1389 qui

200 1421 425 1475 tandem
457 1418 663 1473 arbiter
691 1416 1017 1472 constitutus
1049 1412 1315 1467 decanum
1346 1411 1662 1468 Gaul‘ridum
1691 1413 1786 1467 de-

203 1515 439 1571 claravit
462 1514 621 1576 I5I7,
638 1513 724 1567 die
744 1528 818 1566 xu
840 1508 1086 1580 Augusti.
1103 1507 1172 1561 At
1198 1508 1415 1562 nomine
1429 1508 1606 1576 potius
1625 1521 1785 1577 quam

204 1623 268 1662 re
300 1607 465 1676 gessit
492 1602 892 1675 praefecturam.

283 1696 369 1750 LI.
416 1693 708 1749 Valeranus
757 1694 825 1747 de
871 1692 922 1746 la
962 1691 1111 1761 llaye
1154 1690 1393 1744 decanos
1440 1689 1684 1743 noscitur
1721 1688 1789 1742 ab

210 1802 358 1842 anno
388 1786 528 1841 1522
565 1788 632 1841 ad
660 1800 858 1839 annum
892 1783 1049 1849 1550,
1081 1784 1312 1838 cessisse
1341 1797 1470 1836 vero
1497 1798 1562 1835 ex
1597 1780 1789 1836 tabubs

1884 596 2027 653 sull‘r.
2050 598 2136 668 gio
2164 607 2219 651 et
2243 598 2500 668 applausu
2537 598 2753 668 eligitur
2781 598 2869 652 die
2895 613 3024 651 χχιι
3062 596 3289 667 Augusti
3327 597 3454 652 anni

1885 687 2095 742 Domini
2128 687 2307 754 I605;
2341 690 2596 757 prodesse
2618 689 2812 759 sategit
2837 688 3022 759 Imagis
3055 698 3216 757 quam
3242 687 3454 742 laudem

1885 778 1987 834 sibi
2014 792 2350 847 comparare.
2379 779 2712 835 Prmdicatur
2749 781 2893 835 inter
2928 780 3064 835 alias
3100 780 3328 835 virtutes
3359 780 3458 833 im-

1885 869 2073 937 primis
2121 869 2393 937 incnIpata
2440 871 2609 940 ipsius
2660 870 2867 942 religio,
2896 871 3158 933 ell‘usa‘in
3194 885 3460 941 pauperes

1887 958 2127 1028 largitas,
2175 971 2334 1027 atque
2382 958 2434 1012 in
2484 961 2776 1015 decanatus
2816 962 3286 1019 administratione
3330 975 3461 1032 pru-

1884 1050 2107 1115 (lentia,
2164 1050 2341 1121 legum
2391 1051 2610 1120 insuper
2664 1052 3153 1109 ecclesiasticarum
3204 1053 3459 1109 inviolata

1887 1142 2149 1205 custodia,
2171 1151 2226 1196 ct
2251 1142 2305 1196 in
2328 1142 2525 1198 divinis
2548 1143 2861 1199 ministeriis
2883 1147 3083 1200 rituum
3111 1147 3177 1201 ad
3201 1148 3458 1201 amussim

1886 1234 2211 1288 observatio.
2260 1233 2410 1288 Unde
2440 1250 2503 1289 ea
2531 1234 2828 1305 disciplinae
2860 1235 3081 1291 claritas
3118 1237 3172 1291 in
3217 1237 3459 1293 Ecclesia

1889 1324 2228 1381 Laudunensi
2276 1326 2477 1383 ell‘ulsit
2527 1337 2583 1382 ut
2609 1329 2718 1390 vix,
2763 1329 2814 1381 in
2857 1337 2969 1383 toto
3008 1326 3284 1383 Gallicana
3332 1331 3464 1385 orbe

1889 1416 2273 1472 canonicorum
2303 1417 2584 1489 collegium
2624 1419 2863 1489 reperias
2889 1418 3032 1489 quod
3072 1433 3193 1473 cum
3246 1418 3463 1472 Laudu-

1889 1508 2043 1562 nensi
2074 1507 2459 1564 conferendum
2497 1510 2762 1565 videatur.
2798 1509 3175 1565 Nosocomium
3209 1510 3359 1565 urbis
3387 1511 3467 1564 in-

1891 1600 2157 1666 staurari,
2208 1608 2264 1654 et
2315 1600 2382 1655 ad
2426 1600 2787 1655 Christianam
2835 1602 3089 1671 pietatem
3137 1601 3467 1671 postliminio

1893 1692 2132 1747 revocari
2162 1693 2390 1747 curavit.
2419 1692 2631 1747 Annum
2656 1707 2822 1764 prope
2852 1708 3017 1761 agens
3039 1693 3465 1762 octuagesimum

1892 1798 2175 1854 generose,
2218 1793 2278 1839 ut
2318 1784 2446 1839 cleri
2479 1784 2845 1840 immunitates
2884 1802 2948 1840 ac
2986 1786 3261 1857 privilegia
3304 1783 3468 1838 illaesa

209 1878 447 1931 abhatiaa
478 1875 664 1930 Sancti
692 1873 916 1929 Joannis
944 1872 1320 1929 Laudunensis
1354 1880 1603 1926 constare
1638 1871 1789 1925 vide-
1824 1860 1866 1914 Β
1894 1885 2293 1944 permanerent,
2318 1876 2635 1941 elaboravit,
2664 1879 2971 1945 multosque
2998 1876 3209 1932 labores
3231 1891 3293 1931 ea
3320 1877 3384 1930 de
3411 1890 3470 1930 re

211 1976 341 2033 tur;
396 1964 665 2036 siquidem
723 1963 957 2019 Joannes
1011 1962 1305 2018 cardinalis
1359 1978 1389 2016 a
1443 1960 1789 2028 Lotharingia

212 2056 503 2112 Remeusis
542 2055 1003 2124 archiepise0pus,
1044 2053 1428 2108 Vallerannum
1462 2050 1793 2105 constituens

211 2149 478 2203 vicarium
511 2145 816 2218 generalem
849 2146 975 2201 dicti
1015 2145 1329 2199 monasterii
1362 2142 1539 2213 (cujus
1562 2151 1679 2194 erat
1706 2140 1794 2194 ille

217 2238 389 2293 abbas
412 2235 922 2307 commendatarius)
955 2235 1271 2290 canonicum
1308 2249 1370 2288 ac
1400 2232 1792 2288 thesaurarium

212 2328 592 2384 Laudunensis
638 2328 890 2383 Ecclesiae
939 2328 1200 2382 duntaxat
1255 2327 1506 2399 appellat.
1552 2325 1702 2380 Adde
1741 2332 1795 2377 et

211 2419 508 2489 Regestum
558 2420 801 2488 ejusdem
858 2418 1112 2474 Ecclesiae
1165 2418 1309 2488 quod
1361 2417 1445 2472 his
1495 2415 1625 2486 ipsis
1672 2428 1793 2468 eum

216 2510 387 2563 titulis
410 2519 561 2562 notat
585 2510 652 2562 ab
682 2524 826 2562 anno
850 2508 984 2562 I557
1013 2510 1078 2561 ad
1111 2507 1265 2561 1512.

294 2600 399 2653 Lll.
441 2599 699 2653 Clamlius
721 2598 1039 2667 Carpentier
1062 2596 1219 2650 1557.

295 2691 425 2746 LIII.
465 2690 741 2759 Philippus
786 2689 1008 2758 Esmery
1056 2687 1124 2741 ab
1163 2699 1305 2740 anno
1344 2683 1482 2738 1548
1526 2684 1593 2738 ad
1638 2682 1795 2738 1554.

219 2783 338 2848 Quo
362 2780 608 2843 cedente,

291 2870 423 2925 LIV.
463 2856 769 2925 Anthonins
817 2872 883 2925 de
930 2869 1168 2931 Herbes.
1214 2869 1402 2923 doctor
1440 2866 1700 2928 medicus,
1745 2867 1796 2920 in

223 2961 458 3030 capitulo
497 2962 802 3016 admittitur
833 2960 923 3016 die
960 2976 1091 3014 xxiv
1129 2959 1441 3015 Decembris
1477 2957 1645 3021 I554,
1691 2968 1745 3010 et
1769 2972 1799 3011 e

221 3053 332 3107 vita
360 3052 594 3107 decessit
625 3052 782 3107 I556.

293 3140 402 3195 LV.
432 3140 856 3211 Cbristophorus
871 3140 936 3195 de
950 3138 1237 3195 Hcricourt
1251 3137 1336 3193 die
1352 3153 1477 3192 xxiv
1498 3134 1641 3194 Junii
1665 3132 1801 3189 1556

222 3230 616 3300 possessionem
641 3192 815 3285 irnivit.
845 3230 936 3285 Vir
962 3229 1063 3283 fuit
1089 3228 1252 3285 nobili
1275 3241 1470 3296 genere
1497 3228 1549 3281 in
1578 3225 1798 3281 dimcesi
1829 3205 1869 3260 ο
1905 3192 2259 3300 Pf"f'°'_"'_‘f"‘v
2296 3193 2548 3300 Efiburg'“
2571 3210 2766 3300 Pons}

227 3318 574 3380 Laudunensi
630 3333 806 3390 ortus,
852 3332 908 3378 et
947 3322 1172 3378 scientia
1222 3320 1495 3390 prteditus.
1539 3318 1803 3386 Cmnpcno

225 3415 455 3469 diariam
493 3414 783 3470 Historiam
828 3415 894 3468 de
927 3411 1055 3468 Jesu
1091 3411 1294 3468 Christi
1332 3409 1633 3479 triumpho,
1666 3407 1802 3460 Lan-

226 3506 357 3559 duni
386 3505 573 3561 habito
603 3507 865 3560 adversus
892 3504 1188 3559 dmmonem
1217 3502 1543 3558 mulierculae
1571 3498 1803 3554 Nicolaae

226 3595 405 3653 Obrize
448 3597 799 3653 Vervinensis
851 3611 1048 3665 corpus
1095 3596 1411 3666 agitantem,
1459 3591 1801 3661 conscripsit.

226 3686 486 3741 Eamdem
516 3686 810 3741 Historiam
843 3685 1037 3741 Carolo
1068 3685 1139 3738 IX
1194 3684 1524 3738 Francorum
1563 3680 1673 3752 regi
1704 3681 1802 3735 de-

226 3778 393 3833 dicat.
418 3778 473 3833 Id
497 3788 676 3833 autem
711 3776 956 3831 miraculi
983 3775 1208 3845 contigit
1242 3773 1399 3828 I565.

302 3872 629 3925 Decanatum
667 3870 844 3940 primo
878 3868 1316 3923 archidiaconatu
1351 3867 1598 3921 nmtavit.
1637 3868 1695 3923 Di
1710 3869 1801 3921 ris-

236 3963 426 4017 simam
463 3960 841 4016 bibliothecam
874 3959 1215 4014 Laudunensi
1246 3958 1499 4013 Ecclesia:
1539 3959 1802 4026 contulit,

234 4070 299 4109 ac
326 4054 538 4108 tandem
567 4053 818 4122 migravit
837 4067 867 4107 e
900 4054 1005 4107 vita
1029 4052 1166 4107 1570
1192 4061 1245 4108 et
1274 4051 1546 4121 sepultura
1572 4053 1804 4107 donatus

228 4147 280 4200 in
314 4147 427 4214 ipso
451 4144 597 4198 ebori
627 4145 893 4215 ingressu.

297 4238 426 4291 LVI.
481 4237 754 4291 Firminus
799 4236 847 4289 Ie
896 4234 1188 4298 Normand,
1233 4236 1366 4289 alias
1408 4235 1475 4289 de
1511 4234 1799 4301 Trouvulle,

229 4331 419 4383 tloclor
475 4328 792 4397 theologus;
841 4326 1235 4394 permutatione
1282 4326 1421 4381 facta
1470 4328 1805 4382 archidiaco-

228 4428 384 4472 tt'Jtns
415 4435 534 4471 cum
569 4418 852 4479 tlecanatn,
905 4416 956 4469 in
1006 4416 1397 4484 possessionem
1440 4415 1690 4472 inductus
1722 4425 1805 4472 est

229 4509 385 4563 I549.
418 4507 674 4562 Ettt'lesim
704 4508 997 4562 canonicus
1026 4507 1368 4562 ecclesiastes
1403 4508 1610 4562 exstitit
1643 4522 1802 4577 egre-

227 4600 363 4669 gius.
395 4598 542 4653 Obiit
568 4597 654 4652 die
677 4613 766 4650 χιχ
794 4598 1044 4653 Octobris
1072 4597 1227 4652 1578.

302 4687 455 4741 LVII.
500 4687 691 4741 Petrus
714 4687 925 4742 Emottc
954 4686 1346 4750 Laudunensis,
1379 4685 1614 4741 doctoris
1650 4688 1803 4742 theo-

228 4777 332 4847 logi
379 4777 532 4832 titulo
572 4776 888 4846 insignitus;
937 4777 1171 4831 animam
1210 4777 1320 4846 egit
1364 4776 1540 4845 primo
1578 4778 1803 4848 Augusti

235 4872 256 4924 I
269 4869 393 4925 580.
1390 4852 1393 4857 ’

298 4960 474 5014 LVIII.
514 4958 750 5015 Joannes
789 4960 1075 5022 Bertranil,
1100 4960 1302 5015 electus
1334 4978 1402 5015 xx
1444 4962 1529 5014 die.
1571 4963 1804 5017 Novem-

231 5051 340 5106 bris
363 5050 519 5113 1580,
552 5066 772 5103 munere
803 5050 1014 5104 functus
1040 5051 1122 5105 vel
1153 5066 1320 5105 annos
1352 5053 1556 5123 viginti.

299 5141 433 5196 LIX.
478 5141 728 5196 Nicolaus
762 5142 969 5209 Triplot
999 5142 1140 5196 inter
1166 5144 1414 5198 doctores
1439 5145 1597 5214 hujus
1623 5146 1803 5200 swculi

233 5234 387 5289 facile
442 5234 722 5303 princeps,
754 5242 809 5285 et
855 5233 1228 5287 bwreticorum
1278 5245 1611 5304 expugnator
1656 5237 1806 5292 llltle‘

234 5324 421 5377 fessus.
456 5324 529 5377 Ex
568 5324 949 5379 archidiacono
986 5325 1367 5379 canonicorum
1413 5330 1650 5381 omnium
1695 5329 1804 5381 cal-

235 5413 352 5468 culo
376 5415 429 5468 in
458 5415 718 5471 decanum
750 5428 1031 5486 c00ptatus
1055 5414 1142 5472 die
1170 5434 1295 5472 xxxi
1324 5419 1548 5489 Augusti
1578 5420 1717 5474 I600
1740 5436 1803 5475 ac

236 5505 390 5575 paulo
426 5520 544 5575 post
573 5508 674 5563 hac
703 5525 761 5564 se
790 5511 1052 5580 dignitate
1090 5510 1378 5567 abdicavit.

301 5596 413 5650 LX.
449 5596 729 5669 Dionysius
760 5601 999 5671 Ilangart
1024 5601 1318 5657 canonicus
1348 5602 1721 5657 Landuncnsis
1749 5613 1803 5658 et

235 5691 416 5742 doctor
441 5691 736 5762 theologus,
760 5695 1078 5749 decanatum
1104 5693 1230 5749 scale
1260 5696 1551 5765 episcopali
1578 5706 1804 5751 vacante

236 5797 295 5834 ex
327 5782 474 5849 regio
503 5780 790 5852 diplomate
819 5787 1044 5857 adeptus
1078 5799 1160 5843 est
1202 5804 1324 5842 xxvi
1355 5788 1604 5844 Octobris
1644 5789 1799 5843 I60I.

1894 1975 1977 2021 est
2003 1981 2313 2035 perpessus.
2340 1969 2463 2023 Haec
2483 1979 2536 2023 et
2565 1968 2667 2023 alia
2694 1980 3003 2037 operantem
3028 1978 3470 2024 remuneraturus

1894 2058 1963 2111 ad
1994 2073 2053 2112 se
2076 2058 2218 2113 Deus
2248 2061 2491 2115 evocavit
2512 2062 2598 2115 die
2622 2076 2713 2114 vni
2744 2060 3077 2128 Septembris
3098 2060 3253 2114 1650.

1966 2169 2121 2225 LXII.
2152 2170 2416 2227 Antonius
2438 2172 2680 2237 Bellotte,
2706 2172 2926 2229 Joannis
2962 2189 3148 2244 nepos,
3171 2172 3313 2242 juris
3340 2188 3473 2242 pon-

1900 2260 2049 2315 tiﬁcii
2082 2262 2294 2327 doctor,
2321 2264 2616 2319 canonicus
2638 2263 3028 2329 Laudunensis,
3054 2273 3211 2319 antea
3238 2264 3472 2320 vicarius

1898 2353 2166 2423 generalis
2197 2354 2549 2410 illustrissimi
2576 2372 2639 2411 ac
2666 2357 3096 2412 reverendissimi
3121 2358 3322 2412 domini
3346 2357 3474 2412 Phi-

1898 2443 2076 2499 liberti
2119 2446 2185 2500 de
2220 2445 2602 2501 Brichanteau.
2628 2447 2931 2502 Decanatus
2964 2448 3016 2502 in
3049 2448 3166 2519 ejus
3196 2449 3471 2513 humeros,

1900 2538 2215 2607 priusquam
2249 2556 2311 2593 ex
2347 2540 2447 2593 bac
2481 2539 2587 2593 vita
2619 2550 2845 2611 patruus
2885 2541 3167 2612 migraret,
3203 2557 3341 2597 onus
3378 2544 3474 2598 de-

1901 2629 2076 2698 posuit
2103 2630 2396 2699 (abdicatio
2418 2631 2632 2685 interim
2650 2648 2678 2686 a
2698 2648 2908 2686 summo
2923 2634 3173 2703 pontitice
3187 2634 3476 2689 conﬁrma-

1903 2723 2010 2792 tur)
2031 2737 2092 2776 ac
2112 2722 2452 2791 postmodum
2470 2738 2499 2776 a
2516 2723 2751 2792 capitqu
2767 2724 2852 2779 die
2865 2741 2953 2780 xvi
2979 2725 3317 2794 Septembris
3342 2726 3478 2781 1550

1899 2811 2135 2879 cligitur.
2170 2809 2261 2865 Vir
2288 2823 2370 2867 est
2398 2828 2608 2866 mormn
2638 2813 2946 2883 integritate
2974 2825 3028 2869 et
3055 2816 3318 2885 gravitate
3342 2833 3478 2887 pra:-

1901 2903 2063 2967 ditus,
2088 2918 2149 2957 ac
2172 2904 2351 2972 patrui
2375 2904 2632 2957 virtutum
2662 2905 2905 2973 proxime
2928 2905 3192 2961 inhmrens
3217 2909 3476 2979 vestigiis,

1903 3009 1999 3047 nec
2029 3010 2134 3049 non
2171 3003 2226 3048 et
2252 2995 2327 3050 rei
2358 2995 2737 3051 ecclesiastica:
2760 2996 2919 3067 longe
2950 3000 3174 3065 peritus.

1974 3104 2066 3174 (9')
2098 3104 2227 3160 CAP.
2258 3103 2346 3160 IV.
2376 3134 2441 3144 —
2477 3102 2609 3160 Cum
2640 3105 2826 3161 abbate
2866 3104 3330 3162 Ribodimonleusi.
3386 3110 3462 3163 Ri-

2814 3194 3127 3262 Ribodiunt,
3173 3216 3192 3249 ι
3224 3198 3477 3254 Omnium

1906 3298 2037 3337 vero
2067 3283 2270 3353 optime
2295 3284 2700 3354 llipemontinm
2736 3286 2787 3340 in
2820 3295 3002 3342 monte
3025 3288 3210 3353 situm,
3238 3291 3305 3344 ad
3336 3292 3482 3359 ripas

1903 3374 2063 3429 Isara:
2086 3376 2501 3444 praeterﬂuentis
2520 3379 2729 3434 duabus
2745 3378 2913 3435 leucis
2935 3381 3003 3435 ab
3020 3380 3282 3451 Augusta,
3307 3383 3481 3451 inquit

1902 3464 2214 3520 liemerzeus
2245 3466 2298 3520 in
2322 3467 2563 3537 Augusta
2586 3469 2756 3525 lllust.
2791 3471 2856 3525 ad
2888 3488 3015 3525 ann.
3050 3472 3208 3528 I095.
3251 3474 3480 3529 Schedis

1907 3555 2263 3611 nihilominus
2303 3558 2355 3612 in
2397 3561 2637 3629 antiquis
2674 3571 2989 3617 constanter
3025 3564 3226 3635 legitur
3255 3564 3477 3619 Ilibodi-

1906 3663 2077 3702 mons.
2119 3647 2438 3704 Ctenobium
2486 3667 2647 3722 porro
2697 3654 2869 3708 Sancti
2908 3653 3111 3709 Nicolai
3169 3657 3220 3710 in
3272 3658 3478 3723 Pratis,

1905 3738 2048 3807 quod
2071 3739 2240 3794 abbas
2267 3740 2356 3794 ille
2387 3742 2628 3809 regebat,
2655 3742 2990 3799 conditorem
3021 3748 3269 3815 agnoscit
3297 3751 3481 3803 Ansel-

1906 3846 2055 3884 mum
2117 3830 2447 3901 Ripemontii
2505 3834 2780 3887 dominum
2832 3851 2845 3887 :
2899 3837 3055 3905 cujus
3122 3837 3482 3896 lllSlllllllUJls

1908 3922 2145 3977 tabulam
2169 3923 2423 3992 evulgare
2446 3924 2790 3993 profuturum
2807 3925 3067 3995 judicavi.

1984 4033 2004 4067 ε
2037 4014 2094 4069 In
2126 4016 2345 4073 nomine
2376 4028 2574 4071 sancta:
2608 4027 2662 4072 et
2685 4018 2971 4073 individua:
2997 4022 3301 4079 Trinitatis.

1982 4126 2005 4163 ι
2043 4109 2153 4180 Ego
2201 4109 2513 4174 Anselmus,
2551 4109 3048 4167 llibodimomensis
3097 4129 3301 4177 comes,
3355 4118 3480 4185 quia

1904 4200 2227 4270 szectilojam
2253 4201 2307 4253 in
2329 4201 2536 4254 senium
2564 4210 2837 4270 vergente,
2862 4211 2919 4256 et
2943 4212 3134 4257 natura
3166 4208 3478 4261 mortalium

1905 4291 2178 4360 fragilior,
2238 4302 2293 4347 et
2348 4302 2477 4345 aetas
2525 4291 2774 4357 brevior,
2828 4301 2883 4346 et
2938 4298 3198 4349 memoria
3262 4297 3478 4352 Iabilior

1904 4392 2012 4444 est,
2052 4403 2069 4433 ι
2100 4392 2205 4437 etc.
2256 4381 2381 4437 Vide
2408 4384 2459 4437 iu
2482 4381 2727 4436 Anselmo
2757 4383 2826 4435 ad
2850 4400 2941 4437 an.
2980 4386 3302 4441 1099-IIOI.

1973 4472 2139 4545 646
2197 4472 2487 4541 L'trumqne
2537 4474 2950 4528 instrumentum
2984 4474 3212 4533 domnus
3249 4477 3482 4534 Furseus

1838 4543 1881 4598 Ῑ)
1907 4543 2201 4634 Beaurain,
2237 4578 2433 4622 nostrae
2467 4567 2732 4638 Cungreg.
2759 4568 3044 4637 presbyter
3066 4570 3361 4641 theologus,
3385 4576 3479 4627 tle-

1906 4660 2097 4728 cripslt
2122 4659 2401 4728 amiceque
2431 4662 2874 4716 communicavit.

1977 4748 2060 4802 Nil
2104 4759 2365 4819 prazterea
2406 4749 2899 4818 imprzesentiarum
2948 4752 3130 4807 dicere
3165 4754 3476 4808 sinnntmi-

1908 4838 2053 4903 lites,
2092 4840 2184 4908 qni
2223 4840 2326 4894 hoc
2356 4838 2472 4908 ipso
2499 4855 2607 4908 quo
2654 4842 2767 4898 haec
2797 4842 2979 4897 scribo
3013 4853 3278 4911 tempore,
3331 4848 3479 4912 prius

1907 4930 2221 4986 Gnisianam
2243 4933 2432 4988 urbem
2463 4947 2626 5001 quam
2654 4934 2934 4991 obsidione
2966 4936 3267 4993 cinxissent
3294 4939 3475 5006 (quam

1908 5025 2128 5079 minime
2177 5026 2458 5095 ceperunt)
2495 5035 2704 5081 armata
2746 5044 2906 5084 manu
2943 5030 3254 5086 monasterii
3283 5042 3476 5086 cuncta

1906 5118 2201 5187 diripuere,
2231 5130 2391 5189 atque
2412 5120 2642 5175 aediﬁcia
2667 5121 3005 5177 destruxere.

1978 5212 2246 5268 llobertus
2282 5214 2335 5267 in
2378 5214 2549 5269 Gallia
2591 5213 2920 5279 Christiana,
2954 5217 3005 5269 in
3033 5218 3280 5287 catalogo
3308 5218 3475 5272 abba-

1910 5306 2123 5365 tiarum,
2157 5304 2320 5359 verbo
2359 5305 2760 5368 Ribodimonte,
2809 5305 3140 5364 fundationis
3185 5311 3474 5365 continua-

1908 5395 2105 5448 tionem
2152 5411 2180 5448 a
2224 5395 2466 5465 Philippo
2515 5397 2558 5460 l,
2593 5412 2717 5468 rege
2760 5397 3108 5463 Francorum,
3148 5399 3345 5455 factam
3391 5419 3477 5456 an.

1907 5492 2045 5548 1084
2078 5492 2325 5548 inseruit.

1976 5606 2066 5671 (⁸³)
2107 5605 2487 5673 Iam—Apud
2520 5603 2576 5659 S.
2618 5603 2810 5673 Rufum
2841 5604 2910 5661 .de
2951 5606 3168 5659 Amone.
3202 5606 3475 5661 Avenione

1904 5695 2289 5748 monasterium
2311 5695 2691 5749 canonicorum
2711 5694 3057 5763 regnlariutn.
3079 5695 3308 5752 Consule
3364 5715 3480 5751 IIIII-

1905 5789 2024 5840 dem
2058 5786 2352 5841 Robertunt
2380 5803 2444 5842 eo
2475 5788 2615 5857 loco,
2654 5786 2714 5840 ν.
2751 5786 2809 5841 S.
2848 5787 2990 5842 lluli.
