4032 6326
566 373 694 431 Illi?

636 483 724 552 (’3)
763 482 888 535 Intn.
920 507 984 518 -—
1018 476 1130 547 Ego
1181 478 1395 545 poetice,
1452 488 1556 531 ctc.
1611 481 1761 543 Quod
1813 481 2125 546 perstringit
2154 486 2200 541 Α

563 572 857 631 canonicos
886 567 1253 622 Landunensis
1280 568 1331 619 in
1357 568 1612 622 chronico
1642 586 1653 619 :

638 678 656 710 ι
693 658 787 712 IIic
823 655 1188 726 (Gualdricus)
1237 657 1362 709 dum
1413 657 1701 725 aliquando
1732 673 1761 711 a
1794 658 2128 710 dedicatione

559 750 835 818 cujusdam
887 747 1131 802 ecclesia:
1183 746 1463 808 rediisset,
1495 756 1549 800 ct
1589 748 1654 800 ad
1699 747 2127 801 conﬁrmandum

556 842 602 895 si
633 852 768 909 opus
793 839 956 901 foret,
984 852 1108 892 cum
1133 837 1273 890 stola
1308 844 1362 889 et
1394 834 1550 889 mitra
1583 837 1900 903 equitasset,
1933 847 1992 889 ut
2013 846 2129 889 erat

556 929 688 984 iovis
733 928 922 992 animi,
980 926 1221 980 lanceam
1255 941 1284 979 a
1339 942 1500 980 manu
1547 927 1820 996 cujusdam
1860 939 2128 982 extortam

555 1021 979 1088 circumquaque
1026 1017 1153 1088 agili
1197 1017 1613 1086 gesticulatione
1660 1018 1933 1087 gestabat;
1990 1020 2129 1072 unde

553 1115 835 1178 cmperuut
873 1121 999 1160 eum
1049 1106 1319 1171 deridere,
1366 1107 1604 1161 dicentes
1648 1106 1939 1175 vulgariter
1985 1109 2126 1176 quod

557 1197 725 1253 abbas
755 1196 1035 1252 Wibertus
1061 1197 1273 1267 poetice
1301 1197 1381 1251 sic
1410 1198 1676 1266 exposuit.

701 1285 818 1341 Non
857 1287 982 1341 bene
1019 1287 1353 1350 conveniunt,
1389 1303 1479 1339 nec
1501 1289 1552 1340 in
1581 1303 1684 1340 una
1710 1287 1829 1340 sede
1855 1298 2128 1340 morantur

697 1379 903 1432 Cidaris
944 1387 991 1432 et
1022 1378 1224 1432 lancea.

551 1468 652 1523 IIic
678 1485 912 1537 pannum
940 1469 1172 1523 sericum
1201 1486 1334 1523 auro
1364 1472 1651 1535 intextum,
1685 1486 1848 1540 quem
1879 1484 1975 1541 per
2000 1484 2123 1524 eum

552 1561 736 1629 regina
770 1558 976 1629 Anglia:
1015 1563 1240 1616 miserat
1276 1563 1473 1632 regina:
1513 1561 1865 1624 Francorum,
1902 1561 2127 1615 abstulit

550 1650 602 1704 in
644 1651 870 1705 ecclesia
904 1650 1248 1708 Lauduuensi
1280 1655 1338 1708 Β.
1367 1654 1626 1708 Genitrici
1657 1653 1750 1707 Dei
1786 1652 1986 1718 Mariae,
2009 1651 2127 1721 jus-

546 1742 723 1810 sitque
755 1742 868 1796 ﬁeri
903 1743 1164 1808 casulam,
1214 1746 1281 1799 ad
1326 1746 1570 1815 ejusdem
1619 1745 1806 1799 Matris
1840 1746 2121 1800 honorem.

552 1831 892 1887 Procedente
922 1843 1104 1887 tamen
1134 1844 1396 1906 tempore,
1431 1851 1550 1889 cum
1587 1837 1785 1906 regina:
1814 1846 2124 1890 memorata:

545 1926 948 1985 convenissent,
980 1935 1035 1978 ct
1059 1941 1243 1981 secum
1271 1927 1337 1981 ad
1372 1928 1599 1981 invicem
1643 1929 1736 1981 diu
1785 1938 1971 1982 essent
2008 1927 2122 1981 col-

545 2016 758 2079 locutae,
789 2017 1089 2070 mirabatur
1115 2018 1297 2089 regina
1319 2018 1550 2086 Anglice,
1575 2019 1715 2087 quod
1745 2017 1947 2071 nullam
1973 2032 2124 2071 men-

545 2105 750 2159 tionem
790 2104 805 2158 I
847 2115 994 2160 ceret
1022 2106 1088 2160 de
1119 2119 1417 2161 memorato
1442 2123 1641 2176 panno,
1670 2107 1748 2161 sic
1774 2107 1850 2161 ait
1880 2106 1948 2161 ad
1970 2122 2120 2162 eam:

545 2195 663 2253 Non
711 2197 913 2267 placuit
963 2199 1114 2253 vobis
1164 2197 1541 2253 munusculum
1589 2212 1791 2264 meum,
1835 2206 2014 2253 tamen
2057 2199 2124 2254 de

546 2292 852 2361 potioribus
915 2290 1050 2355 fuit,
1124 2294 1267 2361 quod
1327 2307 1519 2346 manus
1579 2302 1776 2345 nostra:
1835 2300 2124 2361 potuerunt

543 2385 829 2454 attingere.
878 2383 973 2439 Cui
1020 2384 1201 2455 regina
1243 2383 1512 2449 Francia',
1552 2383 1830 2452 aitanid
1859 2392 1943 2438 est
1979 2385 2121 2453 quod

543 2474 810 2545 loqueris,
850 2475 920 2528 mi
956 2474 1173 2545 regina?
1208 2473 1304 2529 Cui
1336 2474 1461 2529 illa:
1495 2474 1572 2529 De
1600 2489 1796 2543 panno,
1838 2487 1994 2541 quem
2028 2488 2123 2541 per

546 2563 962 2618 Laudunensem
1010 2563 1325 2632 episcopum
1395 2563 1547 2618 vobis
1599 2560 1755 2625 mihi,
1808 2559 1867 2613 ﬁt
1918 2574 2116 2612 sermo.

541 2653 713 2726 Negat
743 2636 834 2707 illa
869 2669 927 2709 se
954 2654 1156 2722 aliquid
1207 2652 1365 2721 hujus
1408 2653 1486 2708 rei
1533 2653 1695 2708 scire.
1740 2649 1979 2705 Vocatur
2008 2649 2121 2720 cpi-

540 2763 756 2818 sc0pus,
806 2748 898 2817 qui
958 2749 1009 2802 in
1063 2748 1150 2802 illo
1192 2756 1458 2802 conventu
1498 2745 1663 2817 regali
1709 2744 1925 2808 aderat;
1974 2759 2120 2811 qua:-

542 2838 678 2892 ritur
719 2854 885 2906 quare
928 2838 1303 2893 transmissum
1356 2837 1432 2891 illi
1496 2851 1730 2907 pannum
1789 2850 1895 2888 non
1952 2833 2117 2887 obtu-

539 2928 659 2981 lerit
693 2928 911 2998 reginze.
949 2927 1255 2998 Respondet
1292 2943 1351 2982 se
1392 2941 1627 2997 pannum
1666 2925 1714 2980 ei
1772 2923 2117 2979 deferendum

541 3020 760 3073 minime
802 3036 831 3073 a
875 3035 1146 3089 quoquam
1193 3020 1499 3090 accepisse;
1538 3020 1630 3073 sed
1675 3019 1890 3089 reginae,
1922 3016 2115 3085 inquit,

550 3107 817 3174 Francize,
847 3124 1083 3179 pannum
1115 3109 1332 3172 misisti,
1358 3124 1515 3178 quem
1550 3109 1776 3164 veniens
1818 3110 1866 3162 ei
1896 3108 2118 3161 lndilate

537 3202 749 3265 obtuli-;
786 3202 1053 3256 mirantur
1109 3212 1372 3271 utraeque,
1427 3203 1522 3255 sed
1576 3201 1749 3270 magis
1798 3200 1979 3270 regina
2008 3199 2116 3251 An-

538 3295 679 3363 glize,
710 3302 906 3362 putans
937 3309 996 3349 se
1027 3294 1288 3355 tlclusam,
1336 3303 1389 3348 et
1432 3308 1555 3348 cum
1602 3293 1704 3347 alia
1754 3292 1870 3347 Ioco
1918 3292 2118 3359 regiam

538 3384 909 3447 adfabulasse,
950 3385 1101 3439 aiens
1138 3386 1205 3439 ad
1232 3385 1540 3455 episcopum
1567 3403 1582 3439 :
1609 3384 1707 3439 Ubi
1737 3385 1899 3454 igitur
1932 3384 2115 3453 regina

544 3475 826 3529 Fiant-iac?
877 3474 1146 3529 Similiter
1183 3485 1235 3529 et
1284 3474 1389 3528 alia
1420 3474 1704 3540 aitzQuid
1749 3482 1851 3537 est,
1901 3473 2117 3527 domine

535 3568 802 3637 episcope,
847 3583 950 3622 non
978 3566 1259 3637 cognoscis
1294 3566 1410 3620 me?
1436 3566 1536 3633 Qui
1569 3565 1644 3620 ait
1680 3582 1694 3618 :
1732 3563 1928 3633 Utique
1973 3565 2115 3618 novi.

536 3661 714 3724 Certe,
743 3660 819 3713 ait
842 3663 1049 3730 regina,
1102 3658 1233 3712 mihi
1279 3674 1385 3713 non
1440 3657 1803 3727 praesentasti.
1847 3657 1946 3724 Qui
1997 3657 2113 3709 ait:

543 3745 764 3816 Regina:
809 3745 1050 3802 Francia:
1074 3746 1240 3801 obtuli
1271 3762 1508 3816 pannum
1540 3747 1606 3802 ab
1638 3749 1739 3801 hac
1764 3745 1981 3798 domina
2013 3746 2114 3798 sibi

532 3838 937 3899 transmissum,
957 3854 1077 3907 quae
1099 3846 1182 3893 est
1217 3837 1302 3907 pia
1329 3840 1421 3895 Dei
1451 3849 1645 3904 mater,
1675 3840 1861 3911 regina
1891 3838 2114 3891 immor-

539 3929 682 3991 talis,
729 3930 879 3998 cujus
920 3945 1141 3999 regnum
1187 3931 1383 3987 stabile
1425 3942 1505 3989 est
1547 3933 1663 3987 sine
1708 3933 1832 3988 ﬁne.
1870 3930 2117 3985 Laudant

512 4030 780 4084 .utracque
810 4020 885 4075 rei
915 4021 1142 4085 factum,
1170 4034 1224 4078 et
1251 4023 1550 4095 approbant
1574 4023 1793 4077 donum.

606 4111 769 4183 647
808 4129 826 4162 ι
861 4110 1164 4168 Walderico
1189 4115 1453 4169 successit
1484 4114 1636 4184 lingu
1661 4114 1898 4170 decanus
1923 4110 2113 4167 Eccle-

536 4202 630 4256 sia;
655 4202 1079 4258 Aurelianensis.
1110 4206 1228 4271 Quo
1250 4217 1369 4275 post
1407 4205 1440 4260 6
1472 4220 1683 4260 nienses
1723 4214 1955 4270 mortuo,
1984 4203 2117 4257 Bar-

534 4293 848 4349 tholouueus
872 4295 928 4349 lit
951 4295 1317 4351 Lauduuensis
1347 4297 1651 4368 episcopus,
1671 4296 1824 4365 cujus
1852 4295 2113 4349 industria

534 4384 865 4440 cathedralis
902 4384 1131 4440 ecclesia
1179 4386 1231 4440 in
1277 4387 1426 4441 brevi
1474 4396 1746 4456 reparata,
1781 4387 1974 4439 iterum
2014 4384 2115 4438 fuit

1401 369 1489 423 AD
1527 367 1676 424 OI‘I’.
1722 366 1870 421 \‘EN.
1902 364 2222 422 GUIBERI‘I
2266 365 2351 420 DE
2392 362 2778 421 NOVIOENTO

3668 368 3781 428 1168

2305 478 2396 547 (³⁷)
2424 480 2550 531 ΕΜ».
2585 478 2647 531 ν.
2681 507 2749 516 ——
2775 475 3076 530 Monasterii
3116 474 3426 530 Puellarum
3457 476 3781 537 Castellauus.

2231 566 2595 620 Castellanum
2645 566 2801 636 vulgo
2844 565 2987 619 arcis
3027 582 3120 635 pra
3141 564 3345 619 fectum
3388 566 3611 619 vocitari
3640 572 3786 633 probe

2231 655 2367 721 scio,
2400 654 2434 707 Ι.
2467 671 2525 708 ιι.
2561 655 2634 708 De
2650 653 2827 707 fundis
2848 654 3193 724 limitrophis,
3219 655 3312 708 lib.
3350 670 3410 708 ιι.
3443 656 3576 709 Cod.
3604 654 3784 714 Tit.59.

2236 742 2431 798 Verum
2464 758 2623 798 secus
2652 745 2753 798 hoc
2788 744 2932 808 loco,
2980 755 3038 799 ut
3073 761 3219 809 reor,
3256 757 3555 815 usurpatur
3586 763 3678 816 pro
3705 751 3787 803 ad-

2231 842 2420 888 vocato
2444 835 2720 898 nimirum,
2749 836 2903 902 cujus
2924 837 3250 905 praecipuum
3269 852 3466 891 munus
3478 847 3621 901 erat,
3643 842 3789 895 eccle-

2230 920 2339 972 sias
2371 918 2453 972 vel
2482 920 2811 973 monasteria
2836 922 2995 975 tueri.
3032 920 3115 975 Nil
3142 922 3488 991 frequentius
3520 924 3792 993 Scriptores

2231 1011 2460 1079 antiqui.
2489 1009 2836 1078 Capitul.'lib.
2869 1026 2967 1077 vn,
3004 1028 3123 1081 cap.
3160 1013 3302 1066 508:
3344 1032 3362 1065 ι
3403 1012 3511 1066 Pro
3542 1014 3784 1070 Ecclesia-

2232 1117 2349 1155 rum
2398 1102 2600 1165 causis,
2645 1117 2709 1157 ac
2759 1103 3131 1159 necessitabus
3162 1119 3376 1168 earum,
3416 1115 3583 1174 atque
3626 1123 3791 1162 servo-

2230 1210 2352 1249 rum
2386 1195 2516 1260 Dei,
2542 1204 2911 1260 exsecutores,
2943 1196 3025 1250 vel
3049 1197 3321 1261 advocati,
3355 1212 3452 1252 seu
3475 1196 3793 1261 defensores,

2229 1285 2443 1353 quoties
2465 1285 2764 1340 necessitas
2794 1285 3080 1354 ingruerit,
3105 1301 3136 1340 a
3164 1288 3409 1358 principe
3440 1288 3790 1357 postulentur;

2228 1382 2284 1428 et
2311 1373 2379 1427 ab
2399 1388 2464 1428 eo
2488 1373 2719 1427 lideliter
2745 1383 2907 1443 atque
2944 1374 3173 1431 libenter
3198 1376 3353 1446 juxta
3382 1381 3674 1431 canonieas
3692 1394 3791 1432 san-

2230 1463 2440 1517 ctiones
2456 1463 2768 1519 ﬁdelissime
2785 1465 2999 1519 dentur.
3014 1486 3032 1518 ι
3052 1466 3289 1535 Duplieis
3308 1469 3528 1537 generis
3546 1469 3794 1533 advocati,

2230 1552 2364 1618 nati,
2406 1561 2460 1606 et
2493 1552 2630 1607 dati.
2666 1552 2876 1609 Vidcsis
2902 1555 3238 1611 Glossarium
3266 1558 3459 1613 Pithaai
3488 1559 3558 1612 ad
3589 1561 3776 1628 capital

2227 1643 2407 1698 Caroli
2430 1643 2608 1715 Magni
2638 1654 2694 1700 et
2721 1648 2979 1715 perdocta
3003 1647 3281 1704 Francisci
3326 1649 3590 1719 Bosqueti
3628 1650 3787 1704 obser-

2229 1736 2476 1790 vationes
2510 1736 2577 1789 ad
2625 1738 2785 1807 epist.
2833 1739 2955 1804 122,
3002 1738 3099 1792 154
3133 1750 3189 1793 et
3239 1740 3326 1795 i9I
3372 1740 3673 1795 Innocentii
3720 1742 3794 1805 Ill,

2158 1818 2199 1877 Β
2231 1841 2353 1897 pag.
2382 1827 2510 1893 M5,
2542 1828 2643 1884 149
2669 1842 2722 1884 et
2746 1830 2868 1885 188.

2295 1921 2632 1977 Advocatum
2657 1923 2907 1977 concedit
2933 1925 3268 1980 monasterio
3292 1924 3597 1979 Anianensi
3632 1924 3790 1977 Liuio-

2227 2014 2385 2070 vicus
2412 2013 2542 2071 Pius
2570 2015 2683 2070 suis
2719 2015 2916 2071 litteris
2945 2017 2999 2070 in
3037 2032 3158 2071 eain
3188 2034 3301 2071 rem
3337 2016 3682 2084 conscriptis.
3704 2015 3792 2069 lla-

2226 2106 2358 2163 bent
2385 2106 2503 2162 lucc
2527 2105 2715 2162 verba.

2301 2215 2320 2249 ι
2374 2196 2430 2252 1η
2482 2198 2703 2253 nomine
2756 2195 2965 2251 Domini
3020 2196 3110 2251 Dei
3169 2210 3225 2252 et
3280 2196 3589 2251 Salvatoris
3641 2196 3790 2249 austri

2225 2288 2352 2344 Jesu
2385 2289 2612 2352 Christi,
2651 2288 2958 2343 Ludovicus
2986 2289 3169 2344 divina
3202 2290 3538 2360 propitiante
3579 2287 3791 2344 elemen-

2227 2384 2322 2448 tia,
2358 2384 2653 2452 imperator
2680 2383 2975 2453 Angustus.

2301 2493 2319 2526 ι
2353 2475 2406 2527 Si
2429 2474 2776 2543 petitionibus
2797 2490 3077 2529 servorum
3102 2475 3194 2529 Dei
3220 2474 3385 2544 justis
3407 2483 3461 2529 et
3477 2474 3790 2529 rationabili-

2223 2565 2520 2629 bus,divini
2548 2566 2725 2620 cultus
2748 2581 2933 2621 amore
2954 2564 3220 2633 favemus,
3244 2586 3264 2619 ι
3289 2576 3397 2621 etc.
3438 2564 3566 2620 Vide
3581 2568 3710 2620 inter
3724 2568 3791 2617 di-

2221 2655 2451 2725 plomata
2485 2655 2735 2710 Ludovici
2768 2656 2873 2710 Pii.
2904 2655 3226 2727 Patrologia’
3247 2667 3284 2711 ι.
3304 2655 3462 2711 CIV.

2290 2746 2561 2818 648i”)
2579 2747 2706 2802 CAP.
2738 2748 2877 2803 V.—
2893 2749 3025 2814 Qua:
3051 2750 3282 2804 basilica’
3308 2759 3488 2819 caput.
3516 2748 3691 2804 Locus
3709 2762 3789 2803 ec-

2221 2838 2399 2893 clesia:
2424 2839 2839 2909 prominentior,
2858 2841 2937 2895 sic
2958 2842 3133 2895 dictus
3145 2841 3287 2910 quod
3307 2841 3484 2894 instar
3507 2839 3788 2895 fueritcero

2223 2929 2734 2994 vicalis,vernaeule
2774 2932 2961 2984 cheve:.
2994 2931 3048 2985 In
3077 2932 3317 2986 basilicis
3343 2932 3534 2986 Sancti
3567 2931 3789 3000 Dionysii

2223 3019 2275 3072 in
2308 3019 2561 3087 Francia,
2586 3019 2802 3075 Sancta:
2824 3020 3112 3076 Gcnovel‘a:
3139 3021 3388 3087 Parisiis,
3415 3021 3602 3077 Sancti
3635 3022 3788 3075 Bene-

2222 3109 2350 3164 dicti
2398 3109 2783 3177 Floriaeensis,
2821 3120 2878 3165 et
2905 3110 3032 3166 alibi
3066 3112 3117 3165 id
3144 3127 3316 3183 genus
3342 3114 3589 3183 capitqu
3624 3112 3788 3166 visun-

2226 3211 2312 3256 tur
2340 3201 2627 3272 hodieque.

2293 3293 2384 3364 (”)
2430 3292 2559 3349 lmn.
2598 3325 2669 3335 -—-
2701 3294 2952 3365 Mastigia
2987 3295 3281 3366 chlamydis
3333 3313 3367 3350 ιι
3415 3307 3563 3365 tergo
3596 3298 3788 3365 νήπια.

2221 3385 2453 3441 Difﬁcile
2481 3386 2770 3441 admodum
2792 3396 2875 3442 est
2901 3388 3167 3457 mastigia:
3192 3397 3411 3459 etymon
3443 3389 3684 3458 aperire:
3712 3403 3790 3441 ve-

2219 3493 2338 3531 rum
2360 3478 2406 3532 si
2438 3476 2763 3547 conjectura:
2794 3476 2970 3532 locum
2997 3480 3129 3533 dare
3153 3478 3334 3543 liceat,
3368 3477 3674 3547 ntastigiam
3694 3478 3792 3545 opi-

2222 3583 2322 3622 nor
2352 3568 2654 3639 chlamydis
2683 3569 2951 3637 quoddam
2976 3570 3272 3634 vinculum,
3296 3585 3407 3640 quo
3439 3570 3609 3624 veluti
3644 3569 3788 3639 ligula

2219 3669 2452 3729 utraque
2487 3675 2613 3730 pars
2652 3662 2895 3716 anterior
2939 3664 3307 3718 connectitur.
3336 3662 3677 3731 Conjeetura:
3713 3678 3790 3714 uo-

2218 3760 2346 3805 stra:
2376 3750 2588 3806 videtur
2616 3751 2899 3822 sull‘i-agari
2927 3750 3161 3809 Severus
3188 3754 3482 3824 Sulpicius,
3505 3753 3708 3821 Dialog.
3737 3752 3790 3803 li-

2220 3842 2319 3898 bro
2350 3858 2410 3908 ιι,
2441 3858 2560 3912 cap.
2593 3843 2648 3898 4.
2684 3863 2702 3896 ι
2740 3845 3087 3917 Consurgunt
3125 3862 3315 3903 omnes
3350 3847 3564 3917 pariter
3587 3847 3643 3901 in
3675 3861 3787 3901 rer-

2218 3934 2380 4000 bera;
2414 3939 2690 3991 consumit
2714 3937 2952 3995 Gallicas
2978 3940 3245 3995 mularum
3274 3955 3432 4010 ptena
3461 3940 3785 4011 mastigias.»

2220 4026 2383 4082 Vides
2408 4043 2474 4083 eo
2504 4028 2607 4083 loci
2634 4031 2939 4102 mastigiam
2971 4031 3070 4087 lori
3099 4047 3221 4089 esse
3244 4048 3415 4104 genus
3442 4047 3540 4088 seu
3581 4033 3783 4088 corria-

2217 4133 2373 4173 eenm
2404 4120 2779 4175 retinaculum.

2286 4211 2403 4282 (¹⁰⁰)
2440 4210 2568 4266 CAP.
2607 4211 2712 4266 VII.
2738 4243 2806 4252 —
2834 4211 2900 4267 Ut
2932 4215 3100 4281 capite
3126 4217 3287 4269 censi.
3334 4214 3457 4271 Uno
3509 4216 3697 4280 verbo,
3742 4215 3787 4266 id

2216 4310 2297 4355 est
2331 4302 2616 4371 mancipia,
2641 4317 2763 4372 qua:
2786 4304 3083 4373 quotannis
3114 4305 3375 4359 tributum
3409 4303 3625 4359 solvere
3656 4312 3791 4358 teneo

2218 4394 2437 4446 bantur.
2462 4391 2665 4446 Charta
2694 4392 3124 4449 Flaviniacensis
3154 4393 3470 4449 monasterii
3523 4393 3690 4448 relata
3729 4393 3790 4444 ab

512 4485 882 4540 consecrata;
924 4477 976 4529 in
1005 4476 1186 4531 multis
1211 4491 1427 4547 quoque
1455 4478 1585 4533 locis
1608 4478 1660 4531 in
1685 4477 1880 4546 quibus
1903 4475 2113 4559 religio—
2143 4506 2195 4566 Β
2220 4481 2448 4536 Audraza
2475 4482 2757 4538 Duchesne
2802 4484 2856 4537 in
2887 4485 3099 4553 prohat.
3129 4483 3377 4538 Historiae
3400 4483 3791 4552 Vergiacensis,

518 4567 617 4620 .nis
647 4566 831 4620 fervor
853 4583 959 4622 non
988 4566 1185 4633 fuerat,
1222 4584 1319 4639 per
1348 4582 1471 4622 eum
1502 4580 1586 4623 est
1611 4570 1890 4624 dilatatus.
1914 4558 1949 4619 γι

601 4654 669 4709 Ει
693 4653 910 4710 Guillel.
935 4658 1002 4713 de
1030 4659 1480 4730 Nangisllistoria
1502 4660 1722 4723 inedita,
1746 4658 1811 4712 ad
1836 4674 1924 4712 an.
1948 4658 2105 4723 1115,

510 4745 600 4799 »εώ
624 4745 710 4799 his
733 4761 836 4801 non
860 4747 1128 4819 discrepat
1160 4769 1173 4804 :
1210 4770 1226 4801 ι
1252 4749 1503 4804 Valdrico
1532 4749 1965 4804 Laudunensium
1997 4750 2109 4817 epi-

531 4850 694 4906 scopo
726 4852 755 4890 a
784 4839 896 4893 suis
914 4840 1121 4895 civibus
1148 4842 1397 4912 nequiter
1428 4850 1734 4912 perempto,
1761 4842 1913 4911 lIugo
1935 4842 2109 4895 Aure-

530 4928 790 4985 liauensis
822 4930 1077 4986 Ecclesiae
1118 4932 1359 4987 decanus
1406 4934 1771 4989 substituitur.
1820 4932 1938 4999 Quo
1984 4943 2106 5001 post

529 5029 735 5088 septem
772 5034 985 5076 menses
1015 5033 1250 5088 mortuo,
1287 5044 1304 5076 ι
1348 5036 1456 5079 etc.

599 5109 690 5178 (⁸⁸)
715 5110 846 5164 CAP.
875 5110 963 5164 iV.
990 5143 1057 5151 -—
1087 5112 1212 5167 Non
1240 5113 1363 5168 bene
1388 5114 1727 5182 conveniunt,
1758 5124 1865 5169 etc.
1900 5114 2104 5168 Alludit

528 5200 592 5252 ad
621 5199 777 5254 Ovid.
804 5199 1158 5273 Metamorph.
1190 5220 1272 5269 ιιι,
1314 5204 1366 5267 5,
1394 5204 1480 5257 14.

596 5290 682 5358 (θ’)
706 5289 1263 5361 18ιι).--Ηαηομονιιιη
1286 5303 1332 5347 et
1350 5304 1668 5347 scutrarum.
1696 5294 1977 5361 Hanapum
2002 5307 2101 5362 pa-

527 5389 641 5433 tera
686 5390 799 5446 est,
831 5382 943 5436 sive
978 5383 1274 5453 cymbium,
1314 5383 1429 5438 Gal.
1466 5378 1666 5452 hanap,
1705 5395 1862 5437 (asse.
1908 5384 2100 5437 Scutra

531 5472 675 5526 vasis
701 5489 890 5543 genus,
918 5475 1222 5545 paropsidis
1248 5477 1436 5531 instar.
1454 5475 1631 5531 Plaut.
1649 5477 1700 5531 in
1718 5476 2040 5540 I’ersa,Act.
2060 5492 2097 5541 ι,

525 5575 680 5617 scena
710 5579 792 5618 Ill.

591 5656 879 5714 Commisce
911 5672 1167 5726 multum;
1210 5665 1446 5718 struthea
1488 5663 1829 5732 colutheaque
1874 5678 2095 5729 appara,

588 5747 730 5805 Bene
761 5762 815 5805 ut
842 5755 1029 5808 scutris
1057 5756 1381 5822 roncaleaat,
1414 5767 1460 5810 et
1498 5755 1760 5809 calamum
1790 5754 1964 5821 injice.

2217 4588 2338 4643 pag.
2369 4573 2459 4627 2i.
2499 4592 2517 4624 ι
2548 4573 2833 4628 Archivisa
2866 4584 2920 4628 et
2948 4574 3086 4628 ﬁlios
3106 4589 3234 4629 suos
3269 4573 3370 4628 sub
3410 4588 3476 4627 eo
3528 4588 3711 4635 censu,
3738 4581 3789 4623 ut

2212 4665 2439 4721 masculi
2472 4667 2728 4722 denarios
2744 4676 2982 4736 quatuor
3004 4668 3071 4719 de
3098 4666 3271 4733 capite
3301 4665 3461 4718 annis
3495 4663 3738 4735 singulis.
3767 4681 3784 4710 ι

2281 4758 2396 4829 (¹⁰¹)
2437 4758 2565 4813 lato.
2598 4759 2842 4827 —-Apud
2891 4756 3141 4812 Sanctum
3191 4755 3541 4810 Vincentium.
3573 4755 3790 4822 Quando

2209 4849 2426 4917 quidem
2454 4864 2565 4918 pne
2589 4849 2840 4901 manibus
2861 4847 3086 4901 habeam
3101 4846 3336 4900 cmnobii
3364 4841 3790 4898 SanctiVinccn-

2214 4943 2270 4995 tii
2329 4940 2646 5003 Historiam,
2696 4956 2760 4995 ex
2796 4939 3072 4994 veteribus
3116 4938 3341 4992 schedis
3373 4952 3403 4990 a
3449 4938 3611 4991 docto
3655 4934 3786 4987 Emi-

2209 5032 2352 5086 liano
2382 5031 2449 5086 de
2484 5031 2530 5084 Ia
2560 5031 2724 5101 Bigne
2744 5030 3026 5085 sacerdote
3055 5040 3241 5083 nostro
3274 5027 3525 5097 theologo
3558 5026 3642 5098 (ex
3666 5040 3781 5093 qua,

2208 5140 2328 5192 qua:
2360 5123 2605 5184 relaturi,
2641 5137 2807 5192 pauca
2836 5122 3014 5175 studio
3047 5130 3231 5173 nostro
3258 5118 3522 5187 adjecturi
3551 5119 3784 5172 desume-

2209 5222 2348 5283 tnus)
2380 5216 2507 5268 lihet
2539 5214 2696 5282 paulo
2720 5214 2922 5266 diutius
2952 5212 3040 5266 hic
3080 5211 3378 5274 inunorari,
3418 5212 3486 5264 ad
3513 5209 3779 5263 lustranda

2208 5316 2316 5361 ttuu
2353 5309 2574 5376 antiqua
2621 5307 2825 5359 illius-cc
2869 5306 3184 5358 monasterii
3238 5312 3624 5361 monumenta,
3673 5309 3779 5349 tum

2204 5400 2365 5453 etiam
2396 5398 2698 5452 antistitum
2729 5399 2954 5461 seriem,
2990 5397 3445 5463 memorandaque
3485 5393 3626 5447 facta
3649 5408 3778 5444 nmi-

2205 5489 2471 5541 nullorum
2514 5489 2863 5542 recensenda.

2205 5578 2564 5633 Snmmarium
2604 5580 2838 5630 historia:
2880 5578 3183 5630 monasterii
3236 5585 3284 5629 et
3329 5574 3578 5627 abbatum
3625 5572 3775 5626 series

2555 5662 2723 5714 sancti
2767 5660 3020 5715 Vincenti
3043 5661 3425 5714 Lauduuensis.

2274 5753 2533 5806 Luudunn
2583 5752 2803 5806 Clavalo
2857 5753 3010 5819 quasi
3057 5752 3252 5806 insidet
3292 5750 3477 5805 Sancti
3516 5746 3776 5803 Vincentii
