4032 6326
228 378 360 434 “69

1311 370 1520 428 DUMNI
1550 370 1611 427 L.
1652 369 1991 427 D’ACHERY
2032 371 2260 430 NOTAE.

3330 365 3470 427 “70

227 484 630 546 iuonasterium.
670 482 787 539 Uno
819 484 987 540 ferme
1030 485 1208 555 lapide
1254 486 1459 540 distans
1497 491 1564 539 ab
1608 488 1791 539 eadem
1822 487 1867 542 Α
1895 492 2132 540 tractare
2174 490 2428 554 quiddam
2478 487 2601 543 huic
2629 492 2765 556 sedi,
2795 492 2881 548 cui
2930 495 3153 543 auctore
3186 486 3295 540 Deo
3328 502 3466 565 prte-

224 582 358 634 urbe
392 576 554 631 situm
586 582 668 628 est
700 575 751 627 in
793 585 994 639 monte,
1028 592 1188 646 quem
1227 577 1367 629 inter
1402 585 1449 630 et
1487 576 1655 646 ipsam
1701 590 1789 628 ur-

226 672 343 726 bem
389 667 467 737 (in
506 674 688 721 monte
718 665 900 721 itidem
934 666 1272 735 collocatam)
1303 667 1454 722 vallis
1489 666 1786 733 interjacet.

293 758 568 813 Fundatur
599 756 679 826 (ut
704 755 1013 825 conjectura
1045 758 1148 827 est)
1202 772 1230 810 a
1268 755 1445 809 Bruna
1488 755 1739 811 Clodovei
1772 755 1791 808 ἰ

226 852 364 920 regis
389 847 719 902 Francorum
752 846 880 911 filia,
912 862 1075 915 quam
1120 862 1150 901 e
1190 846 1474 918 tyrannide
1514 845 1656 916 regis
1691 844 1787 899 Go-

227 945 438 998 thorum
469 947 731 1008 ereptam,
762 937 816 990 in
845 937 1047 993 Gallias
1082 937 1247 992 frater
1274 938 1648 993 Childebertus
1679 945 1790 991 tum

223 1047 445 1104 regnum
474 1039 665 1084 tenens
717 1026 959 1083 Francia;
1003 1029 1309 1081 reduxerat.
1350 1028 1495 1081 Adeo
1531 1027 1792 1096 siquidem

225 1120 463 1176 tenebris
487 1117 739 1174 obvoluta
776 1126 901 1170 sunt
936 1117 1079 1171 illius
1118 1118 1427 1171 monasterii
1473 1120 1791 1187 primordia,

226 1215 359 1267 adeo
392 1212 559 1266 altum
596 1209 870 1265 silentium
917 1211 1054 1279 apud
1104 1208 1411 1276 historicos,
1442 1226 1507 1266 ae
1553 1221 1793 1267 veterum

226 1313 696 1360 monumentorum
743 1305 964 1373 penuria
1011 1312 1158 1358 tanta
1214 1313 1273 1359 ιιι
1325 1306 1410 1359 vix
1471 1304 1795 1375 eonjecturis

224 1397 389 1465 possit
420 1395 594 1449 inniti.
626 1396 822 1449 Verum
857 1412 924 1450 ne
961 1397 1128 1466 gratis
1164 1397 1349 1451 istbmc
1375 1398 1663 1467 protulisse
1694 1413 1795 1468 ap-

224 1494 431 1553 pareat,
460 1484 561 1538 hoc
582 1483 737 1538 affert
767 1484 1126 1539 testimonium
1157 1486 1382 1541 domnus
1409 1486 1704 1542 Emilianus
1729 1502 1795 1543 ex

224 1585 435 1630 vetusto
463 1576 645 1630 scrinii
678 1575 1025 1630 officialitatis
1053 1576 1427 1634 Laudunensis
1456 1580 1642 1635 codice
1692 1597 1791 1637 ms.

297 1684 317 1716 ι
353 1667 509 1721 Anno
548 1665 760 1720 Domini
799 1668 1235 1737 quingentesimo
1279 1680 1432 1725 sexto
1481 1671 1657 1726 Bruna
1710 1688 1796 1728 re-

222 1759 342 1826 gina
389 1756 664 1827 Hispania:
688 1757 840 1828 plura
876 1767 1186 1814 sanctorum
1236 1761 1481 1817 emnobia
1530 1763 1793 1830 fundavit,

1892 577 2063 642 sideo,
2096 575 2460 646 profuturum,
2501 580 2635 636 meis
2666 598 2813 648 vero,
2846 591 2905 636 ut
2932 581 3147 650 opinor,
3177 577 3467 635 consulen-

1894 664 1976 720 dis
2002 665 2325 722 criminibus
2356 674 2855 739 peruecessarium;
2883 673 2927 727 si
2964 672 3182 741 quidem
3215 671 3266 726 in
3296 671 3467 726 latere

1892 754 2111 816 montis,
2136 755 2220 809 cui
2248 759 2564 824 praeeininet
2592 761 2801 826 civitas,
2846 763 2898 816 in
2936 771 3225 833 prospectu
3257 762 3469 817 scilicet

1892 844 2030 914 ejus,
2059 854 2140 901 est
2169 847 2397 902 ecclesia
2428 851 2531 904 sita
2560 850 2743 908 Sancti
2785 853 3051 909 Vincentii
3080 854 3283 926 egregii
3322 870 3468 907 mar-

1893 936 2026 1007 tyris
2055 936 2201 991 cultu
2238 947 2293 992 et
2320 938 2524 994 honore
2571 944 2914 1007 venerabilis,
2962 959 3126 1014 super
3172 958 3277 1013 qua
3323 941 3471 997 fama

1893 1024 2165 1079 ferebatur
2192 1026 2426 1095 antiquis
2460 1031 2791 1097 temporibus
2824 1033 3036 1103 insigne
3062 1036 3227 1089 fuisse
3283 1050 3468 1089 mona-

1894 1115 2043 1169 sricze
2069 1116 2648 1186 conversationis,qu:e
2676 1120 2892 1188 quidem
2924 1123 3180 1178 moderno
3229 1133 3471 1192 tempore

1895 1206 2042 1259 omni
2092 1205 2461 1262 destitutionis
2522 1210 2908 1265 succumbebat
2964 1215 3238 1281 penuriae,
3295 1215 3468 1269 donec

1896 1297 2260 1365 praedecessor
2294 1309 2480 1355 noster
2526 1299 2783 1356 Adelmus
2829 1301 3189 1372 undequaque
3240 1306 3469 1372 sumpti-

1896 1388 2017 1453 bus,
2045 1388 2326 1444 duodecim
2357 1391 2739 1445 canonicorum
2770 1392 2824 1447 in
2856 1407 2919 1447 ea
2957 1393 3234 1447 assiduum
3268 1396 3470 1448 consti-

1899 1477 2002 1531 tuit
2042 1478 2322 1534 servitutis
2373 1490 2726 1546 conventum,
2765 1481 2957 1536 ordine
2997 1482 3210 1536 vivendi
3258 1480 3467 1552 religio-

1897 1584 2036 1623 sum.
2077 1570 2193 1637 Quo
2237 1572 2311 1625 ita
2371 1572 2663 1640 defuncto,
2713 1574 3083 1630 crescentibus
3128 1574 3471 1629 diversarum

1898 1658 2131 1713 cladium
2169 1661 2345 1726 malis,
2380 1676 2519 1732 pene
2548 1663 2614 1717 ad
2647 1663 2933 1732 pristinum
2965 1662 3174 1733 relapsa
3203 1671 3287 1717 est
3317 1662 3467 1717 deso-

1898 1751 2118 1807 latienis
2165 1753 2591 1819 detrimentum;
2647 1755 2789 1824 quod
2846 1770 2946 1825 ego
2995 1770 3102 1809 non
3154 1754 3472 1825 aequanimis

221 1862 273 1902 ct
319 1848 546 1903 a‘tliﬂcia
596 1850 825 1904 mirandi
864 1852 1073 1920 operis,
1129 1852 1271 1905 inter
1322 1869 1442 1922 qua:
1487 1856 1791 1910 coenobium

1896 1842 2100 1906 ferens,
2135 1844 2372 1899 maxime
2401 1844 2527 1914 quia
2570 1861 2675 1899 non
2708 1852 2917 1899 tantum
2957 1843 3117 1913 hujus
3156 1843 3301 1899 sedis
3360 1843 3470 1912 epi-

223 1942 406 1996 Sancti
438 1942 708 1997 Vincentii
738 1942 1129 2006 Laudunensis,
1158 1953 1397 2012 tempore
1426 1946 1597 2001 sancti
1617 1946 1796 2000 Remi-

220 2032 288 2100 gii
320 2030 607 2087 Remensis
658 2034 1077 2105 archiepiscOpi,
1144 2043 1199 2089 et
1252 2037 1422 2090 sancti
1474 2035 1792 2106 Gencbaldi,

219 2122 451 2191 episcopi
483 2120 880 2179 Laudunensis.
913 2143 931 2175 ι

286 2212 355 2264 At
402 2213 770 2268 verosimilius
807 2213 1042 2272 Brunam
1080 2232 1199 2271 esse
1251 2216 1631 2287 Bruniehildis,
1688 2236 1791 2276 non

217 2302 519 2373 coniugem,
546 2306 638 2360 sed
665 2305 829 2362 filiam
853 2310 998 2380 regis
1023 2309 1349 2375 Gothorum,
1378 2311 1650 2381 Sigiberto
1668 2312 1794 2368 Gal-

219 2389 300 2442 lia:
351 2394 461 2461 regi
507 2393 758 2466 coniugio
797 2401 1123 2469 copulatam.
1176 2401 1331 2458 Unde
1373 2412 1553 2457 autem
1600 2401 1793 2458 Bruna:

219 2497 413 2537 nomen
435 2486 653 2552 sortita,
684 2488 882 2544 indicat
912 2488 1217 2546 Cbronicon
1241 2492 1509 2548 Besucnse
1536 2512 1549 2548 :
1583 2514 1600 2546 ι
1626 2494 1793 2549 Porro

217 2570 520 2640 Sigibertus
547 2591 669 2631 cum
700 2580 905 2635 videret
931 2581 1130 2639 fratres
1155 2600 1283 2640 suos
1315 2584 1448 2640 viles
1480 2600 1675 2639 uxores
1699 2600 1791 2639 ac-

215 2662 410 2729 cipere,
439 2664 719 2736 Gogonem
750 2670 1005 2739 majorem
1030 2676 1222 2731 domus
1235 2691 1399 2732 causa
1430 2677 1710 2748 legatiOnis
1725 2675 1792 2730 ad

215 2749 537 2819 Anagildum
568 2756 788 2826 direxit,
822 2773 1007 2830 petens
1032 2775 1089 2817 ut
1120 2765 1281 2820 filiam
1323 2782 1505 2831 suam,
1557 2768 1791 2821 Brunam

215 2843 448 2907 nomine,
480 2847 738 2920 coniugio
769 2853 1027 2920 traderet,
1060 2865 1189 2923 etc.,
1231 2859 1297 2911 ad
1331 2873 1525 2913 nomen
1562 2857 1678 2925 ejus
1709 2874 1794 2913 or-

217 2934 450 2989 nandum
476 2946 568 2991 est
592 2949 834 3009 auctum,
873 2946 1625 3013 utvocareturBruncchildis,
1649 2967 1669 3000 ›
1687 2959 1790 3003 etc.

216 3020 333 3086 (Est
364 3032 416 3076 et
450 3024 705 3097 Gregorii
747 3029 1078 3087 Turonensis
1113 3038 1377 3090 sententia
1412 3038 1549 3092 Hist.
1594 3038 1789 3093 Frauc.

216 3112 305 3165 lib.
337 3114 434 3185 tv.)
468 3135 485 3167 ι
522 3117 693 3173 Tanta
728 3122 867 3175 mala
898 3133 951 3177 et
971 3124 1259 3183 eﬂusiones
1284 3131 1581 3199 sanguinis,
1605 3130 1792 3183 Brnni-
1821 3161 1866 3225 ε

217 3204 397 3225 ,μυξη
440 3222 485 3225 η
704 3211 728 3225 ,,
795 3223 801 3225 _
1063 3218 1074 3225 _
1143 3218 1182 3225 __
1324 3221 1334 3225 _
1650 3222 1659 3225 _
1743 3224 1749 3225 ,

214 3204 402 3259 rbildis
431 3209 666 3264 consilio
702 3211 858 3267 factae
893 3225 1019 3269 sunt
1062 3218 1113 3270 in
1143 3218 1392 3285 Francia,
1425 3230 1482 3273 ut
1512 3222 1791 3291 prophetia

215 3296 430 3363 Sybilla)
458 3300 781 3369 impleretur
808 3305 992 3362 dicens
1022 3326 1036 3361 :
1070 3307 1301 3365 Veniens
1336 3310 1513 3366 Bruna
1557 3313 1623 3367 de
1671 3328 1795 3383 par-

216 3388 355 3440 tibus
387 3389 684 3461 llispanize,
715 3406 841 3450 ante
881 3397 1036 3467 cujus
1066 3413 1414 3471 conspectum
1447 3412 1635 3474 gentes
1668 3419 1792 3474 per-

220 3477 401 3543 ibunt;
445 3482 565 3536 hanc
590 3499 717 3539 vero
750 3487 990 3557 equitum
1021 3490 1259 3548 calcibus
1286 3492 1665 3564 disrumpetur.
1700 3513 1718 3547 ι

284 3568 409 3625 Post
473 3572 877 3642 fundationem,
936 3580 1437 3653 institutionemque
1499 3586 1792 3642 monacho-

214 3673 350 3724 rum,
393 3664 563 3718 variis
603 3674 687 3719 est
737 3666 1056 3724 labefactata
1092 3671 1332 3729 cladibus
1370 3675 1580 3729 abbatia
1609 3675 1791 3731 Sancti

215 3747 519 3816 Vincentii;
587 3771 748 3825 quam
817 3767 872 3813 et
943 3757 1173 3817 diversis
1256 3763 1435 3820 clerici
1509 3766 1786 3822 incoluere

214 3845 575 3912 temporibus;
610 3864 674 3903 ac
724 3852 935 3907 tandem
988 3868 1130 3909 anno
1182 3855 1371 3912 salutis
1423 3858 1545 3913 948.
1611 3858 1793 3929 [fiori-

213 3931 325 3986 rins
386 3935 501 3990 sive
566 3936 764 3995 Rorico
809 3940 985 3997 Caroli
1034 3942 1307 4014 Simplicis
1372 3946 1553 4011 filius,
1604 3949 1792 4016 przeci-

212 4039 329 4092 pure
357 4027 577 4096 pietatis
606 4039 661 4085 et
691 4031 950 4087 doctrinm
972 4036 1254 4107 cpiscopus
1281 4038 1656 4095 Laudunensis
1702 4056 1792 4094 or-

212 4116 427 4175 dinatus
453 4131 558 4186 est,
589 4124 677 4192 qui
708 4135 1082 4183 antecessores
1125 4145 1251 4184 suos
1290 4132 1548 4188 Didonem
1581 4134 1791 4189 scilicet

212 4218 265 4263 et
316 4211 654 4268 Adeleiotum
726 4217 990 4282 imitatus,
1040 4223 1426 4277 canonicorum
1491 4224 1791 4279 ministerio

214 4299 484 4356 abbatiam
514 4303 697 4358 Sancti
738 4305 999 4362 Vincentii
1055 4310 1430 4368 Laudunensis
1496 4315 1548 4368 in
1600 4315 1789 4384 pristi-

213 4405 339 4445 num
370 4393 711 4463 splendorem
746 4400 1032 4457 restituere
1058 4418 1161 4457 non
1189 4406 1789 4473 potnisseconsideraus

1896 1950 2206 2005 scoporum,
2232 1937 2326 1992 sed
2357 1937 2524 1992 etiam
2552 1938 2957 2001 canonicorum,
3001 1938 3342 2003 clericorum,
3372 1952 3471 1990 no-

1894 2027 2103 2093 bilium,
2145 2044 2247 2084 nec
2275 2044 2380 2083 non
2426 2029 2688 2084 laicorum
2719 2029 3019 2084 habebatur
3044 2029 3342 2099 sepultura,
3374 2044 3473 2082 ac-

1895 2120 2003 2175 cito
2030 2120 2265 2192 generali
2302 2132 2595 2188 conventu,
2632 2122 2803 2193 ipsius
2832 2119 3061 2177 consilio
3092 2119 3385 2177 deliberavi
3419 2120 3473 2174 in

1894 2212 2203 2282 antiquum,
2254 2222 2314 2267 ut
2343 2211 2486 2268 fama
2519 2221 2658 2281 erat,
2692 2212 3007 2269 monasticae
3037 2212 3472 2267 conversationis

1895 2312 2099 2358 Statum
2139 2302 2473 2370 reformare,
2511 2313 2565 2359 et
2605 2314 2767 2374 prout
2804 2303 3065 2375 temporis
3105 2304 3345 2358 dictabat
3377 2320 3471 2374 op-

1894 2394 2218 2463 portunitas,
2259 2380 2794 2464 quantulumcunque
2837 2391 3242 2462 monachorum}
3270 2392 3471 2446 ibidem

1896 2501 2177 2539 numerum
2209 2500 2523 2557 aggregare.

1973 2596 1989 2628 ι
2024 2577 2277 2631 Evocatis
2322 2577 2488 2647 igitur
2528 2593 2555 2630 a
2596 2576 2929 2631 monasterio
2952 2573 3135 2630 Sancti
3174 2574 3475 2637 Benedicti,

1898 2682 2059 2736 supra
2105 2666 2337 2738 Ligerim
2366 2668 2493 2731 sito,
2524 2667 2807 2722 duodecim
2853 2667 3157 2734 monachis,
3190 2666 3455 2720 venerabi-

1897 2758 1998 2811 lem
2028 2758 2106 2812 eis
2142 2757 2498 2812 Melcalanum
2531 2757 2746 2829 przefeei
2780 2758 3050 2813 abbatem.
3096 2758 3303 2825 Quibus
3334 2759 3476 2811 inter

1897 2860 2090 2905 caztera
2133 2850 2393 2905 beneficia
2437 2866 2465 2903 a
2505 2866 2588 2904 me
2631 2850 2732 2905 sibi
2766 2849 2995 2915 collata,
3042 2851 3293 2907 secunda:
3330 2851 3477 2906 sedis

1898 2940 2213 3009 dignitatem
2259 2940 2632 3009 episcopatus,
2678 2942 2745 2995 ab
2786 2941 3226 2995 antecessoribus
3273 2944 3475 2996 DOSll‘ta

1899 3028 2197 3095 antiquitus
2247 3028 2422 3083 eidem
2478 3028 2732 3083 Ecclesia:
2787 3044 3102 3085 concessam
3168 3032 3480 3100 approbatis

1899 3118 2234 3171 contirmavi.
2266 3116 2611 3188 Sepulturam
2644 3133 2856 3188 quoque
2880 3120 3275 3191 episcoporum,
3311 3137 3483 3177 cano-7

1899 3213 2166 3279 nieorum,
2195 3223 2526 3282 casalorum,
2555 3214 2837 3268 custodum
2883 3215 3071 3270 matris
3098 3214 3351 3269 Ecclesia:
3386 3230 3487 3267 ca»

1897 3301 2233 3371 pellanorum
2262 3312 2316 3358 et
2354 3304 2734 3369 servientium,
2768 3320 2833 3360 ac
2862 3303 3212 3360 familiarium
3262 3321 3472 3360 eorum.

1898 3393 2152 3449 Concessi
2185 3395 2348 3450 etiam
2378 3395 2714 3466 procinctum
2765 3397 2965 3452 montis
3010 3406 3065 3452 et
3104 3396 3259 3451 vallis
3292 3396 3483 3451 distri-

1896 3499 2209 3561 ctum,qu:e
2254 3499 2313 3546 ut
2360 3492 2477 3547 sine
2524 3491 2702 3562 aliqua
2744 3492 3015 3547 calumnia
3068 3500 3287 3547 teneant
3333 3492 3481 3547 sicut

1896 3584 2043 3648 dedi,
2073 3584 2143 3638 ita
2191 3593 2245 3639 et
2286 3584 2511 3639 consilio
2543 3593 2599 3640 ct
2641 3599 2862 3640 assensu
2904 3584 3144 3657 praedicti
3175 3595 3489 3639 conventus

1896 3676 2273 3731 determinari.
2322 3675 2623 3731 Statuiunis
2669 3675 2833 3731 etiam
2887 3676 3102 3731 mittere
3149 3677 3485 3731 venerandm

1895 3767 2119 3838 synodo,
2146 3783 2267 3836 quae
2298 3767 2478 3821 habita
2504 3776 2583 3823 est
2611 3769 2750 3837 apud
2782 3776 3017 3821 montem
3048 3766 3261 3823 Sancta:
3291 3766 3483 3823 Mariae

1895 3856 1946 3909 in
1981 3871 2114 3927 pago
2140 3856 2497 3923 Tardanensi,
2531 3872 2714 3913 mense
2742 3857 2903 3923 Maio,
2939 3858 3028 3914 ubi
3084 3859 3367 3914 recitatum
3392 3869 3477 3913 est

1897 3949 2021 4014 hoc,
2065 3948 2338 4004 residente
2385 3948 2604 4003 domino
2652 3948 2992 4005 Adelberone
3038 3951 3472 4023 archiepiscolio,

1894 4053 2016 4092 cum
2049 4038 2415 4111 coepiscopis,
2440 4049 2602 4109 atque
2638 4041 2878 4096 omnium
2912 4058 3142 4099 assensu
3186 4044 3253 4099 ab
3284 4043 3362 4098 eis
3391 4060 3485 4099 ro~

1893 4128 2164 4182 beratum.

1970 4238 1989 4270 ι
2029 4220 2140 4289 Ego
2172 4222 2232 4274 S.
2257 4221 2541 4276 Remensis
2571 4222 2830 4278 Ecclesia!
2873 4225 3313 4296 archiepiscopus
3339 4227 3471 4280 sub-

1893 4312 2084 4381 scripsi
2108 4323 2162 4367 et
2192 4313 2563 4367 corroboravi.
2914 4324 2917 4325 '

1968 4421 1986 4453 ι
2023 4402 2217 4458 Actum
2249 4402 2491 4456 Lauduni
2525 4419 2666 4457 anno
2690 4404 3083 4460 incarnationis
3138 4405 3346 4459 Domini
3376 4421 3475 4459 no-

213 4492 389 4548 operaz
417 4483 652 4552 pretium
691 4485 806 4541 fore
838 4490 1064 4556 putavit,
1097 4491 1141 4545 si
1185 4495 1572 4549 monachorum
1620 4504 1786 4552 utere.
1817 4511 1864 4571 υ
1890 4494 1986 4547 stri
2023 4492 2146 4547 Jesu
2170 4493 2371 4548 Christi
2423 4493 2548 4560 961,
2588 4496 2775 4550 indict.
2825 4512 2876 4549 tv
2938 4496 3162 4551 Kalend.
3194 4497 3447 4553 Octobris

215 4577 334 4631 tur;
381 4571 735 4639 quamobrem
791 4590 823 4629 e
876 4583 1206 4635 monasterio
1268 4582 1456 4637 Sancti
1513 4582 1784 4640 Benedicti

211 4673 370 4728 supra
396 4661 942 4731 Ligerimduodecim
982 4671 1269 4725 accersivit
1301 4674 1617 4737 monachos,
1652 4690 1785 4744 quos
1816 4680 1824 4690 '

215 4745 265 4802 in
303 4752 495 4807 eodem
543 4759 853 4811 sanctuario
892 4760 1192 4828 substituit,
1238 4764 1425 4834 eisque
1465 4765 1785 4821 Mecalmum

213 4843 452 4907 praefecit
478 4847 747 4913 abbatem,
786 4851 1071 4921 diplomate
1100 4856 1167 4908 ad
1199 4855 1298 4911 hoc
1330 4857 1625 4929 confecto]
1656 4857 1779 4915 Hzec

214 4934 372 4987 verba
404 4934 470 4985 D.
517 4937 787 4994 Emiliani.
824 4942 1000 5012 Atque
1030 4946 1197 5015 magis
1227 4958 1282 5000 ut
1315 4950 1511 5004 veritas
1548 4951 1783 5004 eiusces-

212 5033 297 5077 cat
325 5023 454 5080 illud
488 5029 718 5099 diploma
758 5042 838 5087 est
870 5034 1247 5103 adjiciendum.

400 5163 568 5235 649
593 5165 788 5221 Charta
811 5171 1149 5225 restitutionis
1174 5174 1565 5228 monachorum.

280 5312 296 5339 ι
346 5293 661 5350 Auxiliante
713 5313 958 5367 superum
1020 5302 1413 5370 propitiationis
1463 5304 1781 5371 clementia,

202 5396 302 5449 ego
327 5383 547 5449 liorico,
566 5390 666 5442 etsi
697 5390 948 5461 indignus
976 5403 1178 5448 sant-tte
1204 5396 1574 5451 Laudnncnsis
1597 5395 1782 5452 Eccle-

205 5476 297 5529 δᾶερ
335 5481 683 5547 praesulatum
712 5485 985 5555 indeptus,
1020 5490 1373 5546 considerans
1412 5492 1613 5547 ultima:
1650 5508 1779 5547 (δι-ο·

206 5567 438 5623 rationis
473 5583 695 5638 sortem,
723 5584 780 5629 ut
802 5579 1033 5643 caeteris,
1065 5581 1192 5634 mihi
1229 5598 1441 5651 quoque
1474 5585 1777 5648 imminere,

207 5670 553 5722 peccawrum
581 5679 793 5732 quoque
821 5682 1058 5721 meorum
1089 5687 1246 5738 quant
1275 5687 1468 5741 magno
1497 5674 1781 5742 depressus

208 5759 554 5818 gravammc,
610 5755 746 5823 ca‘pi
808 5760 945 5825 apud
1012 5776 1094 5813 tne
1163 5761 1322 5815 tacita
1393 5762 1777 5818 deliberatione

1890 4578 2119 4646 septimo
2146 4576 2387 4631 Lolliarii
2422 4579 2581 4648 regis.
2615 4597 2632 4628 ι

1961 4666 2036 4721 Ex
2074 4666 2267 4735 majori
2292 4666 2654 4732 Cbartulario,
2686 4667 2775 4721 fol.
2807 4668 2855 4722 l.

1959 4758 2077 4825 Quo
2102 4772 2169 4813 ex
2197 4757 2492 4829 diplomate
2520 4758 2645 4813 bina
2680 4759 2935 4815 Ecclesiae
2957 4759 3475 4817 San-Vincentianze

1888 4851 2170 4920 privilegia
2203 4867 2307 4906 non
2349 4852 2589 4921 vulgaria
2629 4867 2856 4909 cernere
2897 4860 3014 4914 est;
3052 4853 3280 4910 alterum
3326 4855 3471 4923 quod

1886 4943 2297 5010 episcoporum,
2352 4942 2765 5006 canonicorum,
2789 4953 2930 5009 etc.,
2961 4943 3123 4998 fuerit
3179 4945 3477 5015 sepulturae

1889 5032 2069 5101 locus;
2100 5035 2327 5089 alterum
2356 5048 2485 5090 vero
2509 5034 2652 5104 quod
2681 5035 2914 5089 secunda
2943 5036 3011 5090 sit
3034 5035 3207 5100 sedes,
3232 5036 3335 5091 hoc
3360 5046 3473 5103 est,

1892 5128 2251 5198 praerogativa
2282 5127 2535 5193 donetur,
2574 5142 2677 5199 qua
2709 5127 2893 5181 Sancti
2933 5127 3200 5182 Vincentii
3243 5127 3477 5184 abbates

1886 5221 2132 5289 proxime
2158 5227 2279 5289 post
2306 5219 2618 5289 episcopum
2653 5220 2706 5273 in
2739 5219 2980 5273 Ecclesia
3018 5219 3358 5273 Lauduncnsi
3400 5236 3466 5274 ac

1886 5311 2107 5381 synodis
2142 5310 2437 5375 assideant,
2464 5312 2799 5378 debeantque
2845 5311 2962 5380 ipso
2992 5310 3218 5364 absente
3247 5324 3466 5364 sacrum

1886 5399 2198 5454 solemniter
2227 5414 2425 5470 agere;
2448 5398 2549 5454 SS.
2578 5398 2778 5453 Christi
2807 5414 3006 5471 corpus
3031 5399 3085 5453 in
3114 5398 3463 5468 pt‘occssionc

1884 5501 2119 5561 gestent,
2161 5501 2215 5546 ct
2253 5492 2449 5562 populo
2491 5491 2595 5545 ritu
2639 5491 2866 5545 solemni
2907 5491 3245 5546 benedicant.
3282 5489 3462 5561 Quare

1884 5584 2122 5652 episcopi
2189 5584 2434 5638 eamdem
2480 5582 2776 5637 Ecclesiam
2829 5597 2933 5637 non
2983 5582 3141 5638 modo
3177 5584 3460 5637 secundani

1885 5677 2053 5728 sedem
2080 5718 2092 5738 ,
2144 5690 2330 5731 verum
2385 5683 2437 5729 et
2499 5675 2720 5743 primam
2788 5674 3153 5729 Landaneltis
3209 5672 3459 5728 Ecclesia:

1884 5768 2074 5833 ﬁliam,
2096 5775 2489 5822 consueverunt
2511 5766 2764 5822 vocitare.
2799 5766 3031 5839 Hujusce
3062 5766 3138 5822 rci
3182 5766 3338 5822 fidem
3379 5764 3464 5819 fa-
