4032 6326
544 331 673 385 1171

1385 328 1471 382 an
1508 327 1659 382 ore.
1693 311 1848 384 vst'v.
1885 326 2205 385 summm
2235 326 2323 381 DE
2349 325 2740 382 NOVIGENTO

3661 332 3776 387 H72

542 442 691 496 riunt
735 444 1061 497 ehartutaria
1089 439 1178 494 fol.
1226 444 1272 491 1.
1310 439 1363 504 4,
1392 441 1517 501 ὂὸὶ.
1548 454 1676 504 ctc.,
1711 455 1810 495 nec
1840 458 1944 496 non
1972 452 2120 494 vetu-
2152 448 2193 500 Α
2227 441 2489 507 regularis
2517 443 2809 511 disciplinac
2841 442 3095 523 r'exerpnt
3124 443 3253 496 illud
3295 445 3641 509 asceterium,
3667 458 3779 505 atte-

548 534 708 588 stiora
773 549 894 587 cum
958 532 1505 596 San—Vincentianaz,
1575 541 1689 585 tum
1746 532 2120 587 Laudunensis

542 624 799 678 Ecclesia“:
846 623 1076 677 ritualia.
1122 621 1275 689 Quod
1318 621 1655 692 privilegium
1704 624 1965 679 hactenus
1994 639 2118 693 per-

540 732 722 770 severa
733 726 769 770 ι.

613 806 707 860 Est
737 814 791 859 et
824 805 927 858 alia
963 803 1448 859 San-Vinccntiani
1475 805 1706 873 abbatis,
1735 806 1878 861 haud
1912 806 2115 860 minimi

537 895 690 966 pensi
715 895 959 949 habenda
986 896 1360 966 praerogativa.
1377 895 1494 976 Sua
1530 896 1785 950 nimirum
1810 896 1860 949 in
1890 896 2119 951 ecclesia

540 989 851 1057 episcopum
886 988 967 1057 (ut
1018 988 1129 1057 ipse
1175 987 1518 1057 episcopatus
1566 988 1960 1056 possessionem
2007 989 2121 1043 adi-

536 1078 800 1147 piscatur)
826 1078 1051 1146 excipit,
1086 1093 1149 1132 ac
1176 1077 1515 1147 postmodum
1547 1078 1599 1133 in
1631 1077 1816 1132 urbem
1844 1078 2116 1145 conducit,

540 1166 805 1235 offertque
836 1166 1212 1221 Laudunensis
1248 1166 1501 1221 Ecclesiae
1534 1166 1791 1235 capitulo.
1827 1166 1918 1222 Sic
1946 1167 2118 1221 Char-

541 1254 735 1308 tularia
792 1254 1183 1320 Laudunense,
1220 1264 1274 1310 et
1325 1253 1877 1309 San-Vinceutianum
1924 1254 2119 1323 majus,

539 1343 631 1397 fol.
666 1344 787 1398 122.

617 1437 1010 1503 Institutionem
1040 1439 1422 1491 monachorum
1446 1451 1475 1489 a
1503 1434 1773 1491 Roricone
1800 1434 2116 1504 perfectam,

543 1530 727 1583 laudat
762 1527 1049 1584 Lotharius
1088 1546 1203 1593 rex,
1236 1529 1529 1599 diplomate
1559 1527 1874 1599 Compendii
1903 1537 2024 1583 acto
2068 1528 2120 1582 in

541 1621 685 1671 hunc
710 1618 946 1671 modum.

616 1728 637 1759 ‹
670 1708 725 1762 ln
743 1708 961 1763 nomine
988 1717 1188 1763 sanctae
1211 1717 1264 1764 et
1287 1706 1574 1763 iudividuae
1602 1706 1902 1762 Trinitatis.
1931 1706 2124 1761 Lotha-

2224 543 2430 582 xamus.

2332 618 2589 673 Abbalum
2635 619 2697 674 S.
2744 618 3003 675 Vincentii
3031 619 3402 676 Laudunensts
3429 623 3672 678 cient-ltus

2294 706 2645 763 Mclchalmus
2684 722 2750 763 ex
2794 711 3058 764 monacho
3081 711 3413 766 Floriacensi
3448 713 3653 782 primus
3679 725 3787 784 post

2225 797 2617 853 institutionem
2644 800 3037 855 monachorum
3065 817 3155 855 an.
3195 802 3321 857 948.

2294 888 2354 942 ll.
2387 888 2674 945 Bellandus
2696 892 2811 946 sive
2842 891 3148 947 Beilandus.
3184 891 3419 961 llujusce
3446 895 3622 965 gratia
3650 896 3788 949 Adal-

2223 980 2353 1033 hero
2384 980 2730 1038 Laudunens.
2783 984 2948 1053 episc.
2984 984 3280 1040 Ecclesiam
3323 986 3788 1056 Petrapontensem

2226 1072 2427 1128 Sancto
2462 1075 2744 1131 Vincentio
2793 1076 3016 1147 largitus
3054 1088 3139 1132 est
3185 1094 3288 1132 una
3330 1096 3455 1134 cum
3507 1078 3789 1136 redditibus

2224 1176 2389 1233 atque
2414 1168 2762 1236 appenditiis.
2795 1169 2941 1224 Obiit
2968 1169 3092 1225 989.

2294 1253 2379 1307 ΙΙΙ.
2414 1254 2736 1326 Lampertus
2770 1259 2849 1313 vel
2880 1258 3221 1315 Lambertus.

2295 1344 2383 1401 IV.
2418 1346 2691 1418 Seigerus.

2299 1436 2357 1489 V.
2389 1436 2610 1493 Cadros.

2300 1529 2383 1583 Vl.
2418 1532 2702 1603 Rogiertts.

2298 1622 2404 1677 γει.
2452 1623 2804 1681 llercanneus
2851 1627 2964 1682 sive
3011 1627 3303 1691 Hervzeus;
3355 1630 3442 1682 cui
3478 1628 3734 1684 Henricus
3753 1627 3793 1695 l,

2228 1714 2562 1769 Francorum
2614 1732 2730 1779 rex,
2782 1732 2926 1773 anno
2973 1718 3131 1781 l03l,
3181 1718 3412 1789 vectigal
3457 1721 3510 1773 in
3550 1721 3791 1775 suburbio

541 1798 657 1853 rius
687 1797 866 1852 divina
914 1798 1239 1869 propitiante
1286 1797 1574 1854 clementia
1623 1796 1958 1852 Francorum
2009 1812 2121 1849 rex.
2158 1779 2201 1838 Β
2232 1805 2522 1861 seminam
2592 1807 2656 1861 ad
2733 1808 2941 1864 radices
2999 1809 3199 1863 ηιοηιίε
3263 1779 3517 1864 Laium...
3586 1826 3790 1865 εοηςεε,

544 1890 601 1945 Si
646 1889 886 1946 fidelium
926 1898 1233 1944 nostrorum
1280 1890 1412 1944 ratis
1448 1889 1825 1960 petitionibus,
1852 1899 1958 1943 etc.
1984 1889 2127 1956 Qua-

541 1991 769 2052 propter
794 1983 1007 2038 cunctis
1032 1980 1272 2052 ejusdem
1298 1991 1501 2036 sancta:
1525 1981 1781 2036 Ecclesiae
1814 1981 1962 2044 ﬁliis,
1991 1979 2125 2033 fide-

542 2072 791 2142 libusque
840 2070 1074 2137 nostris,
1124 2079 1232 2123 tam
1277 2070 1633 2139 pnesentibus
1681 2084 1842 2139 quam
1891 2069 2124 2135 futuris,

544 2163 746 2234 liquido
774 2171 962 2234 patere
993 2162 1258 2229 volumus,
1296 2163 1550 2231 quoniam
1596 2161 1937 2218 venerandus
1985 2160 2128 2215 Latt-

544 2254 755 2311 dunica:
778 2254 926 2309 urbis
952 2253 1153 2309 Rorico
1176 2254 1463 2322 cpiscopus
1485 2260 1724 2307 nostram
1754 2252 2126 2307 mansuetudi-

543 2361 669 2401 nem
721 2345 1002 2401 humiliter
1044 2345 1360 2415 postulavit,
1423 2354 1695 2414 quatenus
1747 2343 2123 2415 pretiosissimi

542 2432 800 2509 martyris
848 2436 1049 2493 Christi
1102 2437 1370 2492 Vincentii
1430 2437 1701 2502 basilicte,
1756 2439 1809 2492 in
1868 2438 2128 2494 suburbio

543 2529 703 2583 diem:
742 2528 980 2583 civitatis
1009 2543 1170 2598 supra
1220 2540 1455 2583 montem
1498 2538 1844 2593 constructae,
1889 2529 2131 2599 adeoque

544 2618 843 2686 honoratae,
869 2627 932 2674 ut
959 2620 1191 2675 secunda
1220 2621 1379 2675 sedes
1404 2636 1468 2674 ex
1493 2623 1717 2691 antiquo
1739 2622 1808 2676 sit
1836 2622 2126 2693 appellata,

544 2720 593 2764 et
622 2710 1022 2781 episcoporum,
1052 2712 1434 2767 canonicnrum
1456 2755 1470 2779 ,
1506 2727 1568 2767 ac
1590 2713 1845 2767 nobilium
1870 2713 2129 2767 laicorum

548 2802 714 2857 totius
757 2801 908 2857 urbis
959 2801 1124 2858 fuerit
1170 2803 1475 2873 sepultura;
1530 2804 1598 2859 ob
1652 2805 1911 2875 quasdam
1944 2820 2030 2859 res
2058 2805 2129 2859 ibi

545 2895 757 2948 not-iter
786 2892 1025 2950 fidelium
1071 2894 1357 2965 largitione
1400 2903 1718 2966 aggregatas
1746 2904 1944 2949 nostra:
1973 2895 2132 2962 regiae

546 2984 890 3040 auctoritatis
927 2998 1258 3056 praeceptum
1286 3000 1550 3041 renovare
1585 2986 1952 3055 dignaremur.
1993 2984 2128 3039 Nam

544 3077 717 3131 cidem
756 3076 897 3145 loco,
936 3087 1154 3148 petente
1176 3078 1563 3148 pramominato
1593 3077 1843 3147 pnesule,
1870 3077 2126 3147 praecepti

546 3169 715 3223 nostri
759 3168 1075 3237 jamdudum
1116 3171 1422 3225 cautionem
1469 3170 1965 3241 intpertiveramus,
2010 3185 2129 3224 cum

548 3261 639 3316 ille
682 3261 753 3315 ibi
803 3262 856 3315 in
888 3276 1066 3325 suam,
1098 3276 1428 3332 suorumque
1477 3272 1532 3317 et
1576 3261 1727 3317 urbis
1767 3262 1991 3317 tutelam
2024 3278 2134 3318 mo-

548 3350 814 3406 nasticam
846 3353 1212 3407 constituebat
1234 3352 1399 3424 650
1426 3352 1682 3424 regulam.
1714 3352 1881 3423 Cujus
1920 3355 2135 3424 petitio-

549 3460 671 3499 nem
689 3445 942 3515 quoniam
966 3446 1214 3501 idoneam
1236 3429 1289 3500 ei
1311 3432 1604 3515 protiéuam
1626 3461 1746 3502 esse
1768 3447 2134 3517 comperimus

549 3537 619 3592 ob
664 3552 906 3593 amorem
942 3536 1059 3604 Dei,
1092 3548 1147 3594 et
1177 3538 1659 3607 pracellentissimi
1706 3538 1961 3610 martyris
2016 3539 2135 3609 ejus

549 3628 842 3696 Vincentii,
886 3630 957 3685 ob
991 3630 1220 3685 salutem
1254 3639 1526 3696 nostram,
1554 3630 1819 3702 conjugis,
1850 3641 1905 3687 et
1942 3632 2131 3702 prolis,

551 3723 822 3793 totiusque
852 3731 1053 3778 nostra:
1083 3723 1447 3793 posteritatis;
1482 3723 1773 3779 statuimus
1803 3726 1906 3780 hoc
1935 3734 2135 3780 nostra:

551 3817 913 3880 auctoritatis,
961 3832 1052 3872 seu
1107 3817 1474 3873 renovationis
1527 3826 1797 3888 praecepto
1820 3817 1935 3888 jam
1977 3817 2136 3872 dicta:

548 3906 820 3972 basilicze,
868 3916 928 3962 ut
954 3908 1083 3962 inibi
1120 3908 1454 3963 monasticus
1482 3907 1637 3973 ordo,
1670 3907 1778 3961 Deo
1816 3907 2132 3974 auxiliante,

551 3998 829 4066 perduret.
885 3997 1186 4053 Statuitnus
1233 3998 1398 4053 etiam
1450 4007 1507 4053 ιιι
1538 3999 1705 4054 abbas
1755 4008 1810 4053 et
1860 4000 2134 4065 monachi,

552 4087 753 4143 ibidem
796 4087 1023 4144 Domino
1061 4089 1372 4152 militantes,
1425 4087 1807 4151 militaturive,
1854 4087 2037 4158 quiete
2080 4097 2136 4142 et

552 4179 723 4234 libere
753 4188 973 4237 teneant
1016 4195 1352 4251 quaecunque
1388 4194 1452 4234 ex
1491 4179 1714 4250 antiquo
1744 4180 1811 4234 ad
1845 4180 2020 4248 ipsum
2054 4178 2134 4237 lo-

552 4287 618 4326 Cll
627 4289 675 4326 Ill
710 4287 978 4341 pOSSCSSa.
1004 4282 1107 4327 CIC.

630 4380 647 4411 ι
677 4361 871 4415 Actum
899 4362 1228 4431 Compcndio
1257 4362 1458 4430 palatio
1488 4362 1648 4431 regis,
1675 4376 1817 4417 anno
1842 4362 2135 4417 Dominieze

2155 3129 2205 3190 C

2227 1895 2316 1949 sit.

2302 1985 2429 2040 Vill.
2506 1986 2831 2057 Regine'ius
2899 1987 3129 2043 Corbeia
3191 1988 3475 2044 oriundus.
3549 1989 3653 2043 Dat
3711 1990 3795 2059 ipsi

2227 2075 2526 2132 Elinandus
2570 2079 2799 2132 antistes
2846 2078 3093 2133 Landun.
3142 2079 3315 2135 altare
3353 2078 3545 2137 Sancti
3592 2078 3795 2145 Gobini,

2228 2169 2368 2239 quod
2397 2180 2450 2223 et
2480 2168 2533 2222 in
2565 2169 2870 2238 prioratum
2895 2169 3093 2224 erexit.

2300 2260 2389 2314 IX.
2418 2259 2474 2314 S.
2508 2259 2807 2325 Cerardus,
2842 2260 3026 2315 itidem
3053 2260 3298 2317 Corbeiae
3324 2270 3508 2325 natus,
3540 2260 3593 2314 in
3628 2260 3799 2313 fratris

2231 2348 2502 2418 Regiuerii
2535 2347 2712 2404 locum
2749 2347 3007 2405 suffectus
3041 2359 3148 2416 est,
3199 2351 3284 2405 vir
3313 2351 3518 2421 pietate
3563 2366 3627 2405 ac
3654 2366 3797 2405 sanc-

2233 2441 2385 2494 titate
2418 2440 2666 2509 insignis,
2698 2439 2841 2495 velut
2864 2439 2998 2494 Acta
3043 2440 3214 2510 ipsius
3246 2449 3540 2506 testantur,
3571 2456 3690 2510 qua:
3716 2457 3802 2496 suo

2232 2529 2371 2602 ston
2399 2539 2718 2599 prosecutus
2741 2539 2825 2585 est
2867 2528 3020 2601 Hngo
3048 2529 3292 2586 Menard.
3324 2530 3682 2602 Martyrolog.
3712 2532 3801 2587 Be-

2232 2623 2353 2677 ned.
2387 2622 2670 2679 Ohservat.
2721 2622 2814 2677 lib.
2856 2637 2922 2686 ιι,
2958 2626 3027 2677 ad
3055 2622 3198 2677 diem
3243 2621 3279 2675 5
3306 2622 3515 2692 Aprilis
3560 2637 3576 2676 :
3622 2632 3679 2677 et
3714 2636 3803 2676 nos

2233 2704 2468 2784 integra,
2516 2714 2729 2769 favente
2776 2714 3013 2779 Christo,
3065 2729 3188 2769 cum
3244 2713 3367 2769 aliis
3415 2714 3796 2784 evulgabimus.

2232 2803 2421 2860 Priora
2472 2805 2790 2862 monasterii
2832 2804 2994 2863 Silvae
3034 2804 3251 2877 Majoris
3300 2804 3652 2862 fundamenta
3687 2805 3804 2874 jecit

2233 2910 2320 2950 an.
2350 2895 2505 2951 1079.

2307 2986 2375 3041 Χ.
2402 2985 2690 3055 Rogcrius.

2306 3077 2394 3133 Xl.
2428 3078 2697 3134 Adalbcro
2726 3078 2952 3149 perinde
2988 3078 3180 3133 doctus
3203 3093 3267 3133 ac
3298 3078 3528 3147 probus,
3562 3086 3721 3146 atque
3754 3076 3801 3130 iu

2238 3168 2543 3224 forensibus
2567 3169 2729 3223 rebus
2754 3168 2857 3223 fuit
2882 3183 2986 3222 non
3015 3168 3654 3236 mediocriteevcrsatus.
3684 3165 3805 3220 Bent

2237 3261 2594 3316 monasticam
2644 3260 3056 3331 perillustravit,
3100 3260 3252 3313 auxit
3282 3258 3570 3315 facultates
3597 3274 3804 3313 monas-

2237 3354 2376 3407 terii.
2424 3354 2582 3408 Anno
2623 3354 2784 3419 1088,
2827 3352 3130 3423 prioratum
3177 3350 3236 3407 S.
3280 3351 3510 3407 Joannis
3554 3350 3709 3422 Bapt.
3747 3352 3806 3404 de

2237 3444 2516 3510 Vendolio,
2549 3459 2709 3515 supra
2745 3443 2940 3498 Faram
2969 3443 3036 3497 ad
3059 3441 3221 3499 Isarae
3262 3444 3457 3513 ripam,
3490 3442 3805 3497 Adalbcroni

2239 3537 2426 3591 tribuit
2454 3536 2746 3592 Rabbodus
2771 3535 3120 3591 Noviomens.
3152 3535 3322 3605 episc.
3347 3534 3594 3593 Ecclesia
3628 3533 3807 3589 Sancti

2234 3627 2460 3685 Goberti
2488 3628 2554 3683 de
2591 3628 2713 3681 ΑΙιο
2758 3634 2941 3682 monte
2974 3626 3029 3680 in
3060 3626 3376 3691 Arduenna,
3416 3628 3568 3695 prius
3595 3625 3808 3679 canoni«

2235 3720 2335 3786 cis,
2364 3718 2538 3773 cidem
2569 3716 2749 3771 abbati
2772 3716 2993 3787 suisque
3032 3715 3276 3770 mandris
3303 3713 3617 3782 subjicitur.
3645 3711 3807 3768 Char-

2237 3809 2488 3865 tularium
2520 3807 2718 3873 minus,
2750 3823 2871 3878 pag.
2904 3806 2990 3861 16.
3025 3816 3078 3862 et
3100 3822 3216 3877 seq.

2308 3900 2579 3968 Quantum
2626 3897 2733 3955 illis
2775 3884 3109 3968 temporibus
3146 3896 3335 3965 (verba
3374 3880 3631 3947 Emiliani
3670 3892 3733 3947 de
3766 3890 3810 3945 la

2237 3989 2425 4062 Bigne)
2452 4004 2754 4060 propensus
2783 3989 2847 4042 ad
2890 3987 3145 4057 pietatem
3178 3972 3295 4040 erat
3319 3985 3582 4039 nobilium
3610 3983 3813 4037 animus

2238 4099 2302 4145 ex
2339 4097 2444 4137 uno
2476 4080 2697 4139 Ansello
2745 4081 2857 4135 sive
2883 4079 3142 4135 Anseluzo
3177 4077 3579 4134 Ribodimontis
3627 4075 3814 4131 comite

2238 4175 2593 4245 dignoscitur,
2637 4173 2728 4245 qui
2776 4188 2878 4226 non
2912 4171 3083 4229 solum
3126 4170 3382 4242 inclytam
3427 4168 3734 4239 Aquicincti
3764 4168 3813 4220 in

2239 4285 2375 4341 pago
2420 4266 2799 4323 Cameraceusi
2841 4266 3060 4319 dotasse
3099 4262 3398 4325 abbatiam,
3434 4275 3536 4315 nec
3573 4260 3811 4322 alteram,

2240 4376 2432 4429 nempe
2462 4359 2644 4414 Sancti
2679 4355 2905 4421 Nicolai,
2936 4355 3001 4408 ad
3045 4353 3250 4409 castelli
3278 4353 3359 4407 sui
3392 4351 3605 4407 radices
3648 4366 3678 4404 a
3708 4349 3819 4403 fun-

552 4450 947 4508 lncarnationis
992 4452 1116 4516 975,
1170 4468 1313 4511 anno
1365 4468 1506 4517 χχιι,
1560 4462 1827 4525 regnante
1878 4450 2136 4511 Luthario
2170 4450 2513 4533 Ddautenlis
2563 4450 2803 4505 erexisse
2846 4454 3168 4510 contentus,
3229 4444 3505 4517 paenitens
3563 4442 3816 4495 malorum

552 4558 700 4615 rege,
737 4564 756 4597 ι
789 4553 892 4599 etc.

629 4636 706 4691 Ex
733 4636 1078 4691 Cltartulario
1104 4652 1315 4707 magno,
1345 4634 1437 4690 fol.
1471 4637 1505 4690 3

575 4790 581 4795 ,
628 4729 837 4789 Summi
888 4744 1101 4800 quoque
1151 4729 1432 4799 pontifices
1482 4728 1666 4784 multis
1714 4738 1836 4798 post
1876 4729 2035 4783 annis
2090 4728 2140 4782 id

555 4824 828 4881 firmatum
880 4822 1096 4876 volucre
1143 4821 1430 4891 privilegii,
1481 4837 1717 4875 maxime
1762 4821 2032 4876 llonorius
2076 4821 2138 4875 ll.

559 4935 576 4964 ι
608 4915 666 4970 In
689 4914 888 4984 quibus
921 4914 1022 4985 (ait
1054 4914 1166 4984 ipse
1199 4914 1422 4969 bullatis
1448 4913 1646 4970 litteris
1668 4930 1794 4968 ann.
1835 4913 1968 4967 “55'
2002 4914 2142 4966 datis

555 5006 839 5076 Laterani)
886 5006 1135 5069 duximus
1179 5006 1489 5063 nominibus
1525 5006 1857 5070 adnotanda,
1902 5004 2140 5074 sepultu~

553 5113 670 5152 ram
724 5098 1131 5168 episcoporum,
1183 5096 1602 5158 canonicorum.
1661 5106 1995 5156 easatorum.
2029 5107 2136 5149 etc.

552 5188 827 5259 prohibita
855 5187 993 5247 infra
1036 5204 1218 5244 muros
1250 5187 1488 5243 civitatis
1520 5169 1948 5257 (Laudunensis)
1990 5187 2136 5240 omni

551 5280 849 5349 sepultura,
896 5296 961 5336 ex
998 5297 1106 5352 quo
1138 5280 1268 5335 urbs
1298 5282 1416 5351 ipsa
1454 5295 1483 5333 a
1532 5290 1776 5348 tempore
1820 5278 1880 5331 Β.
1912 5278 2137 5348 Remigii

552 5374 830 5441 ttrzesulari
845 5376 1064 5442 meruit,
1076 5384 1130 5429 et
1148 5373 1499 5437 inthronisari
1521 5372 1776 5431 cathedra
1792 5371 2102 5441 pontificali,
2116 5391 2135 5425 ι

553 5474 663 5520 etc.
693 5463 785 5519 Sic
816 5464 1087 5520 Honorius
1128 5448 1232 5519 PP.
1265 5473 1459 5535 agente
1496 5474 1608 5520 tum
1639 5463 1824 5529 Romae
1856 5462 2139 5523 Bartholo-

554 5572 691 5619 meo
717 5557 1061 5617 Laudunensi
1091 5559 1365 5629 episcopo.

627 5649 890 5719 Superest
920 5659 979 5704 ut
1022 5648 1276 5704 abbatum
1306 5647 1523 5712 seriem,
1554 5662 1661 5701 non
1695 5645 1994 5715 primorum
2017 5646 2138 5713 qui—

559 5741 705 5807 dem,
738 5741 831 5797 sed
860 5742 1115 5794 duntaxat
1147 5755 1360 5809 eorum,
1389 5740 1480 5810 qui
1522 5752 1643 5813 post
1685 5738 2132 5797 instaurationem

2248 4558 2366 4610 (pta:
2390 4540 2646 4594 fratribus
2682 4539 2866 4594 Sancti
2902 4537 3166 4593 Vincentii
3204 4535 3375 4593 Laud.
3411 4544 3466 4590 et
3491 4550 3681 4590 eorum
3731 4535 3817 4587 bo-

2247 4634 2480 4691 tuinibus
2503 4631 2796 4694 inflixerat,
2819 4630 2873 4685 in
2901 4645 3087 4684 eorum
3112 4628 3369 4698 capitulo,
3401 4628 3642 4697 scapulis
3666 4627 3819 4679 nuda-

2247 4725 2336 4788 tis,
2368 4722 2699 4792 comparuit,
2735 4731 2898 4789 atque
2936 4737 2965 4773 a
2997 4718 3282 4774 monachis
3312 4734 3369 4771 se
3393 4715 3651 4786 flagellari
3676 4715 3815 4775 fecit;

2246 4832 2309 4870 ac
2346 4816 2396 4869 in
2420 4814 2647 4884 jactura:
2688 4828 2852 4881 quam
2879 4810 3107 4866 ecclesia
3142 4824 3300 4880 passa
3339 4808 3541 4873 fuerat,
3577 4820 3815 4860 remunev

2249 4908 2541 4972 rationem,
2594 4904 2857 4975 religiosis
2911 4912 2967 4958 et
3031 4902 3339 4956 hominibus
3388 4902 3507 4968 ejus
3559 4914 3656 4968 per
3704 4911 3818 4951 suas

2249 5009 2441 5065 terras,
2473 4998 2764 5053 Maceriam
2791 4996 2998 5051 scilicet
3022 5004 3077 5047 et
3110 4993 3572 5052 ltibodimontem,
3603 4990 3818 5043 liberum

2249 5088 2583 5161 Viomagium
2625 5096 2709 5142 est
2734 5084 3013 5157 clargitus,
3053 5093 3160 5139 etc.
3192 5083 3267 5136 lta
3299 5084 3351 5136 in
3375 5081 3566 5137 eodem
3601 5079 3818 5134 Cllal’ltt—

2246 5182 2292 5235 la
2304 5183 2402 5237 rio.

2270 5274 2488 5345 quam
2545 5269 2891 5325 donationem
2952 5266 3250 5322 Elinandns
3319 5265 3610 5335 episcopus
3668 5259 3814 5315 morti

2245 5367 2456 5422 vicinus
2490 5363 2884 5433 comprobavit.
2920 5363 3143 5416 [lentum
3175 5358 3449 5412 Adalbcro
3488 5354 3674 5412 carnis
3709 5367 3815 5407 sar-

2245 5460 2424 5516 cinam
2478 5459 2653 5523 exuit,
2701 5464 2864 5526 atque
2904 5454 2956 5508 in
3006 5450 3207 5506 sacello
3255 5449 3317 5504 Β.
3372 5448 3557 5503 Marize
3598 5441 3812 5513 Magdal.

2245 5552 2386 5628 quod
2443 5550 2557 5621 ipse
2600 5554 3003 5608 construxerat,
3048 5543 3304 5598 conditus
3365 5548 3469 5596 est.
3520 5538 3577 5595 ln
3629 5531 3814 5593 tumulo

2248 5642 2363 5701 haec
2389 5641 2552 5697 verba
2580 5657 2592 5695 :

2804 5725 3060 5785 Adalbero
3089 5721 3248 5782 abbas
