4032 6326
233 362 367 420 1175

232 567 419 632 impar,
466 555 820 613 observantia:
861 550 1120 621 regularis
1172 544 1546 600 tenacissiums
1568 536 1791 592 exstitit.

230 629 540 721 ls,—opiuor,
576 663 640 701 ex
673 648 856 714 priore
892 643 1074 697 Sancti
1110 638 1336 699 Nicolai,
1379 633 1486 705 (cui
1511 629 1793 701 epistolam

226 720 292 800 de
324 720 568 798 Buccella
605 738 753 793 Iuda:
789 738 934 800 data,
966 731 1238 801 inscripsit
1269 726 1562 782 Guibertus
1590 720 1795 788 noster)

227 839 395 891 abbas
440 832 649 887 exstitit
704 828 886 884 Sancti
944 823 1230 880 Vincentii.
1285 813 1687 874 Prmmonstrati
1720 813 1797 865 lo-

226 943 375 988 cum,
446 931 671 992 rogante
728 916 1020 975 venerabili
1101 911 1500 968 Bartholomieo
1554 906 1794 975 cpiscop.

225 1016 490 1074 concessit
529 1012 589 1064 Β.
638 1010 919 1065 Norberto.
954 1008 1175 1061 Littera:
1203 1004 1255 1056 in
1295 1002 1433 1055 hanc
1465 1013 1575 1053 rem
1606 1012 1671 1048 ex
1715 994 1800 1048 bi-

227 1107 491 1164 bliotheca
521 1098 1049 1156 Prannonstratensi.

301 1216 314 1245 ι
354 1195 409 1249 In
441 1192 661 1249 nomine
682 1198 882 1244 sanctae
908 1196 962 1241 et
984 1183 1269 1239 iudividum
1292 1177 1595 1240 Trinitatis,
1620 1182 1725 1228 etc.

299 1308 315 1336 ι
355 1286 465 1356 Ego
497 1280 918 1337 Bartholommus
940 1277 1031 1331 Dei
1057 1274 1227 1345 gratia
1249 1267 1625 1325 Laudunensis
1660 1278 1797 1333 ρεπε-
1848 1302 1851 1303 ν

223 1379 326 1433 sul.
352 1355 487 1430 (jum
519 1372 744 1428 ecclesia
778 1368 960 1424 Sancti
992 1364 1259 1420 Vincentii
1303 1362 1475 1415 locutn
1532 1357 1622 1428 qui
1666 1355 1799 1409 Puer

226 1477 557 1523 iuonstratus
580 1465 795 1525 dicitur,
812 1462 900 1533 qui
923 1462 987 1514 ad
1008 1457 1274 1529 propriam
1296 1466 1535 1506 mensam
1557 1448 1794 1520 episcopi

223 1559 550 1631 pertinebat,
594 1574 659 1611 ex
686 1556 827 1609 dono
867 1549 1280 1623 prazdecessoris
1322 1544 1490 1599 nostri
1544 1538 1790 1595 Elinaudi

222 1630 459 1722 episcopi
495 1651 742 1713 haberet,
780 1647 921 1701 sicut
950 1644 1002 1699 in
1043 1641 1323 1712 privilegio
1354 1637 1597 1708 ejusdem
1622 1630 1795 1686 eccle-

222 1748 313 1800 site
330 1743 660 1806 continetur,
685 1737 930 1795 monachi
949 1737 1121 1791 locum
1150 1734 1296 1788 illmn
1324 1731 1411 1785 diu
1443 1727 1799 1793 incoluerunt,

221 1847 276 1890 et
303 1853 400 1905 per
426 1836 625 1889 multos
648 1834 877 1898 labores,
903 1830 1103 1885 nullum
1129 1827 1289 1898 651
1327 1825 1404 1880 vel
1436 1838 1658 1894 parvum
1686 1820 1796 1874 fru-

223 1938 370 1981 ctum
418 1923 929 1995 consequebantur;
958 1920 1097 1990 quod
1143 1935 1242 1988 ego
1290 1915 1594 1978 attendens,
1621 1912 1801 1980 rOgavi

220 2016 621 2073 Adalberonetn
674 2015 960 2074 abbatem,
1012 2018 1066 2064 et
1119 2008 1436 2070 monachos,
1503 2013 1562 2058 ut
1627 2003 1802 2056 locmn

221 2109 367 2164 illum
392 2107 759 2175 supradictmn
785 2104 911 2158 mihi
938 2103 1105 2156 libere
1132 2100 1515 2162 concederent,
1539 2105 1805 2163 quatenus

221 2201 521 2256 secundum
556 2198 886 2252 voluntatem
920 2208 1092 2247 meam
1135 2192 1201 2245 de
1243 2206 1306 2244 eo
1345 2190 1632 2257 disponere
1676 2200 1803 2254 pos-

218 2309 350 2349 sem.
392 2292 579 2346 Abbas
633 2297 811 2342 autem
856 2295 911 2341 et
959 2283 1235 2349 monachi,
1270 2281 1517 2352 petitioni
1552 2293 1684 2333 meae
1720 2293 1805 2331 as-

221 2385 545 2446 sentientes,
579 2378 838 2452 quidquid
872 2378 924 2431 in
970 2390 1035 2431 eo
1080 2376 1198 2429 loco
1225 2373 1517 2434 habebant,
1551 2370 1683 2424 mihi
1732 2369 1805 2421 li-

221 2477 349 2528 herc
391 2482 446 2527 et
468 2473 590 2527 sine
618 2468 1047 2525 contradictione
1075 2471 1480 2519 concesserunt.
1513 2461 1623 2529 Ego
1654 2473 1802 2522 vero,

220 2580 326 2616 non
377 2564 626 2631 ingratus
674 2575 859 2614 eorum
916 2554 1178 2610 voluntati
1251 2550 1499 2607 concessi
1562 2546 1805 2605 ecclesia:

221 2656 408 2709 Sancti
449 2652 718 2709 Viueentii
750 2651 922 2704 altare
968 2648 1034 2702 de
1086 2643 1315 2700 Bariaeo
1361 2642 1413 2696 in
1459 2648 1802 2711 perpetuum,

219 2747 377 2802 salvo
401 2746 531 2815 jure
574 2744 783 2815 synodi,
822 2741 1149 2797 habendum.
1183 2737 1311 2792 Dedi
1349 2736 1429 2790 eis
1457 2735 1622 2789 etiam
1648 2733 1806 2788 dimi-

220 2839 366 2890 dium
405 2836 650 2890 modium
682 2832 939 2888 frumenti
962 2832 1027 2885 ad
1058 2828 1450 2892 molendinum,
1491 2826 1635 2895 quod
1665 2822 1806 2893 apud

220 2929 403 2981 villam
433 2927 602 2983 situm
642 2936 744 2991 est,
785 2941 905 2995 qure
934 2922 1309 2978 Broincurtum
1342 2919 1558 2974 dicitur.
1606 2918 1807 2973 Videus

223 3032 407 3073 autem
456 3017 1002 3088 prmdictmnloeum,
1031 3016 1120 3085 qui
1168 3014 1627 3069 PraemonSIratus
1667 3010 1804 3065 dici-

224 3120 332 3172 tur,
366 3108 643 3178 religiosis
685 3109 814 3162 viris
846 3106 1217 3170 utilissimum,
1246 3100 1403 3159 fratri
1432 3102 1719 3166 Norberto,
1752 3109 1808 3156 et.
1838 3134 1881 3197 ρ

220 3201 460 3255 subditis
499 3209 555 3255 et
587 3198 837 3269 posteris,
872 3197 1037 3251 libere
1060 3205 1115 3250 et
1144 3195 1262 3250 sine
1295 3193 1727 3250 contradictione
1758 3192 1809 3244 in

219 3302 549 3363 perpetuum
570 3290 812 3346 concessi
838 3290 1164 3344 habendum.
1196 3287 1389 3342 Frater
1418 3301 1546 3341 vero
1577 3284 1812 3340 Norber—

222 3395 332 3449 tus,
365 3386 513 3439 sicut
539 3383 613 3437 rei
638 3381 825 3437 aliena:
849 3380 1071 3434 minime
1092 3379 1340 3449 cupidus,
1367 3377 1618 3448 primitus
1644 3376 1815 3430 noluit

221 3476 495 3545 recipere,
526 3473 701 3527 donec
742 3471 1008 3526 Seit‘ridus
1038 3469 1208 3525 abbas
1249 3468 1434 3524 Sancti
1468 3467 1735 3523 Vincentii
1762 3475 1816 3522 et

223 3566 486 3621 monachi
516 3562 657 3632 ejus,
689 3563 885 3617 donum
931 3561 1058 3616 illud
1090 3560 1444 3615 ﬁrmaverunt
1483 3561 1538 3614 in
1583 3557 1816 3628 capitqu

218 3655 508 3711 communi
541 3653 933 3721 assensu.Qnm
962 3667 1091 3708 vero
1122 3652 1426 3717 concessio,
1452 3649 1633 3718 aliquo
1657 3647 1816 3702 modo

220 3749 488 3817 deinceps
537 3754 604 3801 ne
650 3745 924 3800 immutari
970 3744 1175 3814 possit,
1226 3742 1585 3813 impressione
1618 3754 1815 3795 nosmc

220 3839 510 3910 imaginis,
554 3846 608 3893 et
640 3837 817 3909 sigillo
842 3836 1054 3892 Sanctae
1096 3835 1277 3890 Maria:
1306 3833 1680 3889 Laudunensis
1715 3833 1818 3887 Ee-

222 3932 430 3999 clesia,
473 3928 886 3999 sigillorumque
934 3927 1154 3984 Seil‘ridi
1200 3927 1412 3983 abbatis
1459 3925 1642 3981 Sancti
1694 3926 1817 3980 Vin-

220 4025 416 4089 centii,
454 4008 782 4078 conﬁrmare
812 4022 1141 4077 curavimus.

300 4134 319 4165 ε
361 4112 596 4184 Signum
657 4111 1033 4165 Bartholommi
1101 4108 1475 4164 Laudunensis
1520 4108 1690 4179 episc.
1754 4106 1809 4161 S.

224 4205 456 4258 Seifridi
485 4203 700 4256 abbatis
727 4202 911 4255 Sancti
940 4199 1234 4254 Vincentii.
1259 4197 1317 4253 S.
1336 4198 1576 4253 Simonis
1607 4196 1817 4251 abbatis

223 4293 420 4347 Sancti
458 4290 663 4344 Nicolai
696 4290 761 4342 de
796 4288 965 4350 Silva,
991 4298 1097 4342 etc.

304 4400 323 4432 ε
366 4382 568 4435 Actum
599 4377 841 4432 Lauduni
876 4377 929 4433 in
956 4377 1188 4447 capitulo
1232 4376 1446 4432 Sancta:
1478 4376 1659 4431 Maria:
1680 4376 1818 4430 Lau-

1322 337 1531 398 DOMNI
1568 336 1631 391 L.
1664 327 2004 389 D‘ACIIERY
2040 327 2269 385 ΝΟΤᾸΞ.

304 472 411 527 Xll.
436 467 669 524 Sil‘uidus
697 461 1019 518 Adalhcroni
1050 456 1306 528 religione
1328 465 1379 509 et
1408 457 1653 508 doctrina
1686 460 1789 500 non
1826 449 1868 502 Δ
1900 451 2097 509 pressu
2146 438 2427 493 audaciam

3339 319 3473 376 Il'll

2466 454 2480 502 ;
2538 444 2699 507 atque
2756 434 2927 491 fretus
2976 432 3275 489 Innocentii
3323 446 3476 501 papa!

1897 528 1940 582 ll
1989 528 2337 591 auctoritate,
2390 526 2480 595 qui
2515 524 2759 578 Lauduui
2810 531 2939 577 tunc
2990 521 3197 588 aderat,
3249 519 3476 575 reddere

1899 620 2079 688 coegit
2121 618 2324 671 omnia.
2379 618 2535 671 Anno
2590 616 2748 681 1155,
2804 614 3034 670 ecclesia
3084 612 3474 668 canonicorum

1898 709 2063 765 castri
2096 709 2161 761 de
2188 708 2495 762 Lescheriis
2532 708 2584 761 in
2629 722 2758 777 agro
2787 705 3066 770 Guisiano,
3107 704 3343 771 itemque
3370 701 3475 756 alia

1899 801 1952 855 in
1997 808 2180 853 castro
2228 797 2647 861 Montis-Acuti,
2697 796 2851 866 juxta
2904 796 3171 851 Laetiense
3219 790 3476 849 sacellum

1901 888 2094 943 collata
2128 885 2279 940 fuere
2299 885 2359 939 S.
2393 886 2694 940 Vincentio.
2904 938 2911 943 ,

1972 978 2198 1030 Romam
2220 973 2517 1045 profectus,
2548 990 2577 1028 a
2604 974 2881 1030 canonicis
2905 973 3361 1038 Tornacensibus,
3386 969 3479 1037 qui

1901 1069 2004 1123 hoc
2044 1069 2158 1136 ipso
2183 1077 2424 1136 tempore
2474 1066 2527 1119 in
2558 1065 2704 1121 Urbe
2735 1066 2966 1134 agebant
2994 1066 3060 1120 de
3099 1073 3316 1135 pastore
3347 1062 3475 1118 sub-

1902 1159 2140 1228 rogando
2171 1199 2184 1224 ,
2243 1158 2526 1227 episcopus
2578 1154 2815 1226 eligitur,
2873 1164 2927 1209 at
2969 1156 3082 1225 ipse
3138 1157 3408 1211 reluctans
3449 1167 3479 1205 a

1904 1264 2117 1303 summo
2143 1248 2396 1317 pontiﬁce
2434 1260 2674 1299 annnere
2724 1246 2825 1298 sub
2866 1244 3227 1298 anathematis
3263 1241 3481 1297 vinculo

1905 1340 2215 1410 compulsus
2244 1347 2347 1395 est.
2378 1338 2550 1405 Quam
2590 1336 2848 1407 prter-lare
2878 1348 2938 1390 se
2980 1336 3210 1405 gesserit
3234 1335 3286 1387 in
3333 1335 3483 1387 hisce

1908 1439 2018 1483 tum
2079 1429 2338 1495 abbatis,
2395 1437 2507 1483 tum
2559 1426 2797 1497 episcopi
2857 1425 3173 1481 muneribus
3233 1422 3486 1491 Indigitat

1914 1522 2282 1586 Ilermanuus,
2333 1519 2427 1573 lib.
2475 1533 2558 1583 ιιι,
2589 1531 2707 1585 cap.
2731 1516 2802 1569 20
2849 1524 2904 1570 et
2929 1514 3023 1580 21,
3070 1514 3124 1567 in
3154 1511 3483 1582 Appendicc.

1911 1610 2042 1665 Vide
2065 1611 2295 1667 Galliam
2326 1608 2527 1665 Christ.
2559 1607 2613 1661 in
2644 1606 2913 1677 episc0pis
2944 1604 3175 1659 Toruac.

1976 1701 2118 1757 XIV.
2170 1702 2464 1755 Balduinus
2514 1699 2753 1768 regimen
2799 1697 2913 1766 egit
2946 1693 3283 1749 solummodo
3327 1689 3486 1744 annis
3556 1724 3559 1727 »

1838 1797 1880 1851 Β
1907 1794 2162 1863 quinque.
2194 1792 2267 1846 De
2295 1806 2402 1861 quo
2427 1792 2625 1846 citatus
2649 1788 2992 1843 IIermannus
3016 1800 3081 1839 eo
3109 1783 3232 1839 loci.

1977 1886 2099 1941 XV.
2142 1884 2477 1939 Guillelmus.
2520 1883 2655 1936 Ilnic
2704 1882 2872 1935 donat
2907 1878 3166 1945 ,Galterus
3198 1876 3488 1943 episcopus

1907 1977 2149 2033 Laudun.
2178 1975 2460 2029 ecclesiam
2505 1973 2560 2027 S.
2600 1970 2796 2027 Iuliani
2835 1972 2887 2025 in
2921 1971 3091 2039 burgo
3123 1967 3292 2021 Laud.
3327 1964 3484 2024 II55,

1909 2082 2008 2122 nrc
2043 2081 2148 2120 non
2180 2065 2463 2120 ecclesiam
2506 2065 2672 2120 castri
2724 2063 2790 2117 de
2819 2060 3096 2115 Nonavilla
3143 2060 3283 2129 (qua:
3323 2064 3407 2111 est
3434 2055 3487 2109 iu

1906 2159 2204 2230 prioratum
2229 2158 2436 2227 erecta)
2467 2156 2535 2210 ab
2568 2154 2816 2209 lIelluino
2840 2152 3004 2225 Tyrio
3041 2159 3316 2220 erogatum
3354 2162 3488 2202 con-

1907 2250 2091 2303 ﬁrmat
2109 2249 2336 2319 ipsemet
2359 2247 2665 2318 episcopus.

1980 2338 2122 2393 XVI.
2164 2337 2435 2392 Galterus.

1976 2430 2136 2484 XVII.
2188 2429 2339 2497 llugo
2387 2427 2620 2483 basilicm
2669 2426 2728 2481 S.
2762 2424 3053 2487 Vincentii,
3107 2438 3227 2492 qua:
3292 2420 3489 2475 etiam-

1907 2536 2035 2575 num
2060 2530 2258 2583 exstat,
2294 2520 2427 2588 jecit
2478 2517 2852 2580 fundamenta,
2897 2530 3127 2585 eamque
3176 2510 3486 2582 complevit.

1908 2610 2294 2665 Controversia
2328 2608 2602 2679 Ilngonem
2638 2608 2778 2661 inter
2808 2616 2969 2676 atque
2998 2604 3268 2660 Joannem
3324 2600 3486 2655 Novi-

1907 2699 2053 2768 genti
2113 2698 2405 2763 abbatem,
2454 2711 2597 2751 anno
2643 2695 2801 2761 II77,
2850 2694 3055 2749 arbitro
3113 2689 3495 2747 Codiciacensi

1909 2790 2213 2860 Rodulpho,
2260 2789 2428 2843 diluta
2476 2797 2578 2843 est.
2629 2787 2853 2842 Sacram
2885 2784 3157 2841 exstruxit
3211 2783 3380 2839 aedem
3429 2781 3491 2837 S.

1916 2882 2227 2938 Ccnebaldo
2252 2879 2637 2953 protoantistiti
2670 2878 3013 2933 Laudunensi
3068 2874 3350 2932 duodecim
3397 2888 3499 2927 ca-

1910 2973 2249 3036 nonicorum,
2281 2986 2444 3039 quam
2491 2979 2545 3023 et
2571 2969 2787 3039 praediis
2811 2964 3297 3023 San-Vincentiani
3344 2976 3496 3018 asce-

1912 3062 2030 3117 terii
2057 3063 2264 3115 ditavit.
2298 3061 2339 3114 E
2366 3061 2471 3114 vita
2497 3060 2747 3115 discessit
2770 3059 2940 3121 1200;
2964 3058 3269 3131 sepulcrum
3296 3056 3411 3127 ejus
3439 3057 3504 3111 iu.

1917 3154 2092 3206 medio
2115 3152 2265 3207 chori
2297 3153 2398 3206 hoc
2428 3150 2729 3211 adornatur
2754 3151 3049 3223 epitaphio.

1919 3264 2072 3334 "rth
2095 3264 2214 3318 boni
2251 3264 2445 3334 forma,
2466 3264 2682 3334 claustri
2714 3264 2875 3334 rigor,
2908 3263 3044 3334 actio
3076 3270 3254 3334 cauta,

1915 3332 2074 3403 Regia
2103 3332 2269 3404 frons,
2293 3336 2545 3388 doctrinm
2574 3333 2692 3401 fons
2743 3332 2941 3397 c’larits,
2970 3332 3171 3402 largus,
3198 3332 3501 3400 abundans,

1916 3407 2176 3457 Abbatum
2204 3406 2303 3474 ﬂos
2331 3420 2447 3457 ecce
2459 3404 2637 3471 jacet;
2666 3405 2755 3468 qui
2788 3413 2966 3473 regnat
2992 3404 3181 3473 ubique

1918 3474 2058 3528 Huic
2084 3476 2165 3528 det
2197 3490 2291 3542 pro
2314 3476 2513 3526 meritis
2537 3482 2745 3528 (eterna:
2782 3474 2977 3543 gaudia
3009 3475 3124 3526 vita:
3149 3489 3168 3527 :

1920 3545 2083 3610 Quem
2111 3555 2224 3614 post
2250 3544 2474 3614 Augusti
2498 3544 2727 3597 medium
2747 3543 2840 3596 tua:
2863 3545 3015 3597 tertia
3036 3542 3244 3597 clausit.

1995 3655 2180 3711 XVIII.
2220 3654 2597 3727 Ingelrannus,
2651 3653 2814 3719 1208,
2859 3667 3075 3709 sacrum
3118 3653 3177 3706 S.
3224 3651 3496 3707 Vincentii

1927 3754 2093 3799 mart.
2117 3759 2178 3800 os
2210 3744 2444 3814 gutturis
2476 3744 2546 3800 ab
2568 3743 2825 3813 episcopo
2857 3743 3299 3809 CarcassonenSi,
3322 3758 3387 3798 ac
3414 3743 3502 3798 Si-

1920 3850 2079 3892 mone
2110 3838 2176 3893 de
2198 3835 2510 3892 Monteforti
2535 3836 2604 3890 A.
2632 3837 2693 3891 D.
2720 3835 2859 3891 1215
2888 3836 3113 3892 solemni
3141 3836 3247 3891 ritu
3268 3838 3497 3906 accepit.

1919 3927 2119 3981 Eodem
2145 3941 2314 3998 prope
2345 3934 2589 3998 tempore
2635 3927 2807 3983 abbas
2829 3936 2885 3984 et
2918 3930 3170 3985 monachi
3193 3928 3502 3987 Castrensis

1919 4018 2174 4075 Ecclesia:
2213 4020 2388 4091 (nunc
2429 4020 2806 4091 episcopatus)
2837 4021 2905 4077 ad
2951 4022 3331 4093 lngelrannum
3376 4037 3505 4093 par-

1922 4119 2028 4165 tem
2052 4111 2260 4165 brachii
2289 4109 2529 4179 ejusdem
2557 4112 2813 4181 martyris
2837 4114 3210 4166 transmisere.
3240 4111 3330 4179 Et,
3358 4126 3507 4165 anno

1922 4201 2082 4268 1254,
2132 4200 2388 4256 sacellum
2418 4200 2481 4254 Β.
2534 4199 2713 4255 Maria:
2758 4200 3038 4256 Laatiensis
3082 4215 3113 4254 a
3148 4201 3380 4256 dominis
3435 4202 3505 4255 de

1922 4293 2051 4361 Apia
2106 4292 2218 4363 (qui
2259 4292 2310 4345 in
2341 4290 2839 4346 San-Vincentiano
2890 4291 3088 4362 templo
3123 4300 3247 4347 sunt
3286 4289 3517 4364 sepulti).

1921 4384 2131 4439 initium
2158 4384 2457 4453 sumpsisse
2485 4384 2687 4439 ferunt.

222 4472 501 4529 dunensis
548 4469 833 4534 Ecclesiae,
881 4476 1022 4522 anno
1078 4468 1367 4523 Dominierc
1427 4468 1818 4523 Iucarnationis
1851 4479 1897 4535 ι)
1991 4475 2132 4529 xtx,
2176 4473 2463 4529 namuinus
2493 4474 2557 4529 ιι,

223 4561 529 4616 millesimo
555 4558 847 4613 centesimo
869 4558 1127 4627 vigesimo
1157 4558 1350 4627 primo.
1388 4577 1406 4609 ι

301 4652 519 4722 Sponte
548 4650 710 4703 etiam
755 4649 1021 4704 Seifridus
1051 4648 1283 4703 mediam
1317 4656 1526 4719 partem
1578 4647 1703 4714 loci,
1766 4648 1819 4702 in

224 4760 339 4820 quo
390 4741 623 4798 ecclesia
659 4741 842 4797 Sancti
898 4740 1134 4820 Martini,
1185 4741 1359 4811 prima
1416 4740 1822 4796 I‘rremonstrati

225 4814 366 4903 Iiiia,
410 4835 516 4891 sita
537 4845 639 4902 est,
673 4834 941 4906 quodjuri
974 4803 1157 4891 Sancti
1192 4834 1461 4890 Vincentii
1488 4835 1825 4904 subjacerct,

224 4929 458 4984 obtulit.

304 5021 553 5075 Litteras
608 5020 754 5073 misit
802 5017 1037 5074 Seit'rido
1089 5019 1355 5075 Honorius
1388 5035 1524 5091 papa
1556 5020 1622 5083 II,
1670 5019 1825 5088 queis

228 5114 501 5166 universa
526 5110 1009 5166 San-Vincentiani
1054 5112 1284 5167 cteuobii
1325 5113 1465 5166 bona
1513 5111 1821 5167 conﬁrmat.

231 5198 571 5269 Del‘ungitur
599 5199 815 5254 circiter
872 5215 959 5255 an.
991 5200 1148 5266 1151,
1182 5200 1424 5270 sepultus
1475 5202 1527 5255 in
1578 5199 1824 5256 inferiori

228 5298 394 5360 parte
417 5289 594 5344 chori.

308 5378 457 5432 XIII.
500 5378 782 5434 Ansclmus
818 5393 881 5432 ex
915 5380 1243 5436 monasterio
1295 5379 1352 5435 S.
1388 5380 1627 5436 Medardi
1662 5380 1830 5437 Sues-

229 5468 518 5527 sionensis
572 5470 624 5523 in
676 5470 925 5523 abbatem
980 5486 1007 5523 a
1066 5472 1348 5526 monachis
1408 5482 1489 5528 est
1541 5482 1827 5543 cooptatus

230 5561 407 5647 1151.
434 5556 725 5633 Religiosc,
760 5561 913 5616 docte
945 5576 1010 5616 ac
1037 5563 1329 5633 prudenter
1358 5565 1501 5617 rexit
1552 5575 1824 5622 monaste-

236 5655 387 5705 rium
413 5665 589 5706 annos
632 5652 751 5723 plus
775 5652 955 5709 minus
977 5652 1379 5722 septemdecim.
1415 5651 1828 5724 Militum,cqui-

238 5750 499 5807 tumque,
552 5743 600 5797 vi
650 5759 711 5798 ac
768 5752 1045 5814 tyranmcc
1085 5744 1281 5817 prmilia
1333 5742 1827 5814 auferentium,re~

1996 4566 2115 4621 XX.
2154 4566 2413 4622 Joannes.

1994 4660 2136 4713 XXI.
2182 4659 2476 4714 Balduinus
2505 4657 2595 4712 III.

1998 4752 2160 4807 XXII.
2198 4752 2458 4808 Thomas.

1997 4840 2183 4895 XXIII.
2225 4842 2542 4897 Gosbcrtus.
2580 4841 2714 4894 Dum
2730 4841 2885 4909 jussu
2912 4841 3158 4911 Gregorii
3188 4857 3339 4913 papae
3365 4844 3417 4899 Χ
3436 4843 3513 4900 ad

1928 4933 2120 4988 conciL
2155 4932 2514 5004 Lngdunense
2541 4934 2997 5003 proficisceretur,
3031 4946 3205 4991 morte
3240 4943 3325 4991 est
3360 4948 3505 5007 pra:-

1927 5033 2245 5092 occupatus,
2271 5024 2495 5077 circiter
2520 5038 2666 5077 anno
2692 5023 2853 5091 I275,
2876 5025 2960 5079 vel
2988 5025 3148 5079 1274.

2001 5110 2191 5166 XXIV.
2231 5112 2407 5169 Guido
2428 5112 2493 5167 de
2524 5112 2785 5168 Bovcriis.
2832 5114 3035 5168 Eodem
3061 5114 3258 5170 abbate
3283 5115 3508 5185 iurisdi-

1928 5201 2125 5257 ctionis
2150 5201 2379 5256 abbatiae
2410 5202 2607 5258 limites
2632 5202 2887 5259 recensiti
2908 5212 3036 5258 sunt
3060 5203 3216 5258 1280.

2001 5292 2166 5348 XXV.
2206 5292 2444 5350 Joannes
2482 5295 2542 5359 ll,
2582 5311 2725 5350 anno
2752 5295 2917 5352 I500.

2003 5383 2189 5438 XXVI.
2231 5383 2471 5440 Joannes
2508 5385 2593 5451 III,
2622 5388 2948 5456 cognomine
2993 5388 3060 5443 de
3086 5386 3291 5443 Sancto
3336 5386 3511 5455 Quin-

1934 5476 2062 5530 tino.
2090 5473 2234 5530 Obiit
2261 5474 2414 5530 1515.

2006 5567 2213 5622 XXVII.
2257 5568 2447 5623 Petrus
2478 5568 2544 5623 de
2574 5568 2718 5625 Suisi
2766 5571 2881 5627 sive
2925 5571 2989 5627 de
3015 5570 3217 5629 Namur
3250 5570 3311 5628 Iit
3334 5571 3514 5629 abbas

1932 5660 2140 5715 Joanne
2177 5661 2241 5714 de
2271 5660 2327 5713 ε.
2362 5660 2619 5727 Quintino
2648 5663 2882 5731 vivente,
2916 5663 3084 5720 1555.

2000 5751 2167 5823 652
2206 5750 2432 5807 xxvm.
2476 5752 2669 5810 Petrus
2717 5754 2780 5822 ιι,
2831 5756 2897 5811 de
2949 5740 3191 5819 Villiers.
3237 5745 3510 5821 Memora:
3576 5792 3589 5803 .
