4032 6336
648 266 787 328 1175

1495 273 1584 331 AD
1622 274 1772 334 OPP.
1814 276 1967 336 VEN.
2010 278 2337 341 CUIBEIlTI
2376 287 2461 346 DE
2498 290 2891 357 NOVIGENTO

3694 325 3784 385 1176

647 394 738 488 II"
780 401 833 438 ιη
876 394 1034 500 past?
1082 400 1203 487 cum
1252 388 1449 500 cgnli‘l’tf
1504 392 1570 445 tle
1615 392 1803 495 [101³11⁷
1866 396 2218 500 inimum”)
2252 402 2297 455 Α
2396 404 2528 462 XLI.
2564 410 2893 468 I‘hilibcrtus
2921 416 2986 468 de
3014 415 3386 483 Brichantean,
3415 428 3783 500 adeptusposses.

644 477 790 532 circa
831 475 1098 546 quoddam
1135 476 1225 546 jus
1269 477 1329 533 S.
1383 480 1648 536 Vincentii
1701 484 1753 538 in
1802 485 2108 543 molendino
2154 490 2219 543 de

643 563 987 636 Petraponte.

714 652 907 709 XXIX.
947 652 1185 710 Joannes
1215 655 1305 723 IV,
1329 655 1395 711 de
1427 654 1699 725 Noﬁelles,

640 927 1007 985 voluminibus
1047 931 1609 999 comprehenduntur,
1660 934 1974 989 distinctum
2034 937 2215 991 elucu—

636 1020 839 1078 bravii.
888 1024 1161 1079 Ditissima
1213 1025 1335 1090 fuit,
1374 1024 1581 1081 Joanne
1635 1027 1853 1094 abbate,
1888 1028 2212 1085 bibliotheca

637 1111 1163 1179 Sun-Vincentiana;
1196 1116 1445 1171 undecim
1498 1118 1753 1171 nimirum
1799 1118 1963 1173 millia
1988 1121 2214 1175 volumi-

637 1216 768 1254 num
813 1202 1150 1257 continebat.
1211 1203 1469 1259 Consedit
1524 1207 1577 1262 in
1623 1210 1855 1265 concilio
1896 1210 2213 1283 Compendii

637 1288 827 1347 habito
853 1292 962 1362 (cui
987 1294 1311 1363 praesidebat
1335 1295 1531 1353 Petrus
1553 1299 1857 1357 Lessiensis
1880 1304 2069 1375 abbas)
2090 1321 2211 1360 eum

639 1381 765 1436 aliis
820 1382 1262 1439 arcltimandritis
1316 1387 1882 1459 archiepiscopatuum
1927 1393 2213 1450 Remensis

636 1490 703 1531 ac
726 1474 1076 1532 Senonensis.
1102 1477 1180 1532 Eo
1206 1479 1260 1532 in
1312 1480 1547 1535 concilio
1592 1480 1745 1538 lectae
1789 1483 1985 1539 littera:
2012 1485 2210 1541 Urbani

638 1562 712 1621 IV
740 1574 798 1620 et
820 1565 1068 1636 Gregorii
1115 1566 1164 1622 X
1191 1568 1257 1623 ad
1287 1569 1569 1639 episcopos
1596 1574 1907 1629 earumdem
1936 1583 2212 1643 metropo-

638 1656 757 1712 Ieon
784 1658 1024 1728 scriptae,
1044 1660 1243 1729 quibus
1263 1659 1488 1715 abbates
1508 1662 1575 1715 ab
1597 1662 1972 1734 episcoporum
1992 1679 2049 1735 sy
2060 1664 2213 1719 nodis

2320 498 2527 554 sionem
2554 503 2714 567 1612,
2754 522 2816 562 ac
2844 511 3185 577 postmodum
3208 514 3504 585 episcopatu
3530 498 3787 586 Laudamia

2318 588 2569 647 donatus.
2600 593 2676 651 De
2701 610 2808 666 quo
2834 598 3108 654 Robertus
3136 601 3188 655 in
3217 604 3476 675 episcopis
3502 608 3674 667 Laudo.
3691 636 3706 666 I
3727 617 3789 674 \‘ir

1759 660 1825 716 de
1851 661 2218 760 (ξυίθίθξιξξὲθ
2318 683 2499 738 multm
2520 660 2737 755 pietatis
2771 698 2821 744 et
2844 692 3172 760 prudentize:

642 752 1005 813 nuncupatus,
1030 747 1186 800 1570.
1239 748 1462 818 Egregie
1503 748 1699 803 litteris
1742 754 2006 808 excultus.
2040 755 2216 811 Colle-

641 836 869 889 ctarium
900 837 1139 891 historia:
1158 838 1502 904 universalis,
1530 839 1683 894 libris
1706 853 1853 907 octo,
1875 844 1964 911 qui
1988 857 2217 913 quatuor

2392 791 2415 827 ι
2450 774 2553 841 Qui
2573 793 2743 834 mores
2762 781 3029 836 hominum
3049 783 3330 839 multorum
3351 790 3469 843 vidit
3503 803 3544 844 et
3567 797 3687 849 aries
3727 820 3741 851 ι

2381 864 2605 923 Omnem
2646 873 2863 927 navavit
2906 889 3125 942 operam
3171 879 3222 932 in
3270 882 3589 939 resarcienda
3627 891 3791 957 regulari

2315 957 2635 1028 disciplina;
2692 963 2894 1019 idcirco
2948 966 3057 1020 San
3077 969 3508 1025 -Vincentianum
3565 978 3793 1036 cmnobiuu

2314 1052 2715 1122 congregationi
2746 1053 2804 1109 3.
2837 1055 3005 1111 Mauri
3038 1060 3345 1130 aggregavit
3372 1060 3505 1117 1615

2440 1182 2830 1242 Nonnullarnm
2892 1187 3351 1247 SanctiJounm’s
3404 1192 3717 1255 Lauduneun':

2684 1258 3067 1315 abbatissarum
3112 1264 3521 1318 nomenclatura.

2385 1363 2563 1422 Prima
2611 1370 2883 1425 abbatissa
2938 1380 2991 1425 et
3048 1372 3319 1428 l’undatrix
3374 1374 3463 1429 fuit
3500 1375 3554 1431 S.
3583 1378 3794 1451 Salui-erg!

2315 1457 2465 1527 cujus
2505 1457 2680 1515 Vitam
2713 1477 2854 1515 nunc
2885 1462 3117 1532 primum
3159 1466 3531 1533 eventilamus,
3565 1471 3749 1539 reperies
3764 1475 3796 1527 it.

2314 1549 2713 1607 Additamentis
2739 1552 2900 1608 infra.

2387 1638 2674 1695 Conditum
2714 1657 2845 1697 vero
2886 1642 2989 1699 fuit
3029 1643 3172 1699 istud
3216 1648 3592 1702 monasterium
3628 1650 3800 1720 Deipm

634 1747 966 1801 eximuntur.
993 1747 1139 1802 Obiit
1160 1737 1395 1807 Joannes
1421 1749 1557 1806 I396
1585 1730 1739 1821 cujus
1783 1730 2037 1822 sepulcro
2054 1753 2212 1807 disci-

2246 1738 2287 1797 Β
2318 1730 2521 1803 Virgini
2547 1750 2785 1801 sacrum,
2810 1748 2929 1806 post
2958 1736 3140 1794 Sancti
3172 1739 3399 1797 Joannis
3429 1742 3625 1796 nomine
3649 1744 3802 1814 insigni:

635 1838 746 1910 puli
770 1857 1003 1913 sequens
1022 1845 1353 1915 epitaphium
1378 1854 1763 1916 apposueram.

635 1930 926 2007 Deﬁuisia
949 1944 1103 2007 natus
1118 1936 1260 2007 jacet
1288 1936 1370 1988 hic
1397 1936 1494 2007 sub
1525 1947 1672 2007 caute
1695 1934 1928 1989 Joannes

707 1999 1196 2075 Historiographits,
1220 2017 1431 2075 arteqrue
1451 2005 1737 2075 juridicus.

636 2069 897 2143 Ab_baturn
927 2069 1128 2142 primus
1160 2074 1314 2128 mitra
1344 2069 1567 2143 fuit'lzic
1586 2074 1881 2127 decoratus.

702 2139 988 2214 Inhumata
1018 2139 1373 2213 manet-fama,
1400 2144 1693 2214 mirumque
1720 2153 1869 2214 canet

634 2205 787 2283 ﬂens
808 2212 917 2283 pia,
948 2228 1092 2283 mens
1121 2205 1572 2283 Ituntilis,patria:
1605 2205 1730 2277 'lux,
1770 2212 1983 2267 Martha
2007 2212 2207 2267 labore.

704 2278 934 2345 [rradiet
963 2282 1143 2350 {uncto
1170 2283 1272 2337 vita
1298 2278 1448 2337 beata
1473 2283 1635 2350 Deus,

632 2348 783 2421 Anno
813 2348 1045 2416 milleno,
1066 2362 1310 2421 quateret
1335 2364 1542 2407 centum
1573 2348 1675 2419 bis,
1699 2354 1802 2408 duo
1833 2353 2015 2420 demo,

636 2418 827 2474 Octavo
855 2422 1046 2475 mensis
1075 2418 1208 2477 Idus
1245 2422 1463 2477 decessit
1487 2418 1704 2493 Aprilis.

699 2527 869 2586 XXX.
909 2529 1209 2589 JoannesV
1235 2535 1299 2588 de
1324 2534 1485 2605 Sylva
1514 2534 1665 2590 I596.
1699 2535 1842 2592 Obiit
1874 2536 2009 2592 1419

703 2618 893 2675 XXXI.
932 2620 1118 2678 Simon
1145 2639 1173 2677 a
1197 2623 1380 2679 Porta.

701 2705 917 2766 XXXII.
943 2710 1180 2770 Thomas
1210 2713 1412 2769 Vastel.

702 2797 937 2855 XXXIII.
965 2800 1201 2858 Joannes
1227 2802 1314 2870 VI,
1347 2804 1614 2858 Corbeau.

702 2891 942 2948 XXXIV.
990 2892 1174 2950 Helias
1226 2895 1455 2949 d’Arson
1504 2897 1911 2966 protonotarius
1973 2897 2204 2967 apostol.

631 2985 844 3040 abbatis
865 2984 1311 3041 commendatarii
1338 2985 1492 3042 titulo
1524 2988 1704 3043 sedem
1730 2987 1950 3041 invadit.
1983 2985 2209 3041 Moritur

629 3076 788 3132 I502.

698 3168 918 3224 XXXV.
946 3167 1276 3226 Franciscus
1298 3171 1364 3226 de
1398 3170 1802 3237 Frecheneour,
1826 3186 1889 3227 ex
1938 3171 2207 3226 monacho

629 3259 687 3312 lit
715 3260 901 3315 abbas.
924 3260 981 3315 In
1004 3260 1323 3334 Necrologio
1344 3263 1511 3318 nobili
1543 3263 1659 3320 loco
1679 3265 1941 3320 oriundus
1964 3272 2205 3319 notatur.

628 3347 781 3406 Diem
814 3352 1008 3409 clausit
1038 3354 1199 3419 1506,
1224 3356 1277 3410 in
1311 3356 1480 3429 choro
1505 3356 1764 3427 sepultus.

702 3440 942 3498 XXXVI.
966 3443 1194 3501 Carolus
1220 3445 1406 3513 Morel,
1440 3460 1599 3505 antea
1632 3448 1784 3517 prior
1811 3447 1869 3503 S.
1895 3446 2122 3503 Joannis
2143 3448 2209 3501 de

628 3525 891 3589 Vendolio
917 3532 1073 3589 1510.

697 3624 960 3682 XXXVII.
1004 3626 1241 3685 Joannes
1296 3626 1406 3705 VII,
1459 3630 1837 3701 Clrarpentier,
1896 3647 1964 3686 ex
2016 3632 2207 3687 ordine

629 3721 932 3775 monastico
981 3722 1153 3777 abbas
1188 3723 1434 3778 ultimus.
1481 3722 1671 3778 Totam
1716 3724 2035 3779 instauravit
2067 3722 2205 3779 San-

628 3808 1044 3867 Vincentianam
1090 3816 1402 3881 ecclesiam,
1440 3816 1719 3887 multaque
1759 3817 2025 3872 beneﬁcia
2073 3831 2207 3872 con-

631 3903 775 3957 tulit.
801 3900 978 3959 Medio
1017 3906 1071 3959 in
1097 3906 1266 3962 choro
1283 3907 1449 3977 jacet,
1480 3908 1582 3962 hoc
1603 3909 1837 3965 donatus
1859 3910 2129 3965 encomio.

705 4012 806 4069 llic
823 4016 965 4086 jacet
986 4021 1207 4071 domnus
1230 4015 1464 4086 Joannes
1484 4016 1822 4086 Charpenlier
1847 4018 2134 4085 Bernensis,

704 4084 832 4141 dumi
850 4088 1033 4141 viveret
1047 4087 1207 4156 hujus
1240 4084 1486 4142 Ecclesia!
1514 4084 1865 4157 pientlssimns
1889 4092 2136 4153 antistes:

703 4159 792 4230 qui
836 4157 1058 4230 {eliciter
1092 4159 1213 4230 obiit
1270 4169 1414 4230 sexto
1464 4157 1596 4213 Idus
1636 4159 1899 4230 Septemb.
1946 4174 2137 4217 nostra:

702 4227 889 4282 salutis
944 4226 1218 4283 millesimo
1268 4229 1678 4299 auingentesinto
1708 4226 1994 4302 trigesimo
2046 4249 2137 4286 oc-

700 4309 835 4353 tato.

912 4388 1238 4445 ARBATES
1271 4389 1921 4447 COMMENDATARII.

708 4477 1000 4535 XXXVIII.
1037 4479 1262 4534 Carolus
1292 4480 1593 4536 Borhonius
1646 4482 1936 4537 eardinalis
1968 4481 2035 4538 de
2072 4482 2206 4536 Vin-

631 4569 845 4627 docino.

706 4658 949 4715 XXXIX.
1000 4661 1282 4731 Crispinus
1327 4662 1392 4717 de
1442 4661 1801 4719 Bricbantcau
1835 4682 1901 4720 ex
1948 4667 2215 4725 monacho

636 4757 694 4808 S.
733 4754 974 4825 Dionysii
1006 4754 1058 4807 in
1094 4749 1319 4807 Francia
1374 4756 1544 4809 abbas
1570 4755 1627 4810 S.
1671 4758 1960 4823 Vincentii,
2013 4768 2068 4814 et
2095 4759 2211 4828 cpi-

633 4858 830 4914 scopus
855 4842 1276 4898 Silvanectensis
1300 4844 1522 4900 Moritur
1552 4846 1706 4902 1590.

706 4931 823 4991 λι..
863 4934 1189 4994 Godcfridns
1239 4937 1303 4989 de
1354 4936 1494 5004 Billi,
1543 4940 1774 5008 primum
1831 4940 2127 4995 monachus
2154 4938 2211 4994 S.

637 5028 905 5099 Dioanii,
935 5028 1129 5083 deinde
1167 5026 1223 5083 S.
1264 5028 1551 5095 Vincentij,
1578 5030 1849 5086 ahbatiam
1899 5042 2060 5102 atque
2103 5034 2217 5101 epi-

637 5126 915 5187 scopatum
939 5102 1356 5174 Laudnnenscm
1378 5120 1630 5174 obtinuit.
1666 5121 1913 5175 Diversas
1940 5121 2217 5176 monachis

642 5210 825 5265 intulit
849 5209 1206 5266 calamitates.
1262 5198 1527 5277 Priorem,
1561 5213 1847 5266 Antonium
1904 5213 2068 5267 Danis
2122 5228 2217 5267 no-

642 5300 811 5364 mine,
841 5295 908 5353 dc
938 5296 1290 5353 :ediliciorum
1331 5299 1635 5355 imminenti
1674 5302 1827 5355 ruina
1883 5317 2217 5371 conqueren-

641 5400 749 5444 tem
779 5390 1096 5461 exagitavit,
1123 5390 1331 5461 expulit
1367 5407 1399 5446 e
1427 5393 1797 5447 monasterio:
1832 5406 1991 5461 quem
2027 5393 2215 5446 nihilo.

644 5481 821 5535 minus
851 5482 1018 5536 abbas
1047 5482 1135 5536 ille
1166 5482 1381 5537 decreto
1405 5482 1569 5535 curia:
1583 5481 1906 5537 Parisiensis
1937 5497 2215 5548 revocare,

643 5586 742 5640 mg
761 5588 971 5626 morum
1000 5588 1491 5645 campanarumque
1520 5573 1776 5643 applausu
1796 5576 2045 5646 excipere
2074 5591 2219 5631 com-

649 5663 834 5718 bnlsus
856 5672 953 5714 est.

2319 1832 2451 1887 tum,
2485 1842 2627 1880 anno
2654 1843 2776 1883 {erat
2803 1828 3122 1885 Christiana:
3151 1832 3273 1901 plus
3305 1832 3481 1887 minus
3501 1833 3640 1888 1610.

2386 1915 2445 1969 8.
2480 1917 2768 1973 Anstrudis
2806 1919 2867 1973 Β.
2918 1919 3225 1991 Salaberga:
3267 1922 3401 1986 ﬁlia,
3437 1924 3504 1977 ab
3549 1923 3800 1980 incunabulis

2313 2005 2423 2061 Deo
2454 2022 2481 2060 a
2510 2010 2852 2065 sanctissima
2884 2012 3147 2082 genitrice
3172 2023 3516 2077 consecrata,
3540 2014 3618 2069 vix
3640 2015 3801 2069 duodeu-

2313 2101 2395 2153 nls
2422 2116 2545 2154 cum
2582 2101 2789 2157 videret
2822 2118 2880 2158 se
2905 2102 2973 2157 ab
3010 2103 3380 2159 illustrissimo
3409 2103 3561 2159 simul
3584 2114 3630 2159 et
3653 2106 3804 2173 opulen-

2313 2191 2521 2246 tissimo
2544 2192 2745 2262 juvene
2797 2193 2862 2247 ad
2911 2194 3125 2265 nuptias
3167 2196 3374 2265 expeti,
3406 2194 3636 2265 conjugio
3677 2196 3803 2250 imoet

2310 2280 2508 2336 saeculo
2538 2282 3232 2353 renuntians,patriamque
3264 2284 3539 2347 deserens,
3568 2283 3804 2337 Lauduuum

2310 2370 2478 2437 venit,
2514 2381 2568 2425 et
2595 2387 2793 2443 magno
2822 2372 2949 2427 cleri
2975 2388 3039 2428 ac
3067 2373 3246 2444 populi
3273 2389 3535 2428 concursu
3560 2384 3806 2442 escepta,et

2310 2461 2376 2515 ad
2405 2463 2793 2517 monasterium
2832 2463 3059 2518 deducta
3110 2465 3474 2519 monasticum
3510 2464 3714 2518 habitum
3744 2466 3806 2518 sub

2311 2551 2560 2624 religiosa
2615 2562 2822 2609 sancta:
2866 2555 3055 2609 matris
3110 2555 3401 2625 disciplina
3454 2555 3684 2623 suscepit.
3718 2552 3806 2608 Octo

2309 2654 2432 2713 post
2461 2646 2638 2712 annis,
2670 2645 2924 2703 defuncta
2956 2657 3148 2713 tnatre,
3170 2648 3225 2701 in
3253 2648 3578 2703 abbatissam
3605 2647 3736 2701 electa
3755 2656 3809 2700 est

2312 2751 2453 2789 anno
2495 2738 2675 2793 aetatis
2700 2754 2809 2794 sua:
2853 2739 3134 2807 vigesimo,
3191 2749 3248 2793 et
3291 2748 3559 2794 annuente
3602 2738 3809 2795 Clodom

2310 2828 2549 2883 secundo
2600 2827 2934 2886 Francorum
2982 2845 3126 2900 rege,
3178 2829 3600 2885 acclamantibus
3643 2829 3810 2898 regionis

2312 2922 2628 2991 proceribus
2667 2922 2961 2988 universis,
3004 2937 3033 2975 a
3069 2920 3370 2991 Percgrino
3396 2920 3705 2976 Laudunensi
3733 2919 3807 2986 epi-

2315 3027 2478 3082 scopo
2532 3022 2654 3084 post
2701 3014 3028 3082 impertitam
3083 3014 3516 3069 benedictionem
3569 3013 3807 3066 instituitur.

2233 3084 2278 3145 Ο
2311 3101 2457 3161 Obiit
2500 3117 2645 3157 anno
2684 3102 2886 3157 Christi
2919 3103 3137 3158 circiter
3159 3103 3283 3167 707,
3324 3119 3436 3157 xvn
3465 3102 3707 3167 Octobris;
3738 3100 3809 3151 τίν·

2313 3195 2517 3249 tutibus
2560 3203 2615 3250 et
2648 3195 2931 3250 miraculis
2963 3195 3016 3249 in
3041 3196 3153 3249 vita
3198 3205 3253 3251 et
3284 3206 3415 3266 post
3446 3203 3652 3250 mortem
3676 3191 3808 3247 claris-

2311 3286 2466 3341 sima.
2501 3285 2579 3341 Ex
2608 3286 2713 3342 vita
2745 3284 2989 3354 ejusdem
3024 3301 3127 3340 ms.

2381 3376 2670 3430 Adalsinda
2715 3376 2974 3433 successit
3011 3376 3182 3431 beata:
3229 3377 3527 3441 Anstrndi;
3573 3378 3632 3431 de
3661 3390 3739 3445 qua
3773 3373 3810 3425 ﬁt

2310 3467 2513 3521 mentio
2544 3466 2595 3520 in
2626 3466 2815 3521 eadem
2841 3465 3208 3521 S.Anslrudis
3246 3466 3399 3522 Vita.

2378 3558 2596 3613 Adelis:
2633 3557 2785 3627 cujus
2816 3558 2997 3613 obitus
3025 3568 3248 3612 notatur
3289 3561 3347 3613 in
3381 3559 3673 3629 Necrologio
3697 3554 3809 3611 veteri

2308 3664 2410 3703 ms.
2439 3647 2625 3704 Sancti
2653 3649 2919 3705 Vincentii
2949 3649 3014 3703 ad
3042 3665 3094 3703 v1
3128 3648 3358 3705 Kalend.
3398 3651 3632 3720 Augusti.

2378 3742 2560 3799 Adelis
2591 3743 2828 3798 secunda
2878 3744 3189 3798 nominatur
3216 3744 3267 3798 in
3302 3745 3657 3799 vetustissimo
3683 3740 3809 3795 codice

2310 3834 2504 3890 litteris
2562 3834 2807 3891 Cothicis
2858 3844 3105 3901 exarata,
3158 3835 3247 3906 qui
3296 3835 3617 3891 Psalterium
3659 3832 3811 3886 Sanch

2311 3927 2613 3998 Salabergae
2652 3936 3010 3998 nuncupatur,
3064 3928 3115 3982 in
3172 3943 3298 3997 quo,
3363 3928 3649 3982 recentiore
3690 3934 3810 3975 tamet.

2310 4020 2647 4087 charactere,
2713 4020 3017 4092 catalogum
3095 4031 3543 4077 ornamentorum
3619 4016 3810 4073 ccclesia‘.

2310 4128 2491 4168 coram
2540 4113 2793 4182 prmdicta
2851 4112 3147 4179 abbatissa,
3172 4122 3294 4183 post
3338 4114 3547 4167 obitum
3580 4109 3812 4174 Walburgis

2312 4204 2664 4259 thesaurarim
2694 4205 3106 4269 recensitorum,
3144 4220 3371 4261 cernere
3400 4216 3501 4259 est.

2381 4294 2550 4367 Ogina
2592 4297 2777 4367 regina
2821 4311 2961 4351 uxor
2994 4296 3173 4351 Caroli
3222 4296 3306 4359 III,
3356 4303 3690 4368 cognomento
3714 4289 3811 4342 Siur

2236 4420 2288 4482 ι)
2313 4387 2486 4457 plicis.
2516 4388 2584 4443 Et
2610 4388 2727 4443 hmc
2748 4397 2867 4442 erat
2902 4387 3162 4456 sacrilega
3194 4389 3377 4443 saeculi
3411 4388 3565 4457 bnjus
3591 4390 3812 4438 consuetu-

2314 4482 2402 4545 do,
2427 4494 2547 4550 qum
2589 4481 2656 4534 ab
2680 4497 2824 4535 anno
2851 4478 2955 4535 815
2988 4479 3040 4533 in
3073 4479 3302 4534 Galliam
3334 4480 3651 4545 irrepserat:
3678 4482 3812 4535 nen'pe

2314 4587 2470 4641 reges
2528 4580 2685 4641 prout
2736 4571 3050 4634 collibebat,
3114 4570 3249 4624 aula:
3276 4572 3500 4625 asseclis
3537 4570 3631 4622 imo
3660 4574 3702 4617 et
3738 4558 3812 4614 Sili!

2313 4659 2579 4719 uxoribus
2614 4661 2958 4733 saepeszepius
3002 4659 3358 4716 conferebant
3394 4660 3702 4713 abbatiarum
3726 4664 3810 4719 ροεο

2317 4754 2609 4808 sessiones.
2646 4750 2873 4807 Videndi
2899 4749 3083 4821 Lupus
3127 4750 3519 4814 Ferrariensis,
3549 4747 3682 4817 epist.
3705 4740 3812 4795 εἰει

2315 4844 2415 4910 4‘2;
2448 4842 2676 4914 Ch0pin.
2708 4841 2803 4897 lib.
2837 4858 2917 4906 ιη,
2955 4856 3071 4912 cap.
3124 4840 3178 4907 8,
3210 4842 3287 4896 De
3334 4840 3582 4894 domanio
3616 4829 3810 4889 Francia

2320 4935 2436 4998 ubi,
2467 4933 2535 4988 de
2568 4932 2739 5003 Ogina
2787 4947 2958 4988 uxore
3015 4932 3192 4988 Caroli
3224 4931 3287 4987 Ill
3327 4942 3379 4987 et
3422 4930 3669 4996 Cerberga
3696 4929 3813 4974 ιιιοτε

2318 5027 2574 5083 Ludovici
2614 5027 2704 5092 IV,
2747 5028 2865 5082 lucc
2896 5027 3061 5081 habet
3091 5045 3104 5080 :
3148 5046 3167 5077 ι
3199 5026 3447 5098 Legimus
3479 5016 3688 5086 corrupti
3714 5011 3812 5067 illius

2321 5117 2506 5173 stcculi
2576 5118 2697 5173 labe
2772 5118 3014 5187 profanis
3060 5118 3257 5171 tradita
3321 5113 3631 5170 monasteria
3673 5100 3812 5161 Cervi”

2321 5207 2565 5278 SimpliCI
2594 5222 2743 5278 rege,
2773 5218 2833 5261 ut
2856 5207 2943 5261 vix
2977 5224 3212 5277 unquam
3243 5206 3424 5262 Caesar
3446 5200 3730 5259 Commodus
3755 5193 3812 5244 in.

2321 5299 2678 5364 commodius,
2703 5313 2865 5367 quam
2890 5298 3115 5366 simplex
3138 5298 3240 5352 iste
3265 5294 3555 5365 simplicius
3579 5281 3815 5355 reipuldicm

2321 5400 2521 5446 statum
2571 5389 2936 5445 labefactavit.
2987 5389 3086 5457 Qui
3137 5389 3313 5444 Caroli
3358 5388 3496 5442 lilius
3552 5368 3816 5439 Ludovicus?

2322 5485 2536 5539 Ademit
2572 5484 2661 5539 hic
2688 5481 2872 5551 Ogina:
2908 5481 3160 5551 Augustae
3197 5480 3496 5536 emnobium
3532 5471 3814 5530 Laudnncnse

2325 5577 2570 5645 Deiparae
2624 5573 2829 5644 Virgini
2875 5589 3113 5639 sacrum,
3144 5573 3287 5643 quod
3336 5569 3523 5625 Carolo
3552 5561 3719 5620 marito
3752 5554 3814 5606 ἀει

2327 5654 2529 5721 Iuncto
2576 5664 3041 5725 superinduxisset
3096 5664 3415 5719 Ilcrbcrtum
3469 5646 3812 5711 Viromanduml
