4032 6326
173 333 315 398 tm
1343 316 1550 377 suum
1587 315 1647 374 L.
1691 309 2029 369 D'Acuauv
2072 310 2290 372 NOTAE.
2584 298 2587 307 ³
3306 311 3440 373 n78

175 450 325 502 illius
356 419 704 513 parricidam.
735 434 933 493 Eodem
965 437 1159 492 deinde
1179 435 1429 490 ctenobio
1458 430 1761 487 Ludovicus

172 537 514 604 Gt-t-bergam
553 533 845 599 Augustam
880 528 1159 596 coniugem
1190 524 1431 581 donavit.
1457 541 1476 573 ι

253 625 453 679 Mansit
497 631 677 676 autem
708 618 878 689 Ogina
917 618 970 671 in
1017 616 1267 672 cmnobio
1308 609 1653 668 Laudunensi
1695 607 1762 662 ad

172 730 382 768 annum
422 711 548 768 951.

249 803 531 872 Gctberga
571 800 754 871 regina
800 813 938 852 uxor
980 795 1240 851 Ludovici
1280 792 1368 855 IV,
1409 796 1764 861 cognomento

177 893 584 956 Transmarini,
612 889 1021 951 monasterium,
1052 887 1263 950 eodem,
1294 900 1400 953 quo
1432 882 1614 951 regina
1636 879 1757 949 Ogi-

178 1002 277 1053 na,
313 984 480 1039 modo
506 983 805 1051 usurpavit.

251 1076 565 1132 Abbatissa:
591 1073 869 1144 cujusdam
899 1071 1083 1127 Sancti
1113 1067 1341 1127 Joannis
1369 1063 1763 1123 Laudunensis.

179 1182 483 1237 suppresso
509 1165 745 1227 nomine,
770 1163 1010 1218 meminit.
1053 1160 1359 1216 Alexander
1397 1171 1532 1226 papa
1564 1155 1628 1217 ll,
1655 1154 1768 1222 epi-

180 1259 309 1312 stol.
343 1258 434 1321 1‘2,
472 1258 556 1310 his
583 1255 763 1309 verbis
791 1272 804 1307 :
856 1273 874 1304 ‹
905 1252 1265 1308 Proclamatio
1294 1249 1471 1304 delata
1514 1259 1588 1299 est
1623 1246 1768 1314 quod

180 1351 460 1406 abbatissa
507 1346 881 1402 Laudunensis
924 1344 1240 1401 monasterii
1301 1341 1489 1397 Sancti
1543 1336 1770 1393 Joannis

182 1443 304 1494 sine
342 1438 607 1494 canonici
661 1435 956 1501 audientia,
995 1442 1052 1489 et
1092 1431 1299 1500 judicio
1344 1429 1578 1499 episcopi
1630 1428 1709 1481 sui
1739 1442 1770 1480 a

183 1531 454 1600 regimine
489 1544 589 1585 suo
631 1527 898 1598 ejiciatur,
945 1535 1051 1581 etc.
1107 1522 1499 1580 Admonuimus
1553 1518 1771 1574 confra-

185 1631 327 1677 trem
354 1632 600 1676 nostrum
637 1620 956 1675 Elinandum
993 1617 1305 1687 episcopum
1333 1613 1679 1667 Lauduncns.
1713 1618 1770 1662 ut

184 1714 328 1768 hanc
353 1728 579 1768 causam
604 1713 890 1782 diligenter
910 1710 1168 1765 discutiat
1193 1719 1357 1777 atque
1387 1703 1649 1759 canonice
1677 1702 1772 1756 de-

184 1804 363 1865 ﬁniat,
415 1804 490 1856 ita
533 1814 714 1857 tamen
762 1809 821 1855 ut
867 1800 1057 1856 eadem
1110 1798 1405 1861 abbatissa,
1454 1794 1768 1864 priusquam

184 1894 460 1949 discussio
507 1896 621 1959 ﬁat,
665 1894 934 1962 regimini,
974 1907 1092 1958 suo,
1145 1891 1286 1945 sicut
1345 1885 1487 1943 sacri
1536 1896 1772 1939 canones

185 1986 535 2058 praecipiunt,
568 1987 906 2050 restituatur,
941 2003 960 2037 ι
990 1994 1095 2038 etc.

260 2078 591 2132 Rainsendis
635 2077 909 2131 abbatissa
955 2084 1198 2143 tempore
1241 2067 1495 2124 Guadrici
1535 2065 1772 2137 episcopi

188 2170 593 2232 Laudnnensis,
636 2168 736 2222 hoc
758 2176 841 2222 est
878 2180 1021 2221 anno
1062 2163 1201 2219 111Ξ
1224 2163 1289 2217 de
1313 2176 1418 2230 qua
1457 2159 1772 2221 Guibertus,

189 2260 286 2313 lib.
322 2275 383 2313 ιιι
416 2260 493 2314 De
524 2260 641 2314 Vita
682 2274 799 2325 sua,
828 2273 948 2327 cap.
978 2256 1074 2310 H:
1112 2275 1132 2308 ι
1161 2253 1584 2310 Solertissimam
1620 2249 1776 2304 temi-

193 2369 391 2407 narum
428 2352 759 2407 abbatissam
798 2350 984 2405 Sancti
1022 2348 1270 2411 Joannis,
1316 2359 1513 2416 genere
1539 2341 1776 2397 clarissi-

192 2458 362 2507 mam,
406 2443 651 2499 ecclesia:
691 2442 1106 2512 provectricem,
1159 2438 1380 2494 nomine
1428 2433 1774 2499 Rainsendis,

191 2533 614 2589 Laudunensem
638 2533 944 2602 indigenam
970 2547 1101 2587 suus
1136 2545 1329 2586 servus
1348 2528 1575 2592 occidit;
1608 2525 1779 2595 quod-

193 2638 302 2693 que
325 2637 485 2693 passa
521 2632 625 2687 est,
657 2637 754 2692 pro
787 2621 1043 2676 Ecclesia:
1071 2620 1175 2675 ﬁde
1201 2615 1583 2673 consustinuit.
1614 2633 1633 2667 ι

267 2714 455 2769 Adelis
514 2730 655 2769 anno
712 2716 933 2768 circiter
978 2712 1137 2766 1115.
1192 2709 1365 2778 Hujus
1409 2703 1782 2765 commeminit

192 2808 604 2864 Cbartularium
658 2807 969 2862 monasterii
1016 2806 1199 2861 Sancti
1247 2802 1567 2859 Theoderici
1615 2814 1783 2871 prope

196 2897 419 2963 llemos,
480 2899 534 2953 in
593 2898 946 2952 concessione
985 2897 1237 2951 nimirum
1288 2894 1566 2964 cujusdam
1625 2901 1783 2946 terra:

197 3006 295 3045 suo
316 3000 368 3045 et
394 2990 619 3061 capituli
645 2991 859 3044 nomine
888 2988 1110 3059 praefato
1141 2990 1390 3042 emnohio
1430 2987 1592 3041 facta.

270 3084 499 3140 Adelais
547 3085 757 3154 regina,
786 3083 1041 3138 Ludovici
1076 3082 1144 3137 Vl
1187 3099 1358 3147 uxor,
1389 3098 1494 3136 non
1533 3081 1781 3150 equidem
1814 3094 1857 3152 ι)

199 3176 491 3229 abbatissae
522 3174 696 3237 titulo,
726 3175 819 3228 sed
849 3176 1051 3227 uxoria:
1070 3172 1348 3240 dotisjure
1376 3171 1643 3226 abbatiam
1667 3184 1787 3240 pos-

201 3268 361 3321 sedit.
415 3266 573 3332 Quod
631 3264 847 3318 nefandi
917 3264 1229 3319 commercii
1291 3278 1459 3333 genus
1510 3262 1614 3316 hac
1672 3262 1783 3330 ipsa

201 3360 361 3409 aetate
419 3355 474 3409 in
535 3369 684 3409 more
748 3354 979 3422 positum
1036 3364 1173 3417 erat,
1224 3361 1282 3406 nt
1328 3353 1506 3405 dotem
1556 3365 1785 3405 uxorum

206 3447 442 3517 regesin
499 3444 846 3499 monasteriis
887 3444 1237 3497 collocarent.
1270 3441 1421 3494 Patet
1465 3440 1515 3493 id
1566 3438 1785 3508 potissi-

206 3554 348 3592 mam
384 3552 451 3592 ex
515 3545 785 3591 conventu
833 3534 938 3595 illo,
977 3534 1043 3588 de
1073 3547 1181 3602 quo
1228 3532 1389 3597 intra,
1422 3530 1785 3586 Attrebatensi

204 3632 583 3687 celeberrimo.

277 3725 554 3779 Hactenus
597 3727 663 3776 de
710 3719 1086 3775 Laudunensis
1115 3716 1298 3772 Sancti
1349 3713 1788 3769 Joannismona-

206 3819 355 3873 sterii
384 3816 707 3873 abbatissis:
742 3814 937 3883 quippe
961 3811 1051 3866 iilo
1079 3812 1132 3865 in
1159 3809 1411 3864 incendio
1435 3808 1585 3862 urbis
1612 3806 1788 3876 (quod

207 3909 504 3964 Guiberlus
570 3906 690 3961 libr.
716 3922 775 3960 nt
820 3905 893 3959 De
926 3903 1043 3958 Vita
1085 3918 1202 3965 sua,
1240 3902 1502 3971 prolixius
1538 3897 1788 3971 exhibet)

208 4002 387 4055 tnnnia
419 3997 758 4067 antiquitatis
778 4005 1123 4050 monumenta
1149 3995 1380 4064 periere.

280 4090 707 4160 Haudquaquam
754 4095 931 4139 tamen
972 4094 1056 4141 est
1083 4085 1439 4140 omittendum
1480 4083 1623 4154 quod
1661 4097 1791 4138 con-

212 4177 443 4247 signavit
496 4184 685 4229 auctor
733 4188 1054 4244 anonymus,
1102 4174 1193 4228 sed
1242 4172 1542 4226 canonicos
1570 4171 1787 4225 Laudn-

217 4269 398 4323 musis
428 4268 480 4321 in
531 4265 803 4321 Chronico
819 4252 1068 4317 °nondum
1108 4279 1346 4317 excuso:
1386 4263 1557 4329 Anno,
1596 4262 1787 4330 inquit,

217 4358 425 4412 honuni
482 4354 642 4421 1095,
709 4353 1005 4406 Elinandus
1057 4353 1324 4423 episcopus
1379 4351 1788 4422 (Laudunens.)

217 4452 485 4504 ecclesiam
521 4447 703 4503 Sancti
729 4444 955 4499 Ioannis
986 4446 1039 4497 in
1086 4442 1288 4514 Burgo,
1331 4445 1594 4515 quondam
1627 4444 1789 4496 abba—
1823 4456 1872 4515 ι)

218 4543 340 4592 tiam
372 4539 698 4601 moniatium,
727 4536 795 4588 ad
843 4535 1000 4588 unius
1039 4534 1326 4588 sacerdotis
1375 4532 1799 4586 administratio-

221 4648 331 4682 nent
369 4631 660 4693 reductam,
692 4626 983 4693 prwbendis
1032 4624 1304 4679 duodecim
1354 4625 1643 4694 insignivit.
1672 4622 1799 4678 Hmc

222 4736 318 4774 nos
348 4721 597 4790 superius
627 4720 733 4773 col.
758 4717 917 4772 1151.
948 4717 1252 4772 retulimus.

224 4809 541 4865 Monialibns
570 4810 867 4864 amendatis
900 4826 926 4861 e
970 4810 1287 4862 monasterio
1320 4805 1503 4862 Sancti
1543 4805 1797 4871 Joannis,

698 4880 940 4934 monachi
966 4880 1338 4948 subrogantur.

291 4974 429 5040 Quid
460 4988 639 5029 causa:
667 4972 1123 5027 Bartholomzeum
1147 4947 1556 5026 Laudunensem
1592 4970 1800 5040 episco-

226 5082 348 5134 pum
404 5078 677 5137 quatenus
754 5081 965 5120 nonnas
1019 5064 1336 5134 expelleret,
1399 5066 1801 5136 monachosque

226 5156 514 5222 sulllceret,
542 5157 834 5220 induxerit,
864 5156 1263 5211 animadvertes
1292 5165 1403 5211 tam
1434 5171 1500 5211 ex
1534 5155 1799 5211 Herman-

225 5263 292 5301 no
337 5249 605 5303 monacho
650 5247 744 5302 lib.
774 5264 856 5313 ιιι,
885 5263 1005 5317 cap.
1043 5247 1114 5301 '22
1159 5257 1212 5302 et
1256 5247 1345 5311 25,
1382 5257 1507 5301 tunc
1529 5248 1694 5302 etiam
1732 5264 1799 5301 cx

222 5339 473 5407 subjectis
527 5340 732 5394 chartis
789 5339 1038 5393 tabularii
1092 5338 1278 5394 Sancti
1325 5338 1549 5394 Joannis
1588 5338 1801 5392 Laudn-

223 5430 419 5485 nensis.
480 5431 701 5486 Etenim
762 5432 815 5484 in
884 5431 1120 5486 comitiis
1171 5431 1463 5499 provincia:
1517 5430 1802 5485 Bernensis

225 5519 479 5575 Altrebati
526 5536 577 5573 vt
618 5520 738 5574 ldus
768 5520 912 5585 Maii,
943 5535 1085 5573 anno
1113 5521 1279 5586 “‘28,
1313 5521 1515 5575 habitis
1537 5560 1551 5583 ,
1582 5521 1650 5575 ab
1680 5521 1801 5574 uni-

231 5608 393 5662 versis
450 5608 800 5677 pnesulibns,
845 5624 968 5679 rege
1019 5610 1253 5675 volente,
1290 5610 1567 5666 decretum
1615 5619 1699 5664 est
1746 5619 1802 5662 ut

238 5698 475 5754 monachi
527 5701 831 5755 canohiutn
881 5701 1067 5754 Sancti
1122 5700 1366 5763 Jomnis,
1406 5701 1556 5770 prius
1614 5699 1801 5769 ejectis

1792 405 1833 460 A
1868 407 2222 471 mooialibus,
2272 411 2618 474 occuparent.
2660 401 2781 469 Quo
2839 407 3071 462 statuto,
3116 415 3146 456 a
3190 400 3440 463 Matthaeo

1863 497 2154 549 Albanensi
2219 494 2470 564 episcopo
2516 492 2802 558 cardinali,
2856 493 3001 548 sedis
3036 493 3345 562 apostolica:
3382 496 3436 549 in

1865 582 2035 638 Gallia
2060 583 2258 652 legato,
2295 591 2428 647 tum,
2462 582 2561 635 hoc
2585 590 2668 635 est
2702 582 2890 635 eodem
2918 597 3062 635 anno
3091 582 3145 634 in
3173 593 3441 638 conventu

1865 672 2118 727 “emensi
2150 686 2213 725 ac
2260 671 2419 741 paulo
2459 680 2637 740 posta
2677 685 2888 724 summo
2939 670 3193 725 Ecclesia:
3230 671 3444 725 hierar-

1866 764 1968 817 cha
2030 762 2347 816 Innocentio
2394 761 2436 816 ll
2482 761 2822 829 confirmato,
2878 778 3089 829 nonnae,
3143 780 3233 817 an.
3284 764 3441 830 1-128,

1774 876 1781 887 ι
1868 854 2008 924 apud
2040 851 2577 908 Grandelani—villam
2611 853 2733 907 vita:
2777 853 3049 908 residuum
3095 862 3450 911 transactum:

1870 946 2205 1015 ablegantnr.

2068 1034 2319 1089 Ludovici
2358 1031 2433 1087 VI
2466 1032 2794 1090 Francorum
2824 1038 2959 1107 regis
2986 1036 3240 1106 diploma.

1948 1129 2055 1184 «lu
2109 1126 2327 1181 nomine
2400 1137 2599 1181 sancta:
2658 1137 2707 1179 et
2777 1129 3066 1183 individuze
3136 1131 3444 1187 Trinitatis.

1872 1221 2066 1274 Amen.
2098 1218 2208 1288 Ego
2252 1215 2576 1281 Ludovicus,
2630 1216 2721 1271 Dei
2764 1217 3138 1272 misericordia
3179 1222 3231 1276 in
3263 1239 3445 1293 regem

1870 1314 2201 1368 Francorum
2242 1310 2585 1365 sublimatus.
2642 1308 2838 1363 Notum
2901 1308 3015 1364 ﬁeri
3069 1311 3193 1366 volo
3241 1317 3454 1370 cunctis

1873 1404 2138 1469 ﬁdelibus,
2186 1411 2292 1456 tam
2347 1400 2542 1457 {utin-is
2587 1417 2747 1473 quam
2803 1402 3151 1470 instantibus,
3215 1405 3357 1473 quod
3399 1408 3451 1458 in

1872 1505 2139 1551 conventu
2171 1508 2331 1564 quem
2379 1492 2551 1548 ﬁdelis
2606 1503 2793 1548 noster
2832 1491 3128 1549 Rainaldns
3182 1494 3456 1548 secundus

1871 1586 2199 1641 venerabilis
2223 1584 2517 1640 Remorum
2551 1586 3010 1655 archiepiscopus,
3040 1585 3304 1640 Attrehati
3333 1580 3475 1639 cum

1874 1678 2143 1733 universis
2175 1676 2531 1749 stttl’ragancis
2568 1677 2683 1732 suis
2732 1677 3022 1748 episcopis,
3062 1685 3118 1731 et
3168 1676 3460 1731 abbatibus

1875 1785 1922 1823 γι
1955 1769 2076 1823 ldus
2116 1767 2237 1821 \laii
2268 1767 2461 1831 tenuit,
2491 1767 2581 1822 ubi
2605 1775 2662 1822 et
2685 1782 2783 1821 nos
2811 1776 3107 1836 praesentes
3134 1766 3457 1831 aderamus;

1877 1863 1989 1930 ipse.
2059 1869 2115 1915 et
2174 1858 2606 1913 Bartholomzeus
2664 1858 3010 1913 venerandus
3083 1856 3463 1912 Laudunensis

1874 1954 2157 2023 cpiscopus
2196 1950 2473 2005 humiliter
2519 1964 2618 2005 nos
2666 1955 3056 2012 convenerunt,
3108 1963 3231 2001 cum
3292 1946 3459 2000 multa

1876 2057 2093 2111 precum
2174 2040 2431 2095 instantia
2504 2038 2841 2109 postulantes
2908 2047 2965 2091 ut
3046 2036 3463 2091 Laudunensem

1876 2134 2046 2186 ltealze
2085 2129 2286 2198 Mariaz,
2323 2139 2379 2185 et
2423 2129 2567 2184 beati
2593 2127 2818 2184 Joannis
2866 2127 3193 2190 Ecclesiam,
3224 2141 3343 2195 quae
3373 2140 3455 2177 re-

1876 2224 2013 2292 galis
2043 2222 2258 2276 abbatia
2292 2230 2396 2287 est,
2448 2221 2573 2289 quia
2626 2218 3084 2283 sanctimonialcs,
3136 2232 3256 2287 quae
3286 2215 3354 2270 ibi
3389 2215 3461 2269 ab

1877 2313 2100 2382 antiquo
2140 2311 2376 2377 fuerant,
2410 2311 2571 2365 nimis
2602 2310 2820 2382 indigne
2843 2319 2900 2365 et
2935 2310 3236 2364 enormiter
3274 2323 3331 2362 se
3363 2308 3461 2361 ha-

1876 2407 2097 2471 bebant,
2121 2405 2185 2458 ad
2214 2404 2492 2459 meliorem
2531 2402 2813 2474 religionis
2839 2410 3035 2457 statum
3072 2400 3217 2466 duci,
3264 2408 3320 2454 et
3345 2414 3465 2453 mo-

1880 2500 2087 2555 nachos
2122 2497 2321 2552 ibidem
2353 2496 2603 2551 substitui
2652 2493 3108 2558 concederemus;
3149 2507 3312 2561 quam
3344 2505 3468 2560 pro-

1879 2591 2023 2648 lecto
2052 2590 2368 2661 petitionem
2402 2574 2779 2643 rationabilem
2818 2594 2873 2640 et
2902 2584 3088 2640 utilem
3133 2596 3466 2651 cognoscen-

1884 2691 1983 2749 tes,
2014 2680 2273 2735 voluntati
2297 2694 2508 2745 eorum,
2539 2687 2593 2734 et
2618 2677 2845 2734 consilio
2874 2691 3152 2731 assensum
3186 2675 3466 2739 dedimus,

1881 2782 1935 2827 et
1970 2774 2020 2827 in
2079 2772 2331 2840 praedicta
2363 2769 2604 2824 Ecclesia
2633 2768 2884 2824 abbatem
2928 2774 2983 2820 et
3015 2766 3315 2820 monachos
3341 2763 3461 2817 sub-

1883 2864 2032 2918 stitui
2060 2873 2116 2918 et
2150 2861 2337 2917 haberi
2370 2862 2422 2915 in
2452 2868 2791 2930 perpetuum,
2821 2856 2972 2911 salvo
3015 2855 3085 2909 ibi
3133 2855 3186 2910 in
3221 2854 3471 2909 omnibus

1881 2955 2004 3023 jure
2032 2954 2204 3024 regio,
2234 2961 2289 3007 et
2323 2950 2596 3005 Adelaidis
2639 2948 2836 3018 reginae
2864 2945 3048 3000 uxoris
3083 2952 3280 2997 nostra:
3308 2942 3374 2996 do
3393 2952 3473 2994 ta-

1889 3045 2026 3109 litio,
2058 3045 2289 3113 benigne
2337 3042 2553 3112 quidem
2600 3038 2988 3102 concessimus,
3033 3036 3104 3089 ita
3155 3036 3199 3090 si
3232 3034 3449 3102 quidem

1890 3136 2031 3206 quod
2071 3133 2457 3201 subjectionem
2489 3132 2653 3195 illam,
2678 3144 2839 3199 quam
2868 3137 3078 3183 creteraa
3107 3126 3335 3181 abbatiae
3364 3139 3463 3178 no.

1890 3240 2046 3295 stne,
2077 3241 2196 3297 qua:
2225 3226 2277 3279 in
2328 3226 2639 3295 episcopatu
2689 3219 3031 3276 Laudunensi
3070 3206 3473 3284 sunt,'Laudn-

1892 3322 2042 3375 tnmsi
2078 3320 2332 3390 cpisc0po
2378 3316 2576 3371 debent
2600 3322 2653 3369 et
2691 3312 2972 3377 exhibent,
3005 3309 3221 3364 abbatia
3252 3308 3339 3360 illa
3389 3305 3473 3360 ei-

1892 3418 2010 3467 dem
2058 3413 2313 3481 episcopo
2366 3408 2483 3463 sine
2538 3406 2719 3475 aliquo
2769 3403 2910 3474 juris
2956 3401 3091 3471 regii
3147 3398 3477 3453 detrimento

1892 3506 2087 3559 debeat
2108 3513 2162 3557 et
2188 3502 2471 3565 exhibeat;
2517 3497 2662 3567 quod
2714 3511 2781 3550 ne
2806 3494 2982 3549 valeat
3020 3489 3288 3545 oblivione
3326 3487 3471 3542 dele-

1892 3598 1935 3651 ri
1966 3597 2166 3665 scripto
2209 3590 2726 3650 commendavimus,
2757 3595 2833 3652 et,
2865 3600 2932 3640 ne
2971 3581 3145 3653 possit
3174 3595 3203 3635 a
3236 3579 3473 3649 posteris

1893 3686 2179 3753 infirmari,
2219 3682 2378 3754 sigilli
2410 3680 2577 3735 nostri
2603 3677 2927 3733 auctoritate
2977 3681 3034 3728 et
3071 3669 3308 3726 nominis
3354 3667 3479 3721 chao

1894 3787 2105 3832 ractere
2139 3770 2687 3830 subterlirtnavimus.
2736 3766 2930 3821 Actum
2959 3760 3230 3816 Attrebati
3261 3757 3479 3829 publice

1894 3884 2036 3924 anno
2064 3865 2332 3923 lucarnati
2363 3862 2525 3917 Verbi
2561 3859 2721 3927 “28,
2764 3857 2909 3929 regni
2941 3854 3113 3910 nostri
3150 3868 3245 3920 xx,
3294 3860 3481 3905 astan-

1897 3964 2038 4017 tibus
2078 3963 2130 4015 in
2177 3958 2378 4030 palatio
2416 3964 2621 4021 nostro,
2648 3966 2877 4024 quorum
2918 3948 3136 4004 nomina
3180 3944 3479 4001 substituto

1894 4064 2093 4110 suntet
2118 4053 2295 4123 signa.

1971 4164 1989 4196 ι
2028 4143 2251 4215 Signum
2285 4138 2539 4194 Ludovici
2580 4134 2922 4191 Buticularii.
2962 4132 3021 4187 8.
3064 4130 3308 4200 Hngonis
3352 4143 3481 4182 coo—

1896 4234 2195 4290 Stabularii.
2238 4230 2297 4286 S.
2348 4228 2586 4285 Alberici
2655 4225 2965 4288 camerarii,
3016 4220 3259 4291 dapifcro
3310 4219 3478 4284 mtllo,

1897 4327 2023 4380 data
2066 4341 2161 4394 per
2191 4337 2409 4377 manutn
2457 4318 2696 4374 Simonis
2726 4314 3057 4371 cancellarii.
3097 4312 3322 4382 Signum
3353 4310 3480 4363 Rai-

1898 4416 2042 4470 naldi
2074 4413 2415 4470 Remensium
2456 4408 2872 4477 archiepiscopi.
2899 4407 2955 4459 S.
2983 4404 3188 4459 Josleni
3232 4401 3479 4457 Suessio-

1902 4510 2088 4564 nensis
2119 4506 2375 4578 episcopi.
2407 4504 2465 4559 S.
2516 4501 2893 4558 Bartholomwi
2945 4496 3321 4553 Laudunensis
3363 4495 3479 4565 epi-

1900 4603 2069 4671 seopi.
2099 4602 2156 4656 S.
2190 4599 2431 4654 Simonis
2471 4592 2847 4651 Noviomensis
2876 4600 2931 4647 et
2968 4589 3334 4646 Tornacensis
3368 4588 3481 4657 cpi-

1900 4694 2067 4761 scopi.
2102 4693 2159 4747 S.
2213 4688 2440 4744 Joannis
2488 4685 2811 4742 Morinensis
2862 4682 3122 4753 cpiscolti.
3182 4680 3241 4735 S.
3291 4681 3480 4734 Garini

1898 4782 2276 4839 Ambiauensis
2298 4780 2558 4850 episcopi.
2600 4778 2658 4832 S.
2700 4773 3345 4831 RobertiAttrebatensis
3372 4774 3485 4840 ep'-
3548 4806 3553 4813 ~

1901 4875 2069 4943 scopi.
2118 4874 2175 4927 8.
2223 4869 2582 4926 Clarcntbaldi
2640 4864 3066 4921 Silvanectensis
3110 4863 3369 4934 episcopi.
3422 4863 3480 4914 S.

1902 4966 2047 5021 Petri
2078 4962 2420 5018 Belvacensis
2444 4959 2701 5031 episcopi.
2738 4977 2757 5011 ι

1968 5078 2238 5130 Decretum
2276 5072 2517 5128 Matthwi
2551 5067 2860 5193 Aibane'nsis
2887 5066 3136 5137 episcopi,
3175 5075 3222 5120 et
3259 5063 3319 5120 S.
3345 5065 3411 5117 A.

2620 5153 2778 5193 eaau.

2620 5153 2778 5209 egatt.

1979 5260 1996 5291 ι
2034 5238 2348 5293 ΜΑττιιι-ευε
2376 5235 2470 5291 Dei
2513 5234 2685 5303 gratia
2720 5228 3043 5285 Albanensi:
3084 5228 3388 5297 cpiscopus,
3429 5233 3484 5278 ct

1902 5332 2209 5400 apostolica:
2262 5327 2406 5383 sedis
2452 5325 2680 5394 legatus,
2730 5318 3000 5374 universis
3044 5316 3312 5377 ﬁdelibus,
3335 5314 3480 5368 salu-

1907 5435 2032 5477 tetu.
2057 5422 2209 5488 Quod
2245 5421 2298 5474 in
2322 5426 2591 5473 conventu
2629 5410 3021 5479 Attrebatensi,
3056 5418 3245 5462 sancto
3276 5406 3480 5474 Spiritu

1903 5524 2252 5585 cooperante,
2293 5530 2322 5565 ιι
2353 5508 2752 5564 venerabilibus
2782 5503 3041 5558 fratribus
3069 5500 3347 5554 llainaudo
3374 5498 3480 5551 Re-

1907 5607 2074 5663 mensi
2142 5603 2593 5672 archiepiscopo,
2658 5594 3056 5653 Bartholomteo
3115 5589 3480 5650 Laudunensi,

1907 5698 2140 5755 Gosleno
2196 5691 2596 5759 Sucssionensi,
2656 5689 2974 5756 exterisque
3033 5684 3177 5738 illius
3232 5682 3482 5737 diwccsis
