4032 6336
656 294 793 351 1179
1607 297 1697 352 AD
1735 295 1883 352 OPP.
1930 297 2084 352 VEN.
2123 298 2448 353 GUIBERTI
2484 300 2569 355 DE
2611 300 2998 358 NOVIGENTO
3072 368 3087 381 θ
3717 321 3807 374 nm

655 410 941 479 episcopis,
979 420 1032 464 et
1069 410 1375 471 abbatibus,
1422 411 1645 478 aliisque
1676 413 1938 481 religiosis
1988 428 2235 482 personis
2264 420 2308 474 Α
2342 414 2587 482 plurimis
2617 427 2707 470 aut
2738 420 3053 487 periculosa:
3077 422 3388 479 olﬁ‘ttsionls
3421 466 3436 488 ,
3467 437 3549 481 aut
3574 432 3809 498 perdilimm

654 502 723 556 de
762 502 1072 573 expulsione
1113 503 1504 557 monialiumin
1535 504 1772 557 Ecclesia
1805 504 2017 558 Sancta:
2053 505 2233 559 Mar'a:

657 592 950 660 Sanctiqne
1008 590 1232 647 Joannis
1275 593 1646 648 Lautlnueusis
1688 594 1865 649 minus
1904 595 2127 649 honeste
2160 595 2234 648 vi-

657 684 921 746 ventium,
960 684 1109 738 etde
1165 682 1550 739 substitutione
1588 685 1801 739 abbatis
1850 694 1903 739 et
1940 687 2234 740 monacho-

655 791 795 835 rum,
831 774 1024 828 ibidem
1064 774 1179 847 Deo
1202 776 1450 847 religiose
1477 777 1848 842 servientium,
1882 778 2230 832 constitutum

655 877 760 929 est,
786 865 1060 919 Ludovico
1107 882 1230 932 rege
1269 867 1599 922 Francorum
1643 878 1906 938 prmsente
1940 877 2228 935 annuente,

652 965 709 1009 ct
734 972 831 1011 suo
852 966 1119 1026 pratcepto
1147 958 1428 1026 ﬁrmante;
1463 975 1559 1013 nos
1587 960 1638 1013 iu
1670 960 1917 1014 Rcmensi
1942 969 2228 1027 conventu,

654 1048 883 1101 consilio
904 1058 956 1102 et
983 1051 1240 1117 petitione
1264 1051 1650 1104 vcnerabilium
1680 1051 1903 1104 fratrum
1927 1052 2227 1120 Remensis,

662 1138 996 1193 Seuoueusis
1035 1140 1586 1209 archiepiscoporum,
1629 1141 2027 1204 Laudunensis,
2078 1142 2234 1197 Sues-

658 1229 956 1295 sioucusis,
1016 1228 1354 1295 Parisicnsis,
1415 1230 1724 1300 Mcldeusis,
1787 1230 2070 1286 Trecensis
2119 1233 2231 1301 epi-

654 1336 946 1389 Scoporum
984 1332 1143 1391 atque
1198 1324 1450 1375 abbatum
1491 1323 1867 1393 plurimorum,
1896 1324 2232 1395 aliarumque

658 1414 1038 1483 ri-ligiosarum
1064 1430 1436 1483 personarum,
1468 1416 1957 1485 comprobavimus,
1993 1424 2047 1469 ct
2086 1416 2230 1469 sedis

652 1504 961 1571 apostolicae
1014 1507 1336 1560 auctoritate
1373 1515 1423 1559 et
1464 1507 1760 1563 munimine
1812 1508 1863 1561 in
1914 1516 2229 1577 perpetuum

654 1597 1117 1653 conﬁrmavimus.
1145 1618 1162 1649 ι

847 1687 1144 1743 Innocentii
1170 1692 1385 1745 secundi
1409 1710 1558 1762 papm
1581 1692 1767 1747 littera:
1794 1693 2024 1747 bullam}.

726 1780 1127 1836 «innocentes
1188 1784 1472 1853 cpisc0pus
1530 1801 1718 1839 servus
1779 1800 2057 1840 servorum
2113 1784 2227 1845 Dci,

648 1871 845 1925 dilecto
876 1873 984 1925 ﬁlio
1012 1875 1243 1929 DROGONI
1279 1878 1458 1930 abbati
1504 1878 1815 1932 monasterii
1859 1878 2071 1933 Sanctae
2124 1878 2235 1931 Ma-

653 1962 748 2013 riae
779 1963 1074 2031 Sauctique
1127 1963 1348 2018 Joannis
1376 1965 1630 2035 Baptistae
1668 1967 1719 2020 iu
1765 1967 2107 2021 Lauduncnsi
2159 1967 2234 2019 ci-

651 2051 845 2115 vitate,
888 2052 1113 2122 cjusque
1179 2053 1455 2122 fratribus,
1517 2056 1747 2111 salutem
1780 2066 1837 2110 ct
1882 2057 2231 2126 apostolicam

650 2143 1100 2201 benedictionem.
1138 2147 1216 2199 Ad
1256 2148 1358 2202 hoc
1392 2149 1547 2203 nobis
1593 2163 1622 2201 a
1674 2149 1909 2203 Domino
1941 2148 2232 2217 pastoralis

648 2233 807 2288 oliicii
838 2252 967 2289 cura
997 2239 1285 2295 commissa
1334 2247 1437 2306 est,
1470 2259 1488 2291 ι
1524 2247 1633 2293 etc.
1674 2238 1804 2292 Vide
1832 2241 1886 2293 in
1925 2237 2230 2292 Innocentio

651 2324 713 2378 H
744 2326 813 2377 ad
836 2328 1113 2383 αη.114’5.

722 2406 882 2470 Anno
912 2419 1158 2487 proxime
1181 2420 1534 2489 subscquenti
1576 2419 1904 2475 venerabilis
1948 2418 2230 2473 Bartbolo-

652 2519 826 2558 mzetts
854 2503 1231 2561 Laudunensis
1270 2510 1572 2577 episcopus.
1617 2524 1777 2577 quam
1833 2524 1899 2562 ex
1934 2509 2228 2563 monacho-

650 2609 769 2646 rum
807 2595 1193 2664 subrogatione
1232 2597 1285 2649 in
1336 2597 1517 2651 Sancti
1546 2598 1769 2652 Joannis
1800 2599 2065 2653 asceterio
2094 2598 2229 2651 beti-

648 2684 780 2736 tiam
811 2687 1141 2753 conceperit,
1185 2703 1289 2741 non
1315 2690 1485 2754 potuit
1513 2688 1728 2755 scriptis
1759 2703 1863 2742 non
1888 2690 2224 2756 consignare.

650 2774 901 2828 Assertas
931 2784 1110 2827 autem
1141 2775 1251 2827 vult
1280 2776 1344 2829 iis
1375 2776 1504 2844 ipsis
1543 2777 1828 2831 cocuobitis
1856 2778 2225 2847 possessiones

646 2862 886 2931 ejusdem
928 2867 1238 2920 monasterii
1273 2868 1371 2921 bac
1401 2866 1595 2921 forma.

725 2972 743 3004 ‹
779 2954 832 3007 In
864 2956 1080 3010 nomine
1111 2967 1313 3012 sancta:
1338 2968 1392 3012 et
1428 2959 1715 3015 individum
1759 2960 2065 3026 Trinitatis,
2110 2961 2222 3030 Fgo

646 3043 1071 3101 Bartholomaeus
1108 3048 1201 3101 Dei
1249 3050 1435 3119 gratiae
1487 3060 1687 3105 sanctre
1721 3049 2093 3105 Laudauensis
2122 3050 2221 3105 Ec-

2339 521 2499 559 causa
2531 506 2743 561 fuerant
2775 549 2789 573 ,
2837 510 3119 578 religiosus
3170 514 3297 567 inibi
3338 521 3685 576 monachorum
3713 526 3809 583 Ordo

2339 595 2733 663 institueretur,
2758 599 2824 653 de
2854 599 2953 653 loci
3000 600 3143 655 illius
3181 605 3542 663 emendatione
3568 610 3725 667 divina:
3758 618 3811 669 iii-

2336 686 2620 755 spositioni
2666 691 3123 755 congratulantes,
3153 703 3354 761 quanto
3404 699 3649 766 potuimus
3688 704 3813 761 favore

2334 774 2650 830 benevolum
2698 793 2975 833 assensum
3036 783 3382 849 prmbnimus,
3431 793 3580 854 atque
3612 790 3815 859 religioso.

2338 879 2456 918 rum
2490 866 2731 921 vivorum
2785 869 3175 925 interventibns
3222 873 3441 944 aliquod
3474 886 3525 930 et
3550 879 3597 931 in
3633 882 3719 935 vita
3746 885 3811 939 im.

2334 956 2654 1025 perfectioui
2713 970 2912 1015 nostra:
2980 964 3341 1031 patrocinium
3384 981 3674 1037 comparare
3717 990 3815 1044 qua.

2333 1054 2531 1111 rentes,
2580 1057 2633 1103 et
2679 1058 2799 1118 post
2844 1060 3092 1115 mortem,
3132 1068 3449 1123 perpetuam
3488 1058 3657 1115 anima:
3682 1076 3815 1119 nostra

2333 1136 2645 1191 memoriam
2676 1138 2748 1192 ibi
2795 1139 3012 1195 ﬁrmare
3038 1145 3341 1212 cupientes,
3371 1161 3491 1215 qua:
3520 1162 3547 1200 a
3593 1152 3721 1206 nobis
3756 1170 3815 1223 pe-

2335 1226 2535 1281 tierunt
2562 1239 2840 1299 gratanter
2863 1234 3168 1299 annuimus;
3194 1243 3247 1288 et
3271 1250 3394 1304 quae
3430 1251 3495 1291 ex
3518 1239 3706 1310 antiquo
3723 1257 3815 1311 pra:-

2334 1318 2677 1375 decessorum
2708 1332 3013 1377 nostrorum
3045 1326 3185 1380 dono
3228 1328 3379 1382 locns
3411 1328 3495 1384 ille
3529 1335 3812 1388 vetustissima

2328 1408 2437 1477 jam
2461 1411 2585 1465 olim
2630 1415 2977 1481 possessione
3002 1425 3269 1482 tenuerat,
3299 1427 3482 1474 nostra
3503 1435 3690 1493 quoque
3708 1442 3814 1479 manu

2333 1499 2412 1553 eis
2444 1500 2803 1567 ﬁrmavimus,
2842 1520 2908 1558 ne
2949 1506 3070 1574 quis
3118 1506 3281 1572 forte,
3305 1508 3434 1578 quia
3458 1509 3564 1564 haec
3603 1512 3649 1565 in
3691 1529 3817 1568 mona-

2334 1591 2500 1644 sterio
2530 1591 2618 1646 illo
2657 1594 2861 1648 ordinis
2886 1596 3110 1651 mutatio
3155 1597 3296 1652 facta
3348 1607 3452 1665 est,
3480 1602 3816 1670 possessionibus

2336 1695 2523 1734 eorum
2550 1681 2746 1751 aliquid
2774 1684 3058 1739 calumnia:
3082 1686 3287 1741 inferre
3318 1689 3583 1744 moliatur.
3613 1690 3733 1746 Hanc
3751 1709 3815 1745 an-

2265 1749 2307 1808 Β
2340 1782 2444 1824 tem
2475 1783 2671 1826 nostra:
2694 1775 2986 1830 sanctiouis
3016 1776 3333 1831 schedulam
3382 1780 3585 1833 testium
3611 1782 3769 1836 subseri
3797 1812 3815 1823 -

2340 1864 2543 1931 ptione,
2569 1874 2622 1919 et
2658 1866 2814 1937 sigilli
2852 1870 3019 1922 nostri
3048 1870 3407 1932 impressione
3438 1874 3656 1927 roborari
3685 1890 3816 1943 pracs-

2332 1954 2531 2023 pimus,
2555 1966 2630 2023 et,
2661 1974 2728 2011 ne
2755 1959 2875 2027 quis
2900 1975 3020 2015 eam
3046 1961 3098 2015 in
3124 1974 3407 2032 posterum
3438 1964 3733 2034 aliquatenus
3765 1966 3813 2019 in-

2335 2042 2573 2109 ﬁrmare,
2609 2046 2694 2100 vel
2730 2047 2964 2117 aliquam
3010 2051 3059 2106 ei
3106 2052 3441 2107 calumniam
3467 2053 3648 2109 inferre
3678 2071 3813 2125 prrsu-

2334 2144 2466 2197 mat,
2497 2138 2595 2191 sub
2619 2139 2961 2196 anathemate
2991 2142 3399 2198 interdiximus.

2404 2221 2460 2276 S.
2488 2222 2861 2283 Bartbolzemei
2893 2231 3140 2301 episcopi
3175 2233 3268 2302 qui
3296 2233 3401 2288 hoc
3426 2233 3722 2305 privilegium
3744 2236 3813 2289 fieri

2324 2310 2500 2380 jussit.
2534 2314 2590 2369 S.
2627 2316 2872 2373 Widonis
2892 2320 3103 2376 decani.
3142 2321 3199 2376 S.
3231 2321 3466 2392 Letoudi
3511 2325 3810 2378 archidiaconi.

2332 2402 2388 2456 S.
2408 2402 2640 2459 Blihardi
2655 2409 2909 2463 cantoris.
2937 2410 2995 2464 S.
3017 2411 3235 2466 lluberti
3258 2412 3572 2468 sacerdotis.
3588 2413 3809 2468 S.Alberici

2331 2497 2649 2552 sacerdotis.
2686 2497 2742 2552 S.
2773 2498 3076 2557 Benedictis
3114 2505 3439 2558 sacerdotis.
3469 2503 3526 2559 S.
3553 2504 3730 2559 Roberti
3760 2519 3812 2557 sa-

2330 2584 2587 2639 cerdotis.
2615 2586 2653 2641 S
2689 2587 2910 2645 Joannis
2937 2591 3167 2645 diaconi.
3196 2591 3255 2647 S.
3276 2593 3423 2647 Petri
3454 2594 3663 2649 diaconi.
3694 2594 3733 2646 S.
3757 2592 3811 2646 Jo-

2327 2676 2511 2730 sl'elini
2544 2677 2777 2734 diaconi.
2824 2680 2880 2734 S.
2913 2680 3106 2751 Rogeri
3140 2684 3379 2737 diaconi.
3405 2682 3462 2736 S.
3498 2683 3811 2751 Arnulphisulr

2328 2767 2560 2821 diaconi.
2604 2767 2662 2822 S.
2713 2768 2926 2825 Milonis
2949 2772 3285 2827 subdiaconi.
3314 2773 3373 2827 S.
3402 2772 3546 2827 Elzali
3568 2773 3805 2828 subdiaconi.

2327 2857 2383 2913 S.
2423 2858 2637 2913 Boberti
2665 2861 2998 2916 subdiaconi.

2399 2969 2417 3001 ι
2446 2950 2638 3004 Actum
2666 2949 2907 3005 Laudun.
2937 2967 3077 3006 anno
3106 2951 3405 3009 Dominica}
3431 2952 3671 3008 lncarnat.
3701 2949 3802 3012 “9.9,

2326 3040 2512 3094 iudict.
2544 3055 2661 3105 vni,
2694 3051 2883 3109 epacta
2928 3058 3001 3106 Ix,
3035 3058 3190 3097 conc.
3236 3060 3277 3098 1.
3322 3060 3467 3100 anno
3503 3042 3636 3115 regni
3673 3040 3801 3095 domini

648 3135 825 3189 clesia:
864 3138 1110 3193 minister
1139 3140 1404 3212 indignus.
1436 3140 1571 3208 Quia
1625 3140 1885 3212 largiente
1918 3141 2143 3195 Domino
2173 3143 2221 3195 in

2265 3108 2294 3164 Β
2328 3130 2579 3185 Ludovici
2617 3108 2741 3195 XXI,
2767 3131 2969 3201 ﬁliique
2993 3132 3109 3201 ejus
3137 3134 3374 3205 Philippi
3403 3150 3541 3190 anno
3559 3108 3595 3200 ῖ,
3615 3133 3806 3203 episcopa-

646 3226 804 3280 ovilis
834 3228 1098 3283 Dominici
1128 3246 1281 3295 cura,
1321 3231 1446 3286 licet
1477 3231 1700 3301 indigni,
1731 3232 2059 3293 laboremus,
2094 3236 2220 3284 dum

654 3331 721 3371 ex
754 3315 974 3385 injuncti
998 3320 1150 3374 nobis
1171 3320 1328 3375 ofﬁcii
1360 3321 1643 3376 occasione
1671 3320 1735 3372 ad
1770 3320 2105 3374 szecularium
2137 3321 2224 3372 bo-

647 3410 851 3465 miuum
879 3414 1094 3482 negotia
1143 3412 1433 3483 rapiantur,
1479 3414 1521 3467 si
1566 3412 1729 3481 pedes
1781 3420 1996 3466 nostros
2023 3410 2220 3464 terreni

590 3492 595 3497 ’
651 3510 812 3556 actus
841 3503 1059 3572 pulvere
1085 3513 1336 3568 attactos,
1375 3512 1426 3557 et
1459 3505 1510 3557 in
1544 3503 1721 3558 smculi
1756 3503 1961 3557 lubrico
1986 3503 2221 3556 tituban-

650 3601 729 3647 tes
760 3594 826 3648 ad
854 3594 1071 3665 plenum
1098 3595 1314 3650 ﬁrmare
1343 3606 1395 3651 et
1424 3596 1718 3649 emundare
1746 3595 1985 3649 mimime
2012 3609 2223 3663 praeva-

648 3682 822 3738 lentus
854 3724 869 3749 ,
900 3686 1110 3740 devota:
1140 3686 1419 3740 cbaritatis
1451 3686 1935 3754 obsequiiseorum
1965 3682 2221 3752 suffragia

646 3775 943 3839 promereri
979 3784 1307 3846 satagamus,
1350 3777 1440 3845 qui
1477 3777 1528 3829 in
1584 3777 1741 3830 beata
1790 3789 2001 3844 sponsa:
2052 3774 2224 3843 ipsius

644 3873 792 3917 sorte
833 3875 1157 3931 censentur,
1207 3867 1297 3937 qui
1345 3868 1467 3921 lotis
1499 3868 1723 3938 pedibus
1757 3875 1813 3920 et
1844 3867 2025 3921 tunica
2054 3881 2223 3935 expo-

646 3954 792 4015 liata,
828 3955 880 4008 iu
910 3956 1105 4011 lectulo
1131 3958 1329 4026 quietis
1380 3960 1604 4012 interna:
1627 3974 1751 4011 cum
1780 3972 1980 4028 sponso
2013 3957 2220 4011 cwlesti

646 4041 898 4099 ineffabili
957 4046 1293 4116 jucunditate
1358 4047 1729 4118 perfruuntur.
1803 4047 2018 4114 Quanto
2078 4048 2221 4101 enim

645 4138 849 4207 majore
890 4138 1183 4194 labantium
1216 4157 1390 4195 rerum
1422 4150 1732 4210 contemptu
1763 4157 1950 4197 curam
1980 4144 2222 4213 corporis

642 4229 1045 4307 alijecerttitt,et
1075 4233 1351 4301 deplorata
1377 4233 1730 4303 pristinarum
1754 4233 2074 4288 enormitate
2105 4234 2221 4288 cul—

643 4334 854 4387 parum.
889 4323 1319 4393 compressisque
1365 4325 1728 4395 ingruentium
1782 4325 2098 4379 tumultibus
2129 4341 2221 4379 co-

644 4412 1001 4478 gitationum,
1040 4415 1281 4470 defecala
1326 4425 1382 4471 et
1430 4433 1563 4487 pura
1601 4418 1933 4474 conscientia
1985 4421 2050 4474 ad
2098 4421 2213 4475 sola
2249 4440 2294 4498 ι)

654 4516 884 4571 snpcrna
909 4519 967 4558 se
991 4508 1286 4575 surrigunt,
1318 4523 1383 4561 eo
1407 4511 1612 4579 gratius
1642 4512 1692 4565 iu
1733 4512 1811 4565 eis
1863 4512 2057 4565 divinae
2094 4528 2212 4566 ma-

635 4588 819 4657 jestati
867 4594 1111 4649 evbibcri
1156 4599 1427 4654 credimus
1464 4600 1803 4671 obsequium,
1850 4602 1892 4655 si
1924 4603 1991 4655 ab
2036 4603 2100 4655 iis
2122 4602 2212 4670 qui

642 4698 767 4735 cum
820 4685 885 4739 ad
930 4686 1180 4742 Raclielis
1220 4690 1577 4747 desiderabile
1622 4693 1953 4748 consortium
1986 4693 2212 4747 necdum

642 4777 951 4847 pertingere
994 4790 1237 4849 possunt,
1276 4783 1597 4839 laboriosam
1638 4801 1759 4839 cum
1787 4785 1881 4838 Lia
1912 4785 2214 4838 tolerantur

639 4867 953 4921 servitutem
995 4870 1060 4922 ad
1100 4885 1252 4924 usum
1294 4873 1412 4926 vita:
1470 4874 1665 4937 labilis,
1710 4890 1895 4929 eorum
1943 4874 2213 4943 profectus

638 4970 904 5030 augeatur
927 5002 941 5025 ,
978 4965 1268 5032 quominus
1314 4968 1512 5020 terreni
1548 4969 1799 5037 stipendii
1838 4970 2049 5023 defectu
2098 4980 2209 5022 ten-

638 5050 737 5104 tati
790 5058 993 5105 sanctae
1041 5054 1508 5125 contemplationis
1585 5058 1753 5111 otium
1815 5058 2211 5127 interrumpere

636 5140 1049 5210 compellantur.

715 5249 734 5281 ι
769 5220 963 5287 Netum
1016 5234 1178 5305 igitur
1227 5251 1344 5291 esse
1390 5236 1656 5299 volumus,
1700 5246 1806 5292 tam
1856 5240 2212 5307 praesentibus

643 5336 804 5388 quam
836 5321 1052 5387 futuris,
1081 5325 1202 5394 quia
1228 5341 1349 5381 cum
1380 5327 1574 5381 divinae
1611 5328 1996 5383 misericordia:
2032 5344 2211 5398 respe-

637 5421 758 5465 ctus
805 5412 1208 5471 Laudunensem
1259 5417 1529 5470 abbatiam
1580 5416 1639 5470 B.
1685 5417 1866 5473 Mariae
1918 5418 2211 5487 Sanctique

637 5502 860 5559 Joannis
895 5506 1149 5579 Baptista:
1211 5509 1500 5573 visitasset,
1540 5509 1612 5563 ita
1671 5517 1730 5563 ut
1760 5509 2040 5563 eliminato
2072 5509 2207 5561 irre-

638 5596 947 5666 iigiosarum
1027 5600 1346 5655 feminarum
1442 5614 1603 5671 grege
1645 5642 1659 5665 ,
1744 5615 1863 5669 qua:
1915 5599 2038 5654 vitm
2099 5614 2210 5654 sum

637 5689 990 5751 iucorrigibili
1024 5693 1367 5753 enormitate.
1398 5703 1452 5748 ct
1494 5694 1668 5749 locum
1707 5692 2127 5753 infamaverant.
2155 5700 2208 5746 et

2332 3232 2413 3275 tus
2442 3232 2619 3276 autem
2642 3222 2846 3275 domini
2874 3222 3248 3279 Bartbolomari
3286 3241 3434 3280 anno
3459 3241 3581 3278 xvn.

2403 3331 2421 3361 α
2465 3312 2574 3384 Ego
2622 3312 2934 3384 Radulpbus
2973 3314 3187 3369 Sancta:
3229 3316 3419 3371 Mariae
3452 3313 3806 3372 cancellariusn-

2328 3403 2446 3471 logi.
2486 3421 2504 3453 ι

2328 3536 2580 3591 Abbamm
2628 3540 2930 3593 monasterii
3019 3538 3197 3593 Sancti
3253 3539 3479 3596 Joannis
3536 3535 3804 3595 Laudem

2823 3607 2998 3662 tabula
3045 3612 3433 3681 cltronologica.

2395 3742 2435 3796 1.
2457 3741 2627 3812 Drogo
2649 3757 2712 3797 ex
2735 3743 2915 3811 priore
2936 3744 3167 3797 cmnobii
3191 3742 3382 3798 Sancti
3407 3743 3592 3798 Nicasii
3610 3736 3802 3796 Remcasis

2326 3838 2530 3906 primus
2552 3838 2717 3892 abbas
2747 3839 2919 3892 sancti
2944 3837 3169 3891 Joannis
3195 3856 3222 3890 a
3250 3838 3633 3892 Bartbolomteo
3655 3830 3800 3887 Lauda-

2328 3927 2476 3979 uensi
2508 3926 2735 3994 pratsuie
2780 3928 3151 3989 constituitur,
3196 3944 3343 3982 anno
3388 3921 3730 3983 Dominiilis,
3766 3915 3801 3969 17

2325 4016 2549 4070 Kalend.
2607 4015 2773 4070 Junii.
2846 4016 3009 4070 Rexit
3057 4016 3333 4070 abbatiam
3381 4030 3543 4085 usque
3577 4013 3634 4066 ad
3667 4020 3800 4063 annum

2325 4110 2485 4172 H56,
2517 4124 2622 4178 quo
2670 4109 2894 4163 Romam
2926 4110 2993 4163 ab
3038 4109 3353 4162 Innocentio
3392 4108 3431 4163 ll
3466 4121 3651 4162 summo
3692 4097 3803 4169 potili-

2323 4202 2423 4255 tice
2447 4210 2722 4265 evocatus,
2750 4202 3035 4271 episcopus
3057 4200 3356 4255 cardinalis
3383 4197 3633 4254 Ostiensis
3655 4198 3801 4246 creatus

2322 4302 2422 4346 est.
2450 4290 2617 4345 Porro
2644 4306 2765 4346 esse
2794 4291 3146 4344 balluciuatos
3175 4290 3489 4343 Ciaconium
3520 4288 3604 4341 lib.
3630 4284 3688 4337 De
3710 4275 3796 4329 Vilis

2322 4381 2633 4452 pontiﬁcum
2685 4380 3157 4436 etFerdiuaudum
3198 4378 3479 4449 Ugbellum
3525 4378 3571 4431 in
3600 4370 3718 4427 italia
3737 4364 3799 4417 Sa-

2321 4490 2439 4540 cra,
2485 4475 2721 4543 priorem
2765 4488 2906 4527 anno
2944 4481 3208 4541 reparata:
3241 4471 3451 4524 Salutis
3494 4467 3627 4521 1153.
3658 4463 3795 4527 Drogo-

2319 4581 2439 4619 nem
2470 4580 2532 4619 ea
2563 4565 2823 4635 dignitate
2852 4565 3106 4619 donatum
3142 4564 3347 4625 Bomm;
3375 4560 3688 4632 posteriorem

2321 4657 2474 4720 1134,
2518 4665 2871 4712 asserentetn.
2904 4654 3130 4708 Planum
3175 4652 3375 4723 quippe
3426 4652 3482 4705 ﬁt
3511 4664 3566 4703 ex
3610 4640 3795 4698 tabulario

2318 4748 2496 4802 Sancti
2524 4747 2744 4801 Joannis
2768 4747 3067 4815 Drogonem
3098 4745 3306 4799 abbatis
3361 4742 3508 4796 titulo
3534 4735 3693 4792 litteris
3713 4726 3792 4781 sub-

2316 4840 2594 4909 Scripsisse
2617 4856 2706 4893 an.
2746 4838 2897 4893 1156.

2385 4952 2544 5005 Gesta
2574 4926 2836 5018 Drogonis
2848 4949 3112 5017 percurrit
3131 4946 3465 5000 llcrmannus
3480 4942 3560 4997 ubi
3578 4950 3702 5006 supra
3713 4942 3788 5018 αἱρῇ

2313 5043 2399 5096 22.
2427 5044 2630 5097 Auctor
2678 5016 2921 5111 Append.
2947 5041 3103 5094 edita:
3140 5041 3204 5090 ad
3244 5016 3788 5116 Sigibertumannollis

2317 5147 2369 5191 et
2402 5137 2558 5192 1158.
2615 5154 2634 5187 ‹
2699 5135 2844 5191 Obiit
2884 5136 3057 5203 lirogo
3101 5132 3254 5186 bona:
3311 5127 3570 5184 nietnoriaa
3603 5119 3785 5175 Ostiensis

2315 5230 2598 5298 episcopus
2629 5229 2713 5282 vir
2745 5226 3000 5294 religione
3048 5240 3110 5277 ac
3138 5223 3400 5290 sapientia
3423 5218 3601 5273 clarus.
3633 5230 3657 5260 ν
3750 5288 3758 5299 ο

2386 5319 2616 5389 Scripsit
2645 5334 2947 5374 sermonem
2979 5318 3044 5371 de
3068 5315 3326 5370 Passione
3353 5307 3571 5372 Domini;
3598 5303 3730 5356 exstat
3750 5302 3785 5342 In

2312 5415 2641 5471 Bibliotheca
2672 5412 2909 5467 Patrum.

2385 5506 2682 5576 Soliloquia
2724 5518 2937 5574 quoque
2964 5501 3199 5556 edidisse
3228 5504 3440 5553 notatur
3461 5493 3510 5548 in
3535 5479 3785 5544 Bibliotlica

2312 5596 2522 5652 Be‘tzica
2557 5610 2657 5649 ms.

2380 5614 2400 5648 l'
2445 5614 2522 5651 I03
2557 5614 2657 5649 IIIS.

2380 5614 2443 5742 lig.
2477 5685 2767 5741 Balduinus
2795 5700 2858 5739 ex
2889 5680 3173 5747 urmposito
3206 5678 3367 5735 abbas
3393 5672 3604 5742 eligitur,
3629 5662 3679 5718 de
3708 5667 3783 5722 ίῐυο
