4032 6326
177 376 297 433 1181

180 493 509 547 Ilcrmannns
540 481 661 528 loco
686 471 852 523 citato
871 506 884 525 ,
926 476 1024 529 cap
1051 460 1087 513 9.

179 580 481 643 obsignasse
508 557 1004 622 indicantantiqnm
1031 548 1377 603 metum-anas.

1326 338 1536 396 DOMNI
1561 338 1621 392 L.
1653 331 1990 390 D'ACIIERY
2020 328 2239 389 ΝΟΉΕ.

1089 460 1143 513 3.
1173 456 1382 510 litteras
1406 467 1550 504 anno
1580 448 1738 509 1H7,
1773 455 1814 509 Α
1844 444 2087 511 etargitis
2134 439 2455 509 quibusdam
2504 431 2761 487 reditibus
2783 469 2800 494 ,
2838 424 3116 482 excitavit.
3151 421 3416 477 Fumlavtt

1840 543 1896 585 ct
1926 531 2054 584 inibi
2085 525 2513 581 anniversarium
2546 522 2628 576 sui
2690 520 2872 573 obitus
2904 518 3068 571 diem.
3099 512 3420 567 Deuascitnr

3279 314 3414 369 1189.

247 602 285 635 51
322 602 481 629 "nam:
510 602 1001 622 usu-vn...,....--.‘..-,,
1056 602 1059 603 ,

247 602 325 724 II:
377 664 620 731 Rogems
649 663 804 709 antea
845 645 1030 702 Sancti
1062 637 1296 695 Mcdardi
1328 627 1739 689 Sucssionensis
1846 623 2059 675 Vieame
2080 618 2365 674 Ciaconius
2386 612 2832 673 Avenionel5l1,
2861 621 3042 663 mense
3064 603 3338 659 Decembri
3364 602 3419 655 in

1852 728 1865 731 ⁴
1896 730 1899 731 ⁷
1942 712 1952 731 ¹
2111 708 2291 731 nm“:
2330 705 2540 731 ’κη-μητί-
2583 715 2886 731 -ιηη-η-η-σηη
2918 695 3126 731 ...ωηιη
3158 693 3395 731 unum“,

180 765 320 834 prior
349 753 503 810 1155.

248 850 328 906 IV.
353 846 534 901 Bruno
558 839 625 893 ad
650 846 845 890 annum
876 825 1031 881 1160.

249 903 312 993 V.
337 933 686 1002 lngelrannus
707 940 774 981 ex
795 921 991 976 abbate
1017 917 1073 969 Β.
1102 912 1282 969 Mariae
1321 909 1387 964 de
1430 903 1740 972 Novigento.

248 1025 493 1082 1104161.

222 1034 493 1087 Ilio-1161.

182 1038 202 1091 1
248 1124 331 1176 Vl.
367 1118 555 1174 Simon
588 1112 677 1167 vix
708 1121 853 1163 anno
874 1101 1091 1160 evoluto
1121 1094 1336 1152 cessite
1357 1089 1485 1144 vita.

244 1215 351 1270 VII.
385 1205 715 1274 Radulphus,
767 1190 1081 1252 1164—1165.

251 1304 377 1359 VIII.
411 1298 758 1370 lngelrannus
781 1290 844 1350 ll,
877 1301 969 1340 an.
1001 1274 1305 1370 1165-1182

363 1357 658 1448 Balduinus
686 1385 728 1441 ll
766 1383 998 1454 primum
1030 1372 1216 1430 Sancti
1258 1361 1504 1434 Sepulcri
1552 1357 1744 1454 Carue-

179 1488 440 1551 racensis,
472 1492 592 1555 post
612 1449 797 1535 Sancti
824 1469 1050 1527 Joannis
1079 1462 1321 1519 Laudun.
1348 1471 1491 1510 anno
1524 1449 1657 1505 1180
1700 1453 1754 1498 et

469 1539 685 1633 Iaudem
740 1568 905 1622 abbas
953 1562 1011 1615 Β.
1048 1557 1228 1612 Maria:
1276 1546 1514 1622 Signiaci
1549 1539 1756 1598 ordinis

176 1670 546 1734 Cistertiensis
572 1667 623 1720 in
655 1657 874 1718 diceeesi
906 1649 1181 1709 Remensi.

245 1767 314 1822 X.
346 1762 622 1822 Nicolaus,
656 1746 980 1809 1188-1186.

248 1855 337 1910 XI.
367 1851 575 1907 Ebalus
617 1844 768 1916 prius
808 1835 993 1896 Sancti
1033 1826 1321 1889 Theodorii
1367 1828 1569 1885 asceta,

179 1950 334 2006 1201.

402 2034 563 2104 [Iugo
591 2025 889 2086 monachus
911 2020 972 2075 8.
1009 2012 1236 2084 Remigii
1261 2002 1544 2063 Bernensis
1571 2002 1624 2056 in
1653 1998 1758 2053 Pa-

178 2141 312 2184 trcm
343 2141 411 2179 en
427 2139 475 2176 111
498 2099 784 2176 assumunt
815 2114 875 2169 S.
898 2106 1126 2166 Joannis
1148 2099 1453 2158 cmnohitte.

250 2216 384 2271 XIII.
424 2215 673 2267 Rencrns
702 2223 769 2262 ex
797 2199 1084 2275 prwposito
1136 2190 1322 2249 Sancti
1375 2182 1599 2243 Joannis
1633 2193 1768 2249 prai-

183 2308 364 2362 ﬁcitur
401 2297 721 2357 1210-1214.

456 2392 727 2447 Robcrtus
774 2379 1094 2466 praepositus
1142 2380 1302 2429 antea
1353 2366 1412 2423 S.
1443 2357 1767 2419 Theudorici

183 2502 351 2562 prope
370 2487 591 2546 Remos,
616 2476 752 2533 1215
774 2472 962 2529 4255.

414 2540 611 2630 Petrus
661 2568 819 2623 1240.
854 2563 967 2617 Hoc
1002 2558 1196 2613 abbate
1233 2565 1375 2607 anno
1414 2546 1551 2601 1247
1588 2543 1642 2597 in
1685 2540 1768 2594 vi-

187 2669 317 2738 gilia
353 2662 543 2720 Sancti
575 2657 798 2714 Joannis
831 2651 1087 2721 Baptista:
1126 2642 1447 2699 translatum
1470 2643 1552 2690 est
1577 2643 1775 2700 corpus

185 2718 247 2813 11.
280 2752 575 2811 Anstrudis
597 2745 843 2816 virginis,
894 2718 1145 2795 secunda:
1206 2730 1431 2799 hujusce
1460 2718 1773 2779 monasterii

186 2848 499 2907 abbatissar,
532 2857 561 2895 a
596 2839 841 2895 Garncro
886 2830 1132 2887 Laudun.
1172 2824 1447 2892 episcopo,
1493 2831 1524 2870 e
1557 2810 1775 2882 capsula

187 2945 363 3013 lignea
399 2941 455 2993 in
478 2933 877 3006 elegantiorem.
910 2928 964 2980 in
989 2939 1093 2994 qua
1118 2921 1381 2977 hactenus
1410 2916 1740 2968 asservatur.

264 3027 409 3085 XVI.
438 3019 588 3093 Hugo
614 3021 680 3085 ll,
712 3015 1033 3073 1940-1277.

259 3117 432 3173 XVII.
460 3115 788 3185 Stephanus,
820 3104 973 3161 1286.

262 3207 454 3265 XVIII.
482 3206 674 3260 Petrus
700 3201 763 3263 ll,
802 3197 957 3253 1299.

263 3296 415 3354 XIX.
453 3295 754 3350 Garnerus.

260 3385 387 3442 XX.
414 3379 751 3453 IEgidinsﬁe
777 3375 1022 3446 Dysiaco.

264 3474 411 3531 XXI.
449 3448 643 3525 Petrus
667 3466 729 3519 Ill
759 3466 823 3518 de
844 3459 1179 3531 Conrpalayo
1203 3457 1288 3526 (de
1318 3448 1677 3515 Courpalaisl,
1719 3460 1785 3502 ex

190 3564 471 3625 monacho
487 3558 670 3615 Sancti
687 3554 898 3611 Martini
915 3549 1233 3608 Parisiensis
1251 3548 1418 3601 abbas
1430 3539 1791 3598 SanctiJoan-

194 3664 283 3719 uis
339 3652 745 3717 Laudonensis,
788 3644 1129 3718 postmodum
1176 3639 1357 3694 Sancti
1380 3633 1632 3691 Germani
1658 3631 1789 3685 Pra-

194 3754 375 3810 tensis
410 3748 574 3804 1505.
602 3743 750 3801 Obiit
782 3739 940 3794 1554.
970 3736 1185 3790 Petrum
1239 3730 1398 3783 laude
1442 3724 1789 3797 prosequitur

192 3855 395 3903 noster
431 3836 668 3894 Jacobus
692 3833 760 3888 du
790 3828 969 3885 Breuil
1001 3828 1051 3879 in
1074 3822 1344 3878 Chronico
1376 3819 1612 3873 nondum
1645 3814 1789 3869 edito

195 3937 392 3994 Sancti
445 3927 703 3988 Germani
754 3941 784 3979 a
838 3921 1053 3977 Pratis:
1094 3936 1112 3968 1
1157 3916 1350 3969 Petrus
1377 3912 1444 3966 de
1466 3907 1786 3979 Corpoleyo,

196 4025 401 4096 inquit,
468 4020 640 4073 abbas
667 4014 824 4083 hujus
873 4006 1182 4065 monasterii
1215 4005 1388 4059 locum
1424 3999 1714 4069 sepultum
1737 3996 1788 4049 in

196 4088 374 4172 choro
405 4109 595 4179 templi
638 4120 803 4177 prope
829 4101 1135 4157 Morardum
1178 4096 1420 4151 abbatem
1447 4090 1661 4148 habuit.
1687 4088 1790 4157 Qui

197 4208 357 4263 vario
390 4201 578 4273 lapide
614 4198 862 4253 obtectus
890 4192 1149 4264 plurimas
1179 4188 1296 4258 ejus
1322 4186 1481 4240 laude
1520 4189 1790 4247 recenset,

196 4301 438 4364 scilicet,
481 4290 626 4364 quod
662 4289 826 4343 fuerit
872 4283 1101 4341 consilio
1136 4289 1337 4344 certus,
1369 4276 1518 4332 omni
1547 4274 1793 4329 bonitate

197 4390 444 4445 refertus
465 4426 480 4447 ,
501 4362 513 4364 ⁷
542 4380 867 4452 pauperibus
914 4377 1116 4445 largus,
1173 4362 1794 4437 circumspectus].velut

193 4481 426 4549 Argus;
474 4487 638 4543 quem
679 4469 857 4525 clerus
896 4466 1142 4527 charum,
1181 4476 1296 4523 rex,

198 4568 609 4635 monarchique
649 4564 701 4617 in
749 4560 895 4614 vultu
944 4557 1170 4616 clarum,
1229 4551 1414 4607 sobriu

199 4661 500 4719 mundum.
523 4634 735 4727 Caetera
780 4653 1050 4704 vetustate
1077 4643 1371 4709 attrituquc
1399 4637 1593 4708 pedum
1621 4634 1795 4689 deleta

198 4756 306 4824 legi
346 4726 655 4820 nequeunt.
687 4745 741 4798 In
774 4744 877 4796 line
926 4748 1105 4793 tamen
1156 4732 1488 4804 praescriptio
1539 4726 1801 4797 temporis

199 4820 477 4917 praeclare
503 4846 747 4908 apparet,
776 4834 887 4888 sic:
925 4830 1113 4885 Traxit
1133 4825 1330 4896 Aprilis
1356 4839 1476 4879 eum
1510 4830 1590 4876 ter
1615 4820 1800 4876 Nonas

199 4911 295 4993 iac
329 4945 439 4998 ter,
474 4949 507 4986 x
545 4939 645 4992 ter,
680 4945 693 4981 1
726 4933 968 4996 quatch
1005 4920 1157 4974 Nunc
1180 4932 1309 4971 vero
1341 4915 1478 4985 lapis
1505 4913 1593 4968 ille
1615 4911 1797 4983 sepul-

200 5031 375 5085 cralis
405 5025 613 5080 visitur
637 5031 760 5075 ante
788 5015 960 5082 majus
982 5013 1155 5067 altare
1185 5011 1285 5063 sub
1313 5005 1594 5062 cancellis.

277 5116 453 5172 XXII.
488 5114 684 5169 Petrus
709 5109 775 5164 1V
804 5108 869 5160 de
894 5104 1036 5173 Mog.
1073 5101 1167 5156 His
1203 5097 1537 5175 temporibus
1567 5094 1798 5164 Stepha-

202 5221 311 5261 nus
334 5206 406 5260 de
454 5202 740 5270 Suisyaco,
778 5193 983 5264 (Suisy)
1032 5188 1234 5243 villain
1284 5202 1416 5256 agro
1462 5182 1801 5239 Laudnnensi

206 5302 359 5368 (qua:
394 5289 714 5350 monasterii
770 5285 952 5342 Sancti
1002 5280 1227 5337 Joannis
1246 5276 1359 5347 juri
1390 5274 1659 5345 subjacet)
1718 5288 1803 5326 ar-

203 5390 579 5445 chidiaconus
608 5379 900 5450 Burgensis
939 5376 1073 5439 sive,
1102 5383 1161 5426 nt
1190 5372 1304 5435 alii,
1338 5366 1628 5438 Brugensis
1674 5365 1802 5435 (non

205 5476 558 5539 Biturensis,
573 5483 631 5527 ut
658 5474 820 5527 habet
849 5466 1179 5536 Ciaconins),
1197 5465 1390 5520 deinde
1412 5460 1655 5516 Francite
1677 5473 1805 5512 can-

207 5570 504 5632 cellarius,
536 5581 600 5620 ac
622 5567 837 5620 demum
867 5564 926 5621 S.
950 5563 1014 5617 R.
1041 5562 1104 5617 E.
1134 5556 1430 5615 cardinalis
1452 5554 1587 5608 tituli
1618 5549 1804 5608 Sancti

207 5660 437 5735 Cyriaci
492 5659 550 5713 in
604 5658 886 5722 Thermis;
933 5670 1078 5710 anno
1126 5651 1348 5710 circiter
1387 5648 1524 5702 1510
1550 5645 1804 5702 sacellum

209 5732 395 5814 beatae
431 5745 677 5816 Virginis
724 5753 780 5803 et
823 5744 1010 5805 Sancti
1055 5738 1315 5816 Stephani
1347 5732 1758 5809 protomartyris
1789 5775 1804 5797 .

1347 4458 1519 4527 plebs.
1580 4453 1792 4517 habuit,
1828 4468 1871 4524 ι)

1422 4503 1519 4611 m:
1566 4503 1796 4614 como";
1828 4503 1871 4524 ν
1904 4520 2120 4573 natione
2148 4512 2503 4574 Pictavcttsis,
2536 4510 2820 4580 episcopus
2848 4503 3023 4572 Troja:
3069 4515 3305 4571 magna:
3354 4513 3479 4567 [ωε-

2021 4610 2031 4614 -
2233 4608 2244 4614 -
2291 4606 2341 4614 ..ν
2388 4606 2401 4614 .
2423 4602 2514 4614 ‘nn
2604 4602 2618 4614 ι
2644 4600 2656 4614 ι
2801 4598 2811 4610 ο
2916 4597 2926 4614 1
2954 4597 2986 4614 n
3034 4592 3232 4614 κτεΑ-1-ε
3260 4590 3448 4614 DEI.-.”

1842 711 2071 765 ecclesia
2111 708 2293 762 Sancti
2321 705 2543 760 Joannis
2583 715 2887 756 marmoreo
2918 695 3126 752 tumulo
3158 693 3417 764 sepultus,

1843 803 1929 857 cui
1956 799 2227 869 sculptum
2257 808 2341 851 est
2365 794 2692 865 ejnscemodi
2716 791 3064 861 epitaphium.

1986 890 2063 944 De
2085 887 2227 943 Suisi
2258 896 2411 939 natus
2452 884 2745 952 Stephanus
2774 883 2906 936 iacet
2934 880 3034 932 huc
3080 873 3368 930 tumulatus
3402 887 3421 925 :

1988 980 2091 1045 Qui
2122 996 2173 1032 se
2198 978 2350 1047 gessit
2386 976 2458 1027 ita
2482 976 2717 1034 vivendo,
2745 972 2884 1043 quod
2917 968 3217 1024 arcltilcvfta

1992 1071 2271 1139 Burgensis
2294 1068 2515 1137 pridem,
2542 1082 2663 1117 mox
2694 1064 3041 1117 cancellarius
3073 1062 3211 1114 idem

1993 1161 2143 1215 Aula:
2170 1157 2358 1231 regalis
2391 1157 2515 1226 fuit;
2537 1155 2724 1211 exhinc
2751 1151 3138 1222 carquedinalis

1993 1266 2028 1305 11
2050 1248 2205 1304 semel
2231 1258 2276 1302 et
2303 1263 2334 1302 c
2368 1257 2443 1301 ter
2463 1262 2495 1300 ν
2522 1243 2596 1299 bis
2626 1240 2782 1297 semel
2814 1257 2853 1307 1,
2876 1255 2996 1293 nece
3025 1247 3150 1292 teter

1998 1339 2195 1393 Fartus
2218 1338 2431 1391 decessit
2469 1331 2868 1395 Deccmbri,_cui
2899 1327 3096 1399 requies
3130 1327 3214 1379 sit.

1924 1432 2107 1485 XXIII.
2159 1429 2407 1496 ZEgitlius
2458 1426 2524 1481 de
2572 1425 2753 1477 Platea
2800 1418 3104 1476 15554555
3154 1416 3242 1471 hic
3293 1429 3434 1468 anno

1859 1522 2019 1583 1512,
2052 1521 2256 1575 reditus
2281 1516 2566 1573 nonnullos
2588 1513 2762 1583 gratia
2790 1508 3098 1564 festivitatis
3120 1505 3177 1560 S.
3206 1503 3434 1558 Flocelii

1858 1612 2006 1683 pueri
2039 1611 2292 1681 martyris
2319 1606 2690 1678 Augustodun.
2728 1602 2813 1656 die
2848 1601 2909 1654 17
2933 1596 3268 1668 Septembris
3293 1593 3435 1649 cele-

1860 1704 2083 1758 branda:
2113 1700 2379 1755 attribuit.

1602 1812 1765 1871 1200.
1796 1794 1839 1853 Β
1937 1795 2129 1850 XXIV.
2164 1790 2439 1847 Gerardus
2463 1803 2560 1858 per
2582 1785 2978 1841 abdicationem
3011 1778 3211 1851 Egidii
3241 1776 3401 1832 1555.

1933 1885 2105 1941 XXV.
2159 1883 2418 1939 Joannes.
2472 1879 2528 1933 In
2585 1878 2773 1932 charta
2810 1876 2960 1945 llugo
2990 1871 3235 1944 proxime
3256 1868 3445 1922 subse—

1866 1991 2037 2047 quens
2062 1974 2250 2037 abbas;
2277 1969 2501 2025 Joannis
2528 1977 2583 2022 et
2601 1966 2826 2021 Gcrardi
2852 1964 3192 2018 deccssorum
3220 1970 3443 2012 suorum

1868 2044 2134 2128 meminit;
2163 2064 2469 2118 obtestatur
2511 2055 2766 2110 videlicet
2814 2051 2998 2105 ﬁdeles
3046 2057 3314 2119 quatenus
3365 2044 3434 2098 ad

1873 2160 2035 2213 Deum
2081 2169 2268 2225 preces
2287 2167 2385 2222 pro
2409 2148 2691 2205 animabus
2719 2159 2905 2200 eorum
2936 2141 3198 2195 emittant.

1942 2246 2128 2301 XXVI.
2160 2246 2310 2316 llngo
2355 2245 2417 2298 111
2466 2243 2530 2297 tle
2563 2237 2899 2296 Castillione.
2932 2229 3259 2292 1585-1405,
3285 2226 3449 2281 abbas

1871 2348 2155 2410 cooptatnr
2182 2336 2440 2393 Belliloci.
2480 2333 2741 2389 Andrteas
2776 2329 2845 2384 du
2882 2326 3092 2382 Chcsne
3122 2321 3261 2376 Hist.
3301 2317 3448 2387 ejus—

1873 2430 1993 2485 dem
2025 2428 2258 2491 Iamilim,
2289 2442 2409 2498 pag.
2440 2423 2563 2479 559.

1945 2519 2156 2575 XXVII.
2187 2518 2511 2579 Cbatardus,
2549 2511 2704 2567 I407.

1945 2610 2181 2668 XXVIII.
2212 2607 2443 2663 Joannes
2466 2602 2781 2672 Jacqninot,
2818 2597 2977 2669 vulgo
3006 2596 3078 2651 La
3099 2593 3335 2652 Codasse
3363 2606 3459 2657 vo,

1878 2703 2094 2765 citatus,
2126 2696 2446 2754 1456—1456.

1949 2791 2138 2845 XXIX.
2179 2788 2409 2844 Jacohus
2458 2785 2655 2849 Botin,
2726 2780 3045 2838 1461-1465.
3100 2778 3257 2841 Eum,
3311 2772 3465 2828 abdi-

1880 2895 1997 2939 cata
2037 2881 2275 2945 abbatia,
2317 2878 2441 2932 Pius
2464 2876 2506 2931 ll
2552 2873 2788 2946 pontifex
2837 2874 3105 2928 maximus
3151 2869 3463 2938 episcopum
3554 2850 3559 2857 ’

1885 2970 2347 3040 IIt‘erapolitattutn
2379 2968 2687 3037 inaugurat.
2756 2946 2759 2949 Δ

1958 3060 2145 3117 XXX.’
2166 3058 2434 3115 Antonius
2468 3055 2693 3123 Crespin
2741 3052 2974 3121 primum
3006 3049 3290 3117 episcopus
3318 3044 3458 3097 Lauv

1810 3135 1854 3192 (ἶ
1889 3153 2172 3215 duncnsis,
2237 3159 2346 3203 tum
2411 3146 2849 3215 archiepiscopus
2887 3138 3250 3194 Narbonensis
3304 3134 3463 3199 1400,

1887 3266 1951 3301 ex
1983 3244 2270 3300 traditione
2296 3240 2481 3297 Jacobi
2514 3239 2580 3293 ab
2609 3236 2798 3292 eodem
2843 3246 3055 3288 summo
3088 3229 3342 3300 pontiﬁce
3371 3228 3468 3281 ab-

1888 3339 2086 3392 Imiam
2127 3335 2335 3389 obtinet
2364 3332 2417 3386 in
2446 3326 2819 3385 commendam
2854 3337 2997 3379 anno
3022 3319 3183 3375 1464.

1958 3425 2149 3481 XXXI.
2188 3423 2423 3478 Joannes
2456 3419 2685 3474 Aubinet
2727 3432 2793 3471 ex
2826 3404 3032 3486 gremio
3079 3409 3467 3467 monachorum

1889 3517 2104 3585 eligitur
2131 3515 2183 3568 in
2209 3512 2484 3566 abbatem.
2507 3508 2719 3562 Primus
2735 3506 2990 3561 abbatum
3019 3501 3207 3557 Sancti
3221 3498 3465 3563 Joannis,

1891 3606 2123 3677 insignia
2169 3602 2499 3675 pontiﬁcalia
2550 3617 2579 3653 a
2621 3600 2775 3655 Sixto
2823 3611 2959 3669 papa
3000 3594 3069 3650 IV
3107 3601 3193 3649 est
3247 3592 3471 3659 adeptus

1891 3715 2033 3755 anno
2060 3696 2217 3751 I482.
2252 3694 2418 3750 Desiit
2441 3706 2625 3747 mense
2661 3686 2961 3759 Septembri
2995 3683 3153 3739 1491.

1963 3788 2177 3845 XXXII.
2217 3785 2443 3843 Carolus
2465 3784 2531 3837 de
2556 3781 2953 3848 Luxentburgo.
2975 3776 3127 3830 Hunc
3141 3781 3472 3843 postremmn

1893 3884 2085 3939 sortito
2107 3896 2170 3935 ex
2197 3876 2465 3951 episcopis
2493 3872 2939 3930 Laudnnensibus
2961 3865 3254 3936 capitulum
3278 3862 3478 3931 accipit

1893 3989 2035 4029 1111110
2082 3972 2252 4036 1472;
2299 3978 2420 4039 post
2445 3967 2668 4024 Joannis
2712 3963 2943 4018 Aubinet
2972 3958 3160 4014 funera
3205 3954 3267 4009 ﬁt
3307 3951 3475 4008 abbas

1894 4062 2414 4122 commendatarius.
2455 4060 2681 4115 Moritur
2712 4055 2868 4111 1509.

1966 4154 2200 4212 XXXIII.
2241 4153 2480 4208 Joannes
2536 4149 2771 4219 Illoynet,
2826 4144 2982 4198 1510.
3038 4140 3273 4195 Ultimus
3310 4134 3478 4190 abbas

1895 4246 2226 4303 monasticen
2260 4244 2534 4314 professus
2573 4236 2879 4306 defungitur
2907 4232 3064 4287 1520.

2327 4333 2550 4386 Abbates
2573 4326 3024 4384 commendatarii.

1965 4426 2204 4482 XXXIV.
2241 4424 2522 4478 Matthmus
2554 4419 2835 4485 l‘Evcsque
2853 4415 3029 4470 dictus
3050 4413 3116 4466 de
3132 4390 3476 4477 Marconnay,

1901 4610 2198 4665 sessionem
2233 4606 2347 4660 iniit
2382 4602 2547 4667 1120;
2572 4600 2742 4654 abbas
2770 4597 2927 4652 simul
2954 4597 3009 4651 S.
3033 4592 3233 4649 Nicolai
3260 4590 3480 4645 111110111-

1904 4698 2216 4755 tnontensis,
2247 4703 2301 4750 et
2331 4693 2389 4748 S.
2418 4688 2696 4745 Michaelis
2728 4689 2781 4743 in
2805 4686 3129 4742 Thcrascca.

1977 4785 2189 4843 XXXV.
2213 4786 2489 4840 Joannesa
2515 4779 2889 4846 Lotharingia,
2909 4776 3101 4830 [leuati
3122 4772 3481 4841 Lotharingizc

1903 4874 2055 4937 ducis
2087 4890 2141 4934 et
2179 4878 2435 4947 Philippm
2467 4874 2736 4929 Gncltlrise
2766 4871 2925 4937 Illius,
2955 4867 3349 4940 possessionem
3388 4879 3483 4932 per

1906 4974 2267 5028 Valerannum
2298 4970 2364 5023 de
2392 4968 2439 5022 la
2468 4968 2614 5037 llaye
2640 4964 2959 5019 canonicum
2992 4975 3054 5015 ac
3087 4956 3481 5013 thesaurarinm

1902 5065 1945 5119 L
1984 5066 2150 5117 n-Inn.
2202 5061 2313 5115 Ilac
2344 5061 2394 5112 in
2424 5075 2481 5112 re
2514 5057 2656 5111 illius
2683 5061 3112 5126 procuratorem,
3144 5048 3372 5116 adeptus
3401 5054 3484 5100 est

1905 5172 2049 5210 anno
2091 5154 2229 5209 1555
2257 5154 2320 5206 ad
2348 5149 2505 5205 157:5.

1978 5245 2214 5301 XXXVI.
2254 5243 2445 5297 Petrus
2481 5240 2736 5295 Cauehon
2787 5245 2880 5291 seu
2911 5234 2977 5290 de
3006 5231 3226 5300 Manpas
3273 5225 3410 5282 1555
3433 5233 3486 5280 ct

1907 5352 2050 5396 anno
2088 5337 2223 5393 1566
2252 5335 2527 5390 abhatiam
2554 5331 2781 5386 Claudio
2806 5339 3061 5399 germano
3083 5320 3268 5377 tradit.

1977 5429 2240 5485 XXXVII.
2289 5426 2543 5483 Clautlitts
2589 5424 2867 5485 Cauchon,
2914 5417 3056 5473 Petri
3101 5412 3288 5477 frater,
3328 5407 3486 5464 simul

1909 5526 2076 5578 abbas
2125 5520 2182 5575 S.
2224 5518 2463 5589 Dionysii
2515 5515 2801 5572 Remensis
2830 5509 2989 5568 1566.
3025 5504 3252 5563 Claudio
3290 5516 3321 5556 e
3352 5499 3491 5554 vivis

1910 5615 2147 5679 sublalo,
2176 5611 2461 5666 Mattha'us
2492 5608 2649 5664 Brice
2686 5617 2998 5660 meonomus
3027 5596 3348 5655 instituitur.

1983 5704 2267 5763 XXXVIII.
2308 5701 2615 5774 Stephanus
2663 5698 2836 5754 Pcnct
2875 5694 3157 5765 presbyter
3204 5685 3489 5758 religiosus
