4032 6326
574 332 705 384 1185

1483 330 1574 383 ΑΙ)
1610 329 1757 383 ΟΡΡ.
1803 329 1957 385 VEN.
1995 330 2317 387 GUIBERTI
2352 328 2441 388 DE
2481 333 2870 394 NOVIGENTO

3686 347 3803 401 I'rSI

566 442 693 497 1601
718 456 732 504 ;
768 439 1048 493 Malthmus
1079 447 1254 493 tamen
1278 452 1709 494 oeconomusnou
1729 440 1933 495 destitit
1957 457 2118 496 curan

2244 457 2305 495 ex
2336 445 2542 498 consilii
2568 459 2736 501 IIOSII‘I
2765 455 2983 504 decreto
3013 455 3064 506 in
3117 454 3260 510 hanc
3304 457 3631 511 sententiam
3657 460 3804 517 decli-

563 548 754 605 gcrere
777 530 1108 603 monasterii.

631 622 869 677 XXXIX.
909 621 1142 675 Joannes
1178 618 1385 674 Aubert
1434 620 1626 673 doctor
1655 622 1935 694 theologus
1978 624 2136 692 I608,

560 715 845 769 defunctus
874 713 1096 767 Parisiis
1122 726 1264 767 anno
1290 711 1514 777 I626,in
1537 717 1765 769 ecclesia
1795 715 1978 773 Sancti
1999 717 2139 772 Lan-

558 805 727 857 derici
758 804 1058 856 funeratttr.

628 890 737 945 XL.
775 891 991 947 Gabriel
1014 892 1387 961 Albaspiuzeus
1408 892 1814 948 Aurelianorum
1832 898 2135 970 epismpus,

558 988 646 1053 qui
670 987 883 1055 generis
918 986 1297 1042 claritudinem
1327 986 1511 1042 infulis
1542 989 1873 1053 sublimavit,
1906 1005 2137 1045 exorna-

556 1078 635 1130 vit
685 1076 971 1131 infularum
1024 1077 1288 1147 dignitate
1312 1094 1342 1129 ιι
1400 1093 1677 1132 sacrorum
1742 1094 2026 1142 canonum,
2080 1090 2137 1137 et

559 1168 667 1222 auti
695 1169 878 1221 mini-is
910 1166 1193 1237 theologia:
1227 1168 1441 1231 studiis,
1471 1168 1797 1238 scriptisque
1822 1170 2131 1227 illustravit.

557 1259 845 1313 Abbatiam
898 1260 957 1311 8.
989 1258 1213 1313 Joannis
1258 1268 1583 1313 consecutus
1611 1269 1692 1315 est
1731 1261 1949 1317 circiter
1975 1263 2131 1331 1627,

559 1358 613 1403 et
641 1365 783 1403 anno
817 1348 972 1414 1629,
1006 1349 1220 1403 exuitur
1245 1350 1576 1404 mortalitate

625 1438 761 1494 XLI.
802 1440 1024 1494 Carolus
1057 1440 1428 1508 Albaspinzeus
1468 1441 1735 1497 Gabrielis
1778 1443 1963 1508 frater,
1991 1459 2134 1499 mar-

555 1529 679 1583 chio
721 1530 787 1583 de
835 1528 1211 1584 Chateauneuf
1236 1531 1397 1598 regiis
1444 1532 1635 1601 sigillis
1664 1534 1976 1603 pra-fectus,
2020 1547 2127 1592 etc.

555 1618 976 1688 Abbas'pariter
1017 1620 1075 1673 S.
1103 1619 1255 1689 Eligii
1283 1619 1673 1687 Noviomensis,
1702 1624 1767 1679 de
1804 1623 2051 1679 Pratellis
2077 1635 2132 1681 et

554 1707 703 1778 Nigri
737 1710 940 1775 Lacus;
972 1711 1055 1765 vir
1074 1721 1159 1765 est
1186 1711 1367 1765 multis
1390 1713 1611 1784 integrae
1631 1731 1695 1771 ac
1724 1726 1960 1772 strenua:
1981 1718 2125 1783 vitm,

2242 534 2489 589 navimus
2537 545 2593 590 ιιι
2644 538 2826 594 fratris
2872 541 3138 608 Norherti,
3191 547 3282 616 qui
3336 549 3389 602 in
3425 547 3641 620 Vosagii
3689 556 3806 614 silva

2240 626 2378 693 apud
2404 624 2878 685 Prtemonstratum
2906 632 3101 701 locum,
3134 653 3257 691 cum
3278 655 3470 710 magna
3499 640 3807 703 famulorum

2241 712 2332 766 Dei
2375 731 2569 781 manu,
2634 719 2733 773 sub
2788 723 3046 777 czmonica
3103 726 3437 794 professione
3489 735 3809 792 eremiticam

2237 801 2402 855 vitam
2447 805 2824 873 constituerat,
2875 825 3020 865 curze
3060 823 3116 868 et
3143 816 3485 886 dispositioni
3533 824 3807 879 ecclesiam

2237 892 2381 945 illam
2437 898 2921 955 committeremus.
2981 901 3082 969 Qui
3134 920 3258 960 cum
3316 911 3574 977 precibus
3620 920 3807 973 nostris

2236 985 2612 1053 acquievisset,
2665 992 2929 1047 sancitum
2990 1004 3184 1062 estut,
3218 998 3358 1055 sicut
3410 1002 3505 1057 ille
3554 1004 3705 1061 Iocus
3752 1012 3809 1066 ab

2236 1073 2458 1146 antiquo
2488 1077 2540 1131 in
2572 1094 2732 1134 manu
2770 1084 3230 1152 praedecessorum
3257 1100 3572 1148 nostrorum
3596 1100 3804 1155 exstite-

2236 1172 2344 1226 rat,
2375 1167 2446 1221 ita
2479 1179 2532 1222 et
2554 1186 2696 1226 nunc
2723 1174 2775 1227 in
2804 1187 2987 1232 nostra
3007 1194 3495 1254 successoremque
3509 1198 3806 1247 nostrorum

2234 1269 2529 1319 remaneat,
2558 1260 2861 1334 fratresque
2876 1269 2964 1336 qui
2990 1270 3056 1323 ad
3068 1286 3191 1325 eum
3210 1289 3307 1343 pro
3330 1275 3502 1329 salute
3517 1279 3807 1336 animarum

2232 1347 2317 1416 pia
2346 1349 2626 1406 devotione
2649 1358 2995 1425 convenient,
3022 1363 3274 1421 ordinato
3289 1366 3388 1421 sibi
3418 1368 3619 1425 abbate
3634 1387 3807 1426 ερςυιιο

2232 1437 2359 1491 dum
2392 1441 2631 1511 regulam
2663 1444 2805 1501 beati
2833 1449 3116 1519 Augustini
3158 1457 3222 1510 ad
3255 1464 3499 1513 tenorem
3548 1459 3806 1515 Pra-mou-

2233 1527 2386 1579 strati
2419 1527 2519 1583 loci
2550 1534 2819 1592 canonice.
2836 1538 3212 1608 vivant.Quod
3245 1544 3289 1599 si
3312 1543 3451 1601 forte
3475 1549 3651 1604 abbas
3674 1551 3798 1606 beati

2232 1615 2466 1683 Martini,
2521 1620 2814 1694 instigante
2861 1630 3099 1697 diabolo,
3145 1649 3176 1688 a
3231 1638 3431 1707 regulae
3460 1656 3580 1695 sua:
3607 1644 3807 1699 tramite

2231 1707 2549 1769 deviaverit.
2594 1727 3003 1791 conventusque
3053 1724 3123 1779 ab
3170 1727 3423 1799 episeopo
3470 1730 3804 1789 Laudunensi

551 1813 844 1871 rerumque
910 1801 1166 1871 praeclare
1227 1806 1531 1871 gestarum
1567 1806 1816 1862 laudibus
1879 1810 2118 1881 insignis.

2235 1815 2397 1871 atque
2427 1803 2828 1865 Praemonstrati
2857 1811 2959 1867 loci
2992 1814 3206 1882 abbate,
3250 1819 3303 1873 in
3349 1823 3647 1890 praesentia
3676 1822 3805 1879 Latio

552 1888 836 1961 Egregiam
865 1894 1089 1947 navavit
1114 1908 1335 1963 operam
1369 1905 1425 1949 ιιι
1458 1897 1746 1968 collapsam
1799 1900 1850 1953 in
1896 1902 2130 1970 przefatis

554 1983 907 2038 monasteriis
941 1983 978 2038 8
1032 1969 1209 2055 Eligii,
1243 1984 1617 2053 Pratellensis,
1658 1992 1854 2060 regula:
1894 1994 2127 2050 Benedi-

551 2072 713 2128 ctiuaa
736 2074 1161 2142 observantiam,
1185 2089 1346 2149 prout
1369 2080 1416 2131 in
1444 2086 1861 2153 congregatione
1882 2085 1940 2138 S.
1957 2086 2125 2141 Mauri

549 2163 735 2234 vigere
759 2165 1112 2237 dignoscitur,
1140 2170 1465 2234 restitueret,
1492 2185 1948 2245 propagaretque;
1975 2176 2127 2245 cujus

550 2255 627 2308 rei
684 2258 853 2328 gratia
910 2258 977 2313 ad
1026 2259 1084 2315 S.
1140 2261 1364 2318 Joannis
1418 2264 1775 2321 Lauduncnse
1821 2270 2124 2324 emnob’um

547 2358 806 2404 evocatos
829 2349 897 2405 ab
925 2366 991 2405 eo
1021 2351 1211 2407 Patres
1240 2353 1621 2412 Benedictinos
1667 2358 1810 2413 illius
1832 2374 2128 2431 congrega-

550 2438 710 2496 tionis
780 2441 1178 2500 illustrissimus
1235 2445 1564 2502 I‘hilibertus
1633 2450 1697 2502 de
1764 2449 2121 2507 Bricbanteau

546 2530 790 2585 Laudun.
821 2534 1067 2602 antistes,
1094 2537 1382 2593 celebratis
1403 2540 1694 2607 pontificali
1716 2543 1817 2596 ritu
1836 2544 2121 2600 missarum

546 2622 846 2690 solemniis,
884 2627 1095 2696 excepit
1134 2627 1391 2685 Kalendis
1424 2630 1687 2699 Januarii,
1738 2650 1824 2689 an.
1862 2647 2124 2706 reparata:

545 2715 737 2770 salutis
769 2717 923 2773 1618.

542 2824 621 2880 De
676 2832 958 2884 monasteri
1045 2833 1103 2909 δέ
1170 2834 1390 2889 Martini
1457 2837 1857 2909 Lugdunensis,
1922 2844 2122 2899 ordinis

1061 2900 1598 2961 Prirmonslratensis.

614 2985 830 3043 Tabula;
855 2991 1165 3048 donationis
1182 2994 1422 3049 ecclesia:
1438 2996 1495 3050 S.
1514 2997 1727 3054 Martini
1750 3000 2120 3061 Laud-mesis

538 3079 712 3132 ordini
772 3080 1275 3155 Prtemoustratcusi
1330 3104 1358 3139 a
1420 3087 1809 3148 Bartholomzeo
1866 3096 2120 3166 episcopo

538 3178 690 3225 actm,
723 3171 848 3222 nubi
882 3188 1217 3242 nequaquam
1249 3188 1372 3229 sunt
1412 3180 1882 3245 prtctermittendte
1910 3202 1923 3236 :
1950 3185 2120 3255 siqui—

537 3259 657 3310 dem
677 3257 1015 3317 IIermaunus
1032 3263 1196 3319 libros
1213 3274 1321 3320 tres
1341 3266 1415 3341 De
1440 3267 1713 3324 miraculis
1734 3270 1901 3327 beatae
1916 3272 2119 3342 Maria},

537 3347 783 3405 Landun.
833 3353 899 3408 de
942 3357 1239 3426 composito
1289 3357 1475 3424 edidit,
1514 3369 1776 3428 quatenus
1807 3365 2117 3433 praeclaram

534 3443 734 3498 v’rtute
784 3454 837 3499 et
870 3449 1153 3504 sanctitate
1190 3450 1435 3521 praesulis
1467 3451 1604 3507 illius
1636 3453 1795 3509 vitam
1837 3458 2120 3528 consigna-

536 3542 617 3583 ’Ἴθι
665 3536 995 3603 Ροειετίιθιίς
1048 3538 1233 3594 iisdem
1284 3558 1382 3615 ego
1410 3549 1612 3615 pariter
1658 3549 1772 3615 ipse
1823 3548 2118 3603 rationibus

536 3622 781 3688 allectus,
808 3628 1064 3699 quidquid
1087 3634 1312 3701 praefato
1331 3638 1571 3707 pontifici
1602 3639 1937 3707 splendorem
1964 3638 2119 3693 affer-

534 3724 636 3781 r.-t,
668 3716 710 3769 si
745 3720 942 3774 nostris
988 3724 1457 3784 observationibus
1488 3730 1787 3787 inscrercm
1820 3741 1969 3788 ratus
2001 3731 2117 3789 fore

534 3825 637 3861 non
665 3810 1032 3879 injucundum.

544 3918 880 3993 “"ivilegium
923 3925 1296 4002 Bortliofomq'i
1339 3932 1565 4002 episcopi
1618 3933 2000 4002 Laudunensis,
2052 3938 2115 3991 de

872 3997 1199 4051 ordinatione
1224 3997 1411 4055 domus
1434 4002 1491 4056 S.
1511 3997 1749 4057 'Marlini

618 4098 636 4133 t
680 4081 735 4137 In
768 4085 984 4140 nomine
1013 4098 1215 4143 sancta:
1263 4100 1317 4144 et
1348 4092 1631 4161 individua:
1662 4092 1959 4149 Trinitatis.
2003 4096 2113 4168 Ego

527 4175 955 4232 Ral'IIIOIOIIIHEHS
985 4179 1075 4232 Dei
1101 4181 1273 4249 gratia
1302 4193 1505 4237 sauctre
1534 4184 1905 4242 Iauuluucusis
1930 4189 2112 4244 Eccle-

531 4266 624 4317 sia:
650 4267 892 4324 minister
919 4271 1189 4340 indignus.
1219 4273 1351 4341 Quia
1384 4291 1447 4329 ex
1481 4278 1700 4347 iujuucti
1733 4281 1888 4336 otlieii
1921 4300 2109 4338 neces-

529 4357 785 4424 situdine,
839 4362 926 4415 cui
977 4373 1198 4419 auctore
1260 4367 1371 4421 Deo
1421 4367 1776 4433 deservimus,
1831 4372 2106 4440 Ecclesim,

528 4465 689 4517 quant
715 4451 1121 4521 gubernandum
1156 4458 1513 4528 suscepimus,
1546 4460 1729 4514 debito
1753 4478 1896 4517 curae
1929 4476 2108 4533 pasto-
2138 4487 2185 4545 ι)

528 4539 661 4592 ralis
689 4540 994 4611 obligantur
1024 4562 1089 4598 ne
1120 4562 1225 4601 uua
1273 4550 1639 4603 membrorum
1685 4568 1904 4607 suorum
1954 4566 2107 4625 parte

528 4629 734 4684 laboret
788 4635 1017 4689 solerter
1071 4637 1371 4708 invigilare,
1406 4639 1540 4695 bene
1592 4652 1768 4713 empta
1826 4645 1875 4698 in
1913 4647 2105 4703 melius

527 4725 852 4792 prominere;
883 4737 956 4790 et,
992 4729 1035 4783 si
1064 4746 1166 4800 qua
1194 4731 1703 4791 ferteiucousultius
1734 4746 1854 4791 aeta
1880 4738 2100 4804 fuerint,

525 4810 754 4868 Domino
782 4817 1101 4886 opitulante,
1133 4835 1232 4892 pro
1273 4823 1547 4880 facultatis
1572 4836 1621 4879 et
1654 4829 1861 4897 peritiae
1910 4841 2107 4886 nostrai

526 4905 758 4970 modulo,
793 4912 1065 4983 corrigere
1088 4915 1364 4969 debemus.
1396 4917 1592 4973 Notum
1620 4922 1781 4991 igitur
1803 4938 1922 4979 esse
1948 4925 2102 4979 Vol!!-

526 5012 664 5059 mos,
698 5009 805 5053 tam
847 5008 1206 5071 prmsentibus
1235 5024 1396 5076 quam
1430 5010 1645 5074 futuris,
1696 5014 1843 5082 quia,
1875 5030 1997 5069 cum
2051 5017 2105 5070 in

523 5093 756 5147 ecclesia
790 5096 970 5151 Sancti
994 5097 1205 5152 Martini
1230 5101 1295 5153 de
1321 5101 1578 5158 suburbio
1603 5104 1961 5166 Laudunensi,
1987 5124 2106 5177 qua:

522 5184 669 5249 prius
694 5188 1032 5241 smeularium
1062 5190 1405 5257 clericorum,
1429 5194 1646 5263 quidam
1684 5195 1881 5251 fratres
1907 5199 2106 5254 nostris

522 5274 855 5341 temporibus
877 5277 944 5330 ad
970 5278 1285 5348 regulariter
1301 5281 1581 5336 vivendum
1602 5300 1659 5337 se
1679 5286 2099 5354 transtulissent,

522 5368 704 5430 atqtte,
734 5363 1043 5433 aliquandiu
1069 5367 1197 5420 inihi
1220 5381 1616 5427 conuuorautes
1639 5374 1705 5427 de
1745 5375 1830 5428 die
1857 5375 1908 5429 in
1938 5377 2102 5443 diem,

524 5457 760 5518 peccatis
790 5458 1151 5529 exigentibus,
1179 5461 1447 5532 imperitia
1490 5482 1553 5523 ac
1586 5468 1908 5539 negligentia
1957 5480 2107 5525 exte-

525 5548 711 5637 νέω-(ξεΧ
761 5565 1130 5618 ροδερεδιοιιθε
1196 5555 1365 5625 magis
1418 5558 1693 5627 magisque
1766 5561 2102 5626 desererent,

522 5657 695 5708 neque
718 5640 966 5715 interius,
993 5649 1071 5700 vel
1095 5666 1333 5712 numero,
1361 5650 1442 5703 vel
1476 5650 1731 5719 religione
1758 5655 2098 5721 proficerent;

523 5735 812 5790 novissime
838 5739 977 5792 anxii
1004 5748 1055 5793 et
1086 5741 1152 5795 de
1189 5741 1290 5796 loci
1326 5743 1468 5797 illius
1517 5744 1820 5813 dejectione
1859 5746 2099 5814 solliciti,

2232 1893 2488 1949 dunensis
2521 1896 2792 1967 Ecclesiae,
2848 1904 2899 1956 in
2938 1905 3233 1973 pertinacia
3278 1918 3334 1962 et
3387 1912 3679 1966 aversione
3723 1931 3801 1968 sua

2230 1988 2607 2052 permanserit,
2635 1994 2944 2049 convocatis
2969 1994 3209 2063 ejusdem
3240 1998 3523 2069 religionis
3546 2004 3800 2058 coabbati-

2210 2072 2330 2129 ,bus
2347 2079 2486 2147 apud
2515 2079 2992 2140 Praemonstratum
3015 2088 3081 2143 de
3104 2090 3301 2159 regula}
3326 2108 3439 2148 suze
3461 2096 3804 2153 exsecutione

2232 2166 2331 2220 sub
2356 2181 2541 2225 eorum
2571 2174 2951 2233 testificatione
2980 2179 3326 2248 discutiatur,
3357 2194 3525 2255 atque
3553 2188 3802 2257 corripia-

2232 2265 2339 2310 tur.
2374 2256 2430 2311 Si
2472 2273 2601 2316 rero
2632 2263 2683 2317 in
2717 2266 2860 2322 malo
2880 2284 2979 2323 suo
3009 2272 3335 2339 obstinatus,
3364 2284 3420 2329 et
3461 2277 3608 2333 sicut
3635 2280 3803 2333 confu-

2230 2355 2373 2402 tatus
2399 2351 2781 2423 incorrigibilis
2796 2361 3124 2428 apparuerit,
3143 2364 3347 2433 absque
3361 2367 3468 2421 ulla
3490 2373 3802 2427 retractione

2227 2439 2295 2490 ab
2317 2440 2517 2496 eisdem
2544 2444 2828 2501 abbatibus
2845 2452 3139 2507 secundum
3164 2455 3439 2527 religionis
3461 2475 3579 2515 suae
3600 2462 3803 2517 institu-

2228 2529 2431 2585 tionem
2469 2534 2791 2604 deponatur,
2847 2540 3093 2612 aliusque
3139 2545 3386 2611 idoneus,
3417 2566 3612 2605 eorum
3668 2569 3801 2608 com-

2225 2622 2373 2674 muni
2424 2626 2651 2681 consilio
2673 2637 2726 2682 et
2753 2629 3037 2696 electione,
3079 2634 3131 2688 in
3168 2635 3344 2692 locum
3391 2641 3511 2711 ejus
3559 2647 3804 2718 evestigio

2225 2710 2568 2783 subrogetur,
2601 2726 2657 2771 et
2678 2717 2746 2773 ab
2772 2720 3029 2790 epise0po
3059 2721 3401 2781 Laudunensi
3424 2710 3733 2787 ordinetur;

2303 2820 2321 2852 ι
2361 2802 2586 2873 Signum
2617 2806 2990 2864 Bartbolomaﬁ
3027 2811 3404 2873 Laudunensis
3446 2821 3705 2891 episcopi.
3747 2825 3799 2879 8.

2225 2891 2472 2950 Widonis
2498 2896 2686 2953 decaui
2714 2909 2766 2953 et
2789 2901 3185 2957 archidiaconi.
3216 2906 3274 2960 S.
3304 2908 3516 2963 Iladulti
3536 2894 3800 2968 archidia-

2224 2982 2367 3036 coni.
2398 2982 2454 3037 S.
2483 2983 2700 3040 Seifridi
2724 2989 2934 3043 abbatis
2950 2989 3137 3046 Sancti
3171 2993 3456 3052 Vincentii.
3488 2998 3549 3054 S.
3575 2999 3798 3058 Simonis

2223 3071 2435 3129 abbatis
2475 3073 2657 3131 Sancti
2685 3076 2889 3133 Nicolai
2918 3080 2983 3135 de
3009 3080 3175 3136 Silva.
3203 3083 3265 3139 S.
3298 3085 3564 3144 Bernardi
3598 3093 3795 3148 abbatis

2223 3164 2557 3221 Clarevallis.
2622 3167 2678 3223 S.
2729 3170 2976 3227 Rainaldi
3035 3174 3249 3231 abbatis
3300 3180 3701 3239 Fusniacensis.
3742 3190 3794 3243 8.

2220 3252 2475 3310 Blebardi
2506 3260 2766 3314 cantoris.
2802 3261 2858 3315 8.
2894 3263 3160 3331 Drogonis
3190 3271 3517 3340 presbyteri.
3551 3274 3610 3328 8.
3657 3275 3795 3331 Ebali

2220 3349 2557 3404 subdiaconi.
2588 3350 2646 3406 S.
2676 3351 2925 3410 Widonis
2952 3356 3285 3415 subdiaconi.
3328 3362 3387 3417 S.
3422 3363 3648 3420 Roberti
3683 3384 3796 3422 aco-

2220 3436 2341 3507 lyti.
2389 3439 2443 3495 S.
2482 3441 2701 3498 lloberti
2729 3446 2917 3500 deeani
2961 3448 3146 3503 Sancti
3194 3451 3436 3509 Joannis.
3468 3456 3528 3509 S.
3567 3456 3789 3513 Gaufridi

2220 3533 2480 3588 cantet-is.
2534 3534 2593 3591 S.
2652 3535 2930 3593 Haimouis
2975 3542 3320 3599 tltesaurarii.
3375 3547 3433 3601 S.
3465 3547 3708 3604 Ilenrici.
3739 3551 3789 3604 S.

2217 3620 2543 3678 Gttutranui.
2587 3624 2647 3680 S.
2697 3624 2959 3697 Hugouis.
3022 3629 3079 3685 S.
3134 3632 3498 3692 Claretubaldi
3550 3640 3619 3695 de
3670 3641 3785 3695 fore.

2219 3712 2275 3766 S.
2310 3712 2511 3769 Nicolai
2543 3716 2844 3771 castellani.

2295 3824 2312 3855 ι
2366 3807 2521 3862 Anno
2571 3808 2846 3867 Incarnat.
2898 3813 3190 3872 Dominicze
3246 3820 3410 3887 I124;
3466 3824 3653 3881 indict.
3702 3845 3783 3891 ιιι,

2216 3909 2386 3969 Opem.
2422 3915 2511 3953 xx.
2556 3919 2574 3952 ι

2385 3988 2634 4058 Syllabas
2664 3991 2907 4046 abbatum
2937 3994 2999 4049 S.
3026 3995 3250 4053 Martini
3279 4000 3654 4062 Laudunemis

2286 4080 2326 4133 I.
2367 4079 2617 4136 Galterus
2638 4084 2843 4153 primus
2869 4087 3035 4142 abbas
3065 4090 3116 4142 in
3143 4092 3455 4162 episcopum
3484 4096 3785 4153 Lauduneik

2215 4186 2332 4224 sent
2365 4182 2446 4227 est
2478 4187 2811 4245 assumptus.
2860 4178 3009 4233 Obiit
3035 4180 3194 4249 1155,
3235 4195 3400 4254 atque
3446 4188 3500 4241 in
3529 4189 3780 4245 Pm‘mou.

2213 4264 2469 4319 stratensi
2507 4266 2732 4322 ecclesia
2768 4270 3047 4338 sepelitur.

2281 4353 2344 4408 II.
2384 4353 2621 4410 Garinus
2640 4355 2812 4412 Britto
2840 4360 2909 4414 ab
2938 4376 3081 4417 anno
3104 4364 3240 4419 1149
3267 4367 3337 4419 ad
3364 4369 3506 4423 1170

2282 4444 2368 4499 III.
2407 4445 2834 4503 Bartholomaeus
2856 4452 2923 4506 de
2954 4452 3128 4522 Mons,
3160 4458 3484 4515 11704179.

2281 4533 2368 4589 IV.
2407 4535 2661 4592 Galterus
2692 4538 2926 4605 Testart,
2960 4542 3287 4601 II80-H85.
3622 4610 3642 4623 λ

2284 4624 2348 4679 V.
2391 4626 2685 4695 Ticelinus,
2719 4630 2799 4684 vel
2832 4630 3161 4690 Thiseilinus
3195 4652 3365 4707 nepos
3389 4640 3546 4708 primi
3570 4642 3777 4705 Galteri,

2212 4724 2544 4780 1186-1189.

2285 4815 2371 4870 VI.
2416 4816 2601 4882 Wido,
2639 4819 2723 4873 vel
2753 4819 2928 4876 Gnido
2957 4823 3022 4877 de
3037 4822 3331 4893 Spernaco,
3363 4828 3681 4884 II89-II9I.

2283 4908 2391 4963 VII.
2430 4909 2679 4979 Egidius
2702 4912 2767 4966 de
2798 4912 2979 4978 Marsi,
3009 4914 3164 4969 1195.

2281 5000 2413 5055 VIII.
2454 5000 2706 5056 Oilardus
2736 5003 2801 5057 de
2824 5004 3309 5069 Domno-Martino,
3336 5008 3660 5063 1193-1206.

2280 5093 2373 5151 IX.
2413 5094 2711 5161 Wilbertus
2740 5094 3054 5163 Braneusis,
3088 5098 3412 5153 12014207.

2278 5188 2347 5245 Χ.
2377 5188 2649 5244 Renaldus
2681 5190 2747 5245 de
2784 5190 3127 5253 Ribemonte.
3160 5192 3490 5248 1209-12l0.

2280 5283 2370 5339 XI.
2404 5284 2679 5341 Walterus
2709 5285 2775 5340 de
2812 5285 2975 5356 Regia
3011 5285 3167 5352 valle,
3211 5287 3537 5343 12124228.

2277 5377 2388 5432 XII.
2430 5376 2602 5447 Hugo.

2278 5469 2415 5524 XIII.
2455 5470 2692 5525 Joannes
2720 5471 2786 5525 de
2808 5470 3170 5540 Saisinqurtc,
3204 5471 3358 5527 1215.

2283 5561 2423 5617 XIV.
2457 5562 2709 5617 GaItcrus
2729 5564 2795 5617 de
2828 5562 3027 5627 lluaco,
3058 5562 3213 5618 1215.

2283 5654 2396 5708 XV.
2435 5653 2671 5709 Joannes
2695 5656 2967 5724 quondam
3007 5655 3170 5709 abbas
3200 5653 3535 5712 (Ilarifoulis.

2277 5743 2415 5799 XVI.
2456 5744 2692 5801 Joannes
2718 5747 2781 5803 dc
2810 5746 3058 5801 Betunia.
