4032 6326
190 381 314 435 1185

252 490 405 546 XVII.
438 490 711 543 Gerardus
741 487 806 541 de
837 484 1112 550 Festieux,
1145 486 1472 541 12181254.

254 577 428 632 XVIII.
461 575 697 630 Joannes
723 575 789 629 de
819 573 1120 629 Reneuille.

254 668 389 721 XIX.
416 666 651 720 Joannes
677 653 1016 727 de'Burceio,
1047 664 1201 718 1261.

252 757 367 811 XX.
402 755 595 809 Petrus
625 755 689 808 de
716 755 988 824 Pctriguy,
1018 755 1341 808 1261-1267.

253 845 388 899 XXI.
428 841 748 898 Willlelmus
780 842 845 896 de
876 842 1062 897 Marla.

252 935 409 989 XXII.
449 933 683 989 Joannes
714 935 951 1000 Destres,
980 936 1299 991 1269-1286.

250 1025 435 1082 XXIII.
468 1025 590 1078 Milo
614 1027 677 1080 de
702 1026 943 1095 Curigni,
972 1027 1294 1082 1500-1511.

252 1118 436 1173 XXIV.
470 1116 706 1173 Joannes
758 1119 825 1173 de
872 1118 1215 1174 Castellione.
1268 1119 1365 1173 llic
1419 1136 1561 1174 anno
1616 1120 1751 1175 1555

182 1214 379 1268 electus
410 1210 579 1265 abbas
634 1210 1189 1278 Prmmonstratensis;
1242 1214 1343 1268 hoc
1393 1230 1613 1267 munere
1660 1216 1752 1268 de-

180 1304 371 1358 cennio
405 1303 663 1372 praiclare
714 1304 930 1360 functus
960 1306 1092 1360 obiit
1138 1322 1280 1360 anno
1316 1308 1468 1371 15—15,
1496 1325 1603 1362 xvu
1630 1309 1747 1364 Kal.

181 1394 323 1451 Maii.
341 1394 537 1448 ibidem
559 1395 801 1465 sepultus
828 1406 953 1452 ante
980 1396 1152 1467 majus
1171 1397 1357 1452 altare.
1374 1398 1750 1469 Necrologium

180 1481 237 1536 S.
269 1482 501 1537 Martini.

248 1570 411 1625 XXV.
445 1570 682 1627 Joannes
710 1574 775 1629 de
804 1575 1059 1640 Brueriis,
1101 1577 1255 1632 I510.

247 1663 434 1719 XXVI.
465 1663 700 1722 Joannes
726 1669 790 1723 de
825 1668 1109 1733 Malbodio,
1150 1671 1482 1728 1517-1548.

246 1754 459 1811 XXVII.
502 1758 826 1815 Bcrtrandus
847 1761 911 1815 de
942 1763 1162 1827 Roseto,
1204 1764 1358 1819 I558.

244 1846 479 1901 XXVIII.
519 1848 755 1906 Joannes
785 1852 1125 1919 Benedictus,
1153 1856 1459 1911 1599-1401

245 1936 438 1990 XXIX.
470 1936 705 1994 Joannes
731 1939 1003 2008 Vairetus,
1046 1943 1371 1999 1415-1450.

241 2026 416 2081 XXX.
462 2028 753 2086 Balduiuus
780 2032 1086 2090 Branensis.

246 2118 434 2171 XXXI.
467 2119 659 2175 Petrus
685 2124 750 2176 de
774 2124 962 2192 Paule,
1002 2127 1314 2184 14—17-1101.

248 2209 460 2264 XXXil.
496 2212 729 2267 Jacohns
754 2216 798 2267 lc
842 2217 988 2277 Noir,
1027 2219 1183 2274 1480.

243 2301 333 2354 XX
348 2302 482 2356 XIII.
520 2303 755 2360 Joannes
780 2307 1087 2363 Poulallicr.

241 2393 432 2448 XXIV.
465 2395 700 2451 Joannes
733 2398 960 2467 linquet,
998 2402 1325 2458 1521-1526.

245 2485 463 2539 XXXV.
503 2487 771 2544 Adrianus
808 2491 1075 2555 Pclletier,
1108 2495 1431 2549 1527-1529.

240 2577 488 2631 XXXVI.
529 2580 754 2636 Amatus
781 2583 845 2637 de
872 2582 1059 2648 Fonte,
1092 2585 1410 2641 I550-l5i5.

241 2669 510 2724 XXXVII.
554 2673 779 2726 Carolus
806 2676 1094 2729 cardinalis
1129 2693 1157 2729 a
1189 2675 1553 2745 Lothariugia,
1594 2680 1746 2735 1748.

244 2758 532 2814 XXXVIII.
568 2764 869 2818 Autltonius
898 2765 1264 2832 Viscontinus,
1300 2769 1616 2825 1565-1588.

237 2850 487 2907 XXXIX.
528 2852 781 2919 Claudius
804 2854 986 2910 Basiu.

236 2941 355 2996 XL.
390 2942 642 3000 Nicolaus
663 2947 711 3000 le
738 2946 919 3015 Saige,
953 2948 1107 3013 1615,
1133 2949 1263 3005 obiit
1302 2952 1458 3017 1615,
1487 2956 1553 3008 15
1574 2957 1743 3024 .\pr|l.

238 3031 379 3086 XLI.
421 3033 596 3089 Julius
637 3036 889 3091 Mazarini
927 3040 1237 3103 cardinalis,
1276 3042 1411 3096 1615
1434 3044 1567 3113 (61).

166 3142 474 3197 Illustrium
503 3146 849 3219 auorumdam
889 3145 950 3202 S.
985 3146 1199 3219 Martini
1250 3146 1612 3207 Lauduneusis
1660 3172 1748 3207 τη·
1778 3165 1818 3219 ι]

657 3216 961 3293 nouicorum
991 3218 1272 3273 indicatus.

234 3300 522 3355 Galterum
574 3303 640 3357 de
700 3303 1017 3359 Mauritania
1065 3324 1129 3362 ex
1188 3310 1391 3363 decano
1441 3312 1749 3381 episc0pnm

164 3391 608 3456 Lauduneusem,
638 3404 757 3465 post
791 3398 1109 3451 canonicum
1134 3397 1315 3453 Sancti
1351 3400 1561 3454 Martini
1587 3404 1751 3455 exsti-

163 3484 300 3538 tisse
340 3484 649 3540 subinl‘erre
698 3487 910 3541 videtur
948 3487 1321 3557 Necrologium
1357 3491 1526 3559 ipsius
1569 3493 1754 3546 Ευιυις-

161 3574 306 3629 siaa:
354 3593 374 3626 ι
415 3591 453 3629 ιι
514 3575 639 3631 ldus
701 3575 827 3631 Julii
878 3578 1010 3633 obiit
1059 3579 1307 3633 dominus
1368 3580 1616 3634 Galterus
1686 3587 1751 3637 de

164 3662 497 3719 Mauritania
563 3664 721 3736 hujus
796 3666 1049 3722 Ecclesiae
1117 3670 1413 3725 canonicus
1484 3674 1748 3741 quondam

158 3757 462 3826 episcopus
497 3754 888 3821 Laudunensis,
925 3777 944 3810 ι
986 3767 1092 3813 etc.
1126 3759 1179 3812 In
1211 3761 1396 3814 eadem
1431 3759 1745 3816 Sua-Marti-

160 3848 329 3903 Liana
360 3847 590 3904 ecclesia
617 3850 718 3906 hoc
742 3850 1016 3920 epitaphio
1050 3853 1298 3907 donatur.

162 3955 268 4034 {lic
294 3968 417 4034 (ego
442 3953 732 4034 Galterum,
755 3961 893 4029 quod
916 3960 1126 4034 detego,
1155 3971 1402 4034 mutaque
1428 3974 1573 4031 petra

162 4024 429 4101 {brumalis
468 4038 593 4101 acta
615 4024 817 4098 loquor,
849 4048 941 4099 pro
965 4024 1141 4101 lingua
1164 4044 1286 4086 sunt
1315 4024 1454 4086 'mili'i
1488 4045 1671 4090 metra.

161 4097 425 4161 Consalio,
456 4100 691 4161 monitis,
724 4097 1019 4165 virtutibus,
1041 4097 1146 4156 'Itoc
1186 4105 1338 4157 modo
1366 4106 1503 4158 vitw.

165 4168 346 4231 Rexit,
371 4183 623 4231 conexu,
644 4173 802 4223 erexit
827 4188 940 4226 oves
961 4185 1007 4225 et
1025 4174 1172 4228 ovile.

160 4236 500 4314 latitia/mia
524 4240 723 4314 pietas,
740 4240 850 4292 sale
882 4242 971 4295 sed
999 4244 1206 4297 condita
1237 4246 1426 4314 rigoris
1446 4288 1458 4308 ,

163 4305 399 4382 Tumida
430 4325 491 4382 ue
515 4305 655 4377 ﬁeret
682 4311 844 4382 virtus
870 4322 915 4364 et
948 4327 1105 4382 egena
1133 4305 1354 4382 saporis.

159 4377 391 4451 destitit
424 4380 563 4432 hunc
587 4380 779 4432 mundo
809 4377 995 4435 divisio
1020 4377 1421 4451 discipulorum.

174 4444 323 4501 Vivat
352 4450 411 4501 in
436 4460 687 4502 a’teruum
709 4450 909 4503 meritis
931 4444 1163 4520 adjutus
1180 4469 1380 4508 eorum.

230 4559 604 4616 Godescalcus
625 4562 915 4617 canonicos
952 4562 1134 4618 Sancti
1166 4563 1378 4618 Martini
1426 4564 1749 4619 Lattdttnett-

158 4656 260 4720 sis,
286 4652 655 4717 tum,Montis
680 4652 866 4709 Sancti
906 4655 1119 4710 Martini
1177 4660 1343 4713 abbas
1370 4699 1384 4722 ,
1427 4673 1489 4711 ac
1535 4667 1620 4710 tan
1646 4659 1746 4711 lem

158 4746 458 4813 episcopus
494 4743 911 4800 Attrebateusis.
933 4743 1303 4816 Nccrologium
1330 4764 1342 4799 :
1373 4766 1389 4797 ι
1413 4762 1485 4799 vn
1513 4747 1744 4817 id..Aug.

156 4834 457 4891 Godescali
479 4835 875 4891 Attrebatensis
902 4836 1138 4905 episcopi
1186 4836 1343 4906 hujus
1370 4836 1621 4892 Ecclesia:
1656 4854 1748 4892 ca-

159 4928 373 4992 nonici,
406 4927 498 4996 qui
522 4926 663 4980 inter
687 4934 883 4980 caetera
914 4924 1173 4979 beneﬁcia
1216 4925 1540 4995 episcopalia
1592 4927 1751 4981 vesti-

160 5032 375 5086 menta,
409 5019 635 5074 calicem
662 5034 906 5081 aureum,
937 5019 1119 5088 pelves
1146 5028 1455 5088 argenteas,
1480 5022 1748 5081 urceolos,

158 5114 502 5169 candelabra
531 5112 687 5167 nobis
724 5111 903 5176 dedit,
942 5111 1042 5165 sub
1068 5112 1414 5165 anathemate
1459 5114 1751 5180 prohibens
1784 5137 1793 5144 ο

160 5225 232 5263 ne
270 5208 400 5278 quis
426 5222 490 5260 ea
515 5207 581 5259 ab
611 5204 837 5260 ecclesia
870 5204 1152 5259 alienaret.
1190 5223 1209 5255 ι
1238 5204 1501 5260 Barouius
1550 5206 1747 5259 Annal.

161 5309 297 5354 tom.
330 5297 450 5363 XII,
483 5299 549 5352 ad
571 5312 771 5351 annum
805 5297 962 5363 1118,
995 5296 1234 5367 locuples
1264 5296 1428 5351 habet
1474 5298 1540 5351 de
1569 5296 1748 5352 Gode-

157 5391 348 5446 sealco
388 5391 771 5445 testimonium.

233 5481 615 5535 Concordatus
642 5480 701 5535 lit
732 5480 1015 5551 episcopus
1052 5478 1334 5536 Eduensis.
1366 5479 1651 5549 Necrolog.
1678 5482 1742 5534 a-l

160 5587 216 5626 ιι
246 5571 369 5625 Kal.
403 5569 622 5641 Aprilis.

1375 372 1580 428 DOMNI
1624 374 1681 428 l..
1724 373 2063 429 D‘ACIIERV
2106 373 2335 430 NOTJ‘Z.

3294 381 3427 434 1186

1782 490 1821 541 Α
1924 486 2191 539 Arnoldus
2220 489 2505 554 episcopus
2532 488 2828 543 Ca’urensis
2861 490 2911 542 in
2948 488 3292 562 Philippiuis.
3323 492 3426 545 Ne-

1854 572 2058 640 crolog.
2092 589 2186 625 vm
2218 573 2293 625 id.
2348 573 2654 630 Februarii.

1923 662 2215 731 Gregorius
2244 661 2353 716 Vlll
2398 665 2632 732 pontifex
2677 683 2819 721 max.
2873 682 2937 721 ex
2990 683 3249 725 canonico
3291 672 3425 725 San-

1854 749 2200 803 Martiniano.
2250 750 2326 803 Ita
2402 750 2775 824 Necrologium
2830 774 2844 809 :
2904 776 2922 806 ι
2975 755 3427 815 Counuetuoratio

1854 838 2175 891 veneranda:
2205 840 2477 895 memoriae
2526 841 2767 913 Gregorii
2791 859 2944 915 papze
2981 844 3139 913 hujus
3171 848 3428 904 Ecclesiae

1852 943 2119 982 CiIIIOIIICl.
2162 947 2179 978 ι

1904 1018 2139 1073 Joannes
2156 1016 2463 1073 Comuenus
2480 1020 2771 1091 imperator
2781 1025 3425 1101 Constantinopolitanus.

1851 1107 2015 1171 Cuius
2039 1107 2105 1161 ad
2134 1108 2292 1162 hunc'
2331 1108 2553 1164 modum
2588 1113 2853 1169 meminit.
2898 1116 3275 1191 Necrologium
3307 1140 3324 1172 ι
3358 1136 3427 1174 xv

1854 1204 1972 1262 Kal.
1999 1204 2121 1259 Maii
2154 1214 2599 1260 commemoratio
2636 1206 2857 1267 Joannis
2886 1211 3228 1281 imperatoris
3269 1217 3429 1286 bojus

1852 1294 2093 1349 ecclesia:
2116 1294 2295 1349 fratris
2325 1297 2389 1349 ad
2428 1299 2871 1354 succurrendum.
2908 1320 2927 1352 ι
2963 1299 3188 1358 Sacrum
3246 1304 3429 1360 Domi-

1855 1389 1988 1444 nicm
2011 1390 2189 1445 crucis
2213 1390 2434 1462 lignum,
2461 1393 2601 1460 quod
2622 1392 2810 1446 visitur
2827 1391 3116 1463 hodieque,
3142 1394 3430 1462 imperato-

1854 1496 1971 1534 rum
1998 1480 2308 1537 Grazcorum
2336 1483 2581 1539 icouibus
2614 1499 2775 1554 super
2793 1484 3103 1554 operculum
3134 1484 3431 1541 etiormatis

1855 1570 2083 1640 insigne,
2112 1571 2407 1626 contulisse
2434 1571 2575 1625 fama
2606 1582 2707 1626 est.

1876 1652 1879 1655 1
1922 1659 2095 1715 Guido
2132 1661 2299 1717 abbas
2347 1663 2530 1717 Sancti
2572 1659 2838 1718 Vincentii
2886 1663 3125 1719 Lauduu.
3176 1684 3195 1716 ι
3239 1664 3431 1719 Frater

1855 1752 1950 1805 fuit
1977 1752 2041 1806 ad
2068 1755 2490 1808 succurrendum
2520 1753 2681 1825 hujus
2706 1756 2967 1811 ecclesiae.
3009 1776 3028 1809 ι
3058 1755 3335 1829 Necrolog.
3360 1758 3430 1813 ad

1784 1833 1828 1885 Β
1857 1860 1913 1897 ιιι
1941 1843 2058 1897 Kal.
2100 1843 2407 1914 Septembr.

1926 1936 1998 1989 De
2046 1935 2298 2003 fratribus
2347 1938 2415 1990 ad
2467 1938 2878 1992 succurrendum
2931 1939 3142 2009 egimus
3177 1955 3338 2011 supra
3372 1938 3431 1996 in

1854 2026 2344 2092 observationibus,
2381 2028 2483 2082 col.
2520 2029 2671 2084 1159.

1929 2115 2195 2171 Robertus
2237 2118 2473 2185 regulam
2518 2118 3114 2176 Prmmonstratensium
3156 2123 3431 2193 professus

1858 2205 1911 2258 iu
1943 2207 2177 2262 claustro
2217 2205 2701 2274 Stin-Martiniano,
2745 2213 2950 2282 primus
2991 2214 3160 2268 abbas
3210 2214 3431 2285 eligitur

1859 2296 2044 2349 insulae
2066 2297 2235 2351 beata:
2270 2295 2451 2353 Mariae
2483 2300 2536 2353 iu
2587 2299 2825 2355 Geldria.
2878 2301 3081 2357 Ferunt
3133 2302 3427 2358 Robertum

1858 2386 2072 2441 IIenrici
2107 2389 2249 2458 regis
2277 2389 2570 2459 Anglorum
2597 2404 2910 2461 cognatum.

1926 2479 2039 2548 (ω’)
2090 2479 2216 2534 CAP.
2248 2478 2355 2534 VII.
2387 2512 2454 2522 —
2514 2481 2674 2553 Vulgo
2704 2484 2921 2538 bacones
2966 2495 3167 2538 vocant.
3223 2484 3289 2538 Et
3333 2500 3431 2538 nos

1853 2569 1988 2623 Galli
2036 2587 2198 2639 nunc,
2244 2573 2511 2643 jambous.
2560 2574 2833 2628 Baconum
2860 2577 3104 2629 meminit
3148 2575 3428 2629 Mattha-ns

1854 2660 2006 2715 Paris
2034 2664 2085 2716 in
2123 2663 2359 2719 llenrico
2387 2664 2452 2718 Ill
2480 2680 2601 2735 pag.
2643 2665 2770 2731 404,
2818 2666 3019 2720 ultima:
3043 2667 3174 2720 edit.
3219 2684 3237 2716 ι
3269 2666 3427 2721 Missa

1855 2765 1976 2806 sunt
2004 2753 2188 2807 decem
2220 2754 2384 2808 millia
2416 2769 2748 2810 smmnarutn
2804 2756 3084 2823 frumenti,
3132 2766 3189 2812 et
3241 2758 3426 2812 decem

1854 2844 2017 2897 millia
2047 2861 2251 2910 arente,
2284 2862 2406 2900 cum
2457 2849 2675 2903 totidem
2721 2849 3033 2903 baconibus.
3061 2868 3079 2900 ι
3135 2848 3431 2904 Vernaculc

1852 2936 1903 2988 in
1925 2935 2276 3006 Lothariugia
2295 2946 2348 2991 et
2374 2938 2530 3001 alibi,
2565 2940 2776 3004 bacous,
2808 2941 2982 2993 solent
3017 2941 3237 2995 vocitari
3269 2942 3430 2994 haco-

1853 3040 1997 3090 nes;
2058 3042 2249 3095 nempe
2298 3042 2396 3096 pro
2444 3028 2707 3083 lateribus
2736 3068 2750 3092 ,
2804 3030 3075 3099 tergisque
3141 3046 3426 3099 porcorum

1852 3118 2154 3172 salitorunt.
2209 3117 2541 3173 Glossarium
2609 3120 2659 3174 in
2718 3125 2821 3174 Iitte
2885 3121 3131 3175 Historiae
3184 3122 3424 3192 ejusdem

1854 3208 2112 3263 Mattltaei.

1923 3298 2039 3367 (’°')
2092 3297 2222 3353 CAP.
2258 3295 2385 3352 VIII.
2411 3328 2481 3337 —
2507 3297 2794 3353 Percussus
2836 3300 3093 3354 occubuit.
3130 3301 3252 3355 Dies
3280 3302 3425 3356 necis

1853 3390 2089 3446 Galdrici
2112 3392 2347 3462 episcopi
2384 3392 2436 3445 itt
2466 3390 2783 3462 Necrologio
2808 3391 3149 3447 Lautluuensi
3188 3408 3430 3447 countie-

1854 3490 2112 3535 moratur.
2147 3499 2166 3531 ι
2205 3480 2371 3536 Sexto
2402 3480 2628 3535 Kalend.
2671 3480 2789 3535 Maii
2816 3483 2996 3535 obitus
3030 3483 3285 3537 Waldrici
3309 3485 3427 3552 epi-

1852 3575 2022 3642 scopi,
2045 3582 2151 3628 ete.
2181 3573 2281 3628 llic
2320 3575 2402 3628 vir
2433 3574 2608 3645 magni
2640 3574 2839 3636 cordis,
2877 3584 2925 3627 et
2951 3584 3202 3630 strenuus
3252 3576 3302 3628 in
3330 3590 3431 3629 sa:-

1850 3666 2147 3731 cularihus,
2198 3666 2289 3735 qui
2326 3668 2523 3721 Cl\llll|l
2573 3668 2825 3738 exigente
2872 3666 3147 3736 superbia,
3177 3668 3289 3721 suis
3310 3668 3432 3737 qui-

1852 3758 2075 3811 busdam
2120 3755 2329 3827 legibus
2377 3758 2602 3827 privatis
2646 3759 2969 3828 regentium,
3021 3774 3116 3829 per
3169 3760 3429 3814 illustrem

1850 3848 2097 3903 Francia:
2144 3863 2326 3919 regem
2356 3850 2686 3919 aliosque...
2715 3887 2727 3901 .
2750 3889 2762 3902 .
2781 3887 2797 3903 .
2838 3850 3216 3905 laudunenses
3239 3865 3431 3919 procu-

1851 3940 1993 3995 ravit
2021 3942 2225 3996 cassari
2257 3943 2646 4007 couuuuniam,
2677 3962 2696 3994 ι
2730 3952 2838 3997 etc.
2883 3943 2947 3996 Et
2984 3943 3270 4011 descriptis
3309 3959 3432 4013 qum

1848 4048 1878 4087 a
1909 4031 2171 4088 Guiberto
2195 4044 2544 4099 enarrantur,
2571 4034 2839 4089 subiul‘ert
2860 4035 2999 4089 idetu
3017 4032 3426 4104 Necrologium:

1854 4141 1872 4173 ι
1918 4120 2041 4177 ΙΙωε
2065 4131 2120 4176 et
2148 4121 2248 4176 alia
2300 4123 2697 4191 quamplurima
2727 4125 2794 4178 ad
2823 4132 2931 4177 tam
2977 4125 3211 4179 immane
3252 4126 3431 4180 scelus

1848 4214 2197 4282 pertinentia,
2256 4223 2587 4268 memoratus
2643 4214 2810 4268 abbas
2852 4214 3192 4285 (Guibertus)
3224 4218 3315 4285 qui
3348 4219 3431 4272 his

1846 4305 2038 4361 diebus
2054 4321 2289 4375 pmscns
2314 4305 2502 4360 aderat
2520 4306 2675 4375 plena
2701 4305 2804 4359 fide
2831 4315 2886 4360 et
2933 4306 3160 4360 veritate
3183 4309 3427 4361 conscri-

1848 4395 1971 4463 psit.
2006 4396 2061 4449 In
2084 4396 2242 4466 hujus
2269 4396 2434 4467 igitur
2477 4397 2611 4451 tanti
2645 4411 2709 4452 ac
2742 4405 2851 4451 tam
2887 4398 3213 4452 miserabilis
3233 4397 3427 4468 ﬂagitii

1785 4503 1828 4559 υ
1854 4486 2254 4544 lamentabilem
2298 4490 2638 4551 memoriam,
2669 4497 2928 4543 statutum
2982 4497 3067 4542 est
3093 4489 3145 4541 in
3190 4490 3427 4557 capitqu

1859 4588 2045 4632 nostro
2072 4579 2506 4635 anniversarium
2534 4579 2662 4636 dicti
2690 4579 2987 4649 pontiﬁcis,
3022 4580 3248 4650 singulis
3271 4582 3430 4637 anuis

1855 4671 2151 4727 celebrare.
2176 4689 2198 4725 ι

1927 4760 2043 4832 (ηδ)
2096 4762 2223 4818 CAP.
2258 4761 2353 4819 IX.
2396 4792 2466 4802 —
2517 4761 2840 4816 Prominenti
2894 4779 3076 4816 eorum
3105 4803 3120 4824 ,
3164 4781 3322 4833 quam
3354 4765 3430 4819 sic

1854 4856 2077 4908 vocitant
2127 4872 2268 4923 τερα.
2301 4854 2504 4924 Ιίθρειιιι
2548 4866 2926 4909 ornamentum
2980 4856 3251 4925 quoddam
3299 4872 3435 4910 auro

1855 4953 2145 5015 argentove
2171 4943 2499 5009 confectum,
2531 4946 2807 4999 coronidis
2830 4946 3021 5008 instar,
3058 4946 3278 5001 tumulis
3316 4947 3433 5001 sive

1852 5036 2039 5092 loculis
2068 5047 2380 5093 sanctorum
2406 5041 2730 5108 appositum,
2755 5038 2815 5092 S.
2866 5040 3160 5093 Audoenus
3187 5037 3435 5092 subiudi-

1854 5144 1980 5184 care
2002 5131 2215 5185 videtur
2268 5130 2361 5186 lib.
2391 5147 2428 5185 ι.
2462 5131 2596 5187 Vita-
2628 5130 2684 5186 S.
2732 5131 2892 5201 Eligii
2943 5148 3064 5201 cap.
3105 5131 3196 5186 52.
3233 5151 3251 5183 ι
3281 5131 3434 5185 Fecit

1855 5237 2066 5292 quoque
2111 5221 2355 5293 (Eligius)
2378 5233 2433 5277 et
2457 5238 2640 5293 repam
2675 5222 2729 5277 in
2761 5223 2879 5277 loco
2901 5223 3194 5278 anterioris
3220 5222 3430 5286 tunmli,

1858 5315 2106 5369 etaltare
2131 5330 2287 5369 secus
2319 5314 2386 5368 ad
2414 5316 2579 5384 pedes
2600 5314 2658 5369 S.
2691 5316 2943 5385 martyris
2968 5313 3272 5369 fabricavit.
3312 5332 3330 5364 ιι
3364 5317 3435 5366 At

1859 5420 1986 5459 vero
2013 5420 2195 5475 repam
2244 5420 2309 5459 ac
2362 5419 2578 5472 crepam
2625 5404 2905 5475 synonima
2956 5404 3071 5457 fore
3118 5403 3435 5456 subdubitat

1858 5500 2090 5563 animus,
2116 5500 2381 5569 siquidem
2410 5499 2499 5554 ille
2528 5498 2643 5568 ipse
2669 5499 2961 5553 Audoenus
3002 5498 3095 5551 lib.
3125 5513 3163 5551 ιι
3186 5511 3309 5565 cap.
3338 5496 3430 5559 59,

1857 5592 1957 5647 sub
1980 5591 2160 5657 linem,
2184 5589 2391 5661 profert
2413 5590 2514 5646 ista
2540 5592 2607 5646 de
2629 5592 2686 5646 S.
2713 5590 2988 5646 Bathilde:
3023 5610 3040 5642 ι
3074 5589 3241 5646 Jussit
3269 5588 3433 5661 653

238 5748 357 5819 (61)
401 5745 713 5805 Numericas
741 5761 1007 5805 annorum
1051 5754 1226 5818 notas,
1258 5756 1418 5823 prout
1456 5746 1513 5806 in
1541 5748 1747 5804 chartis
1775 5747 2198 5821 Mortumogiove
2224 5747 2597 5818 perhibentur,
2631 5746 2997 5817 opposuimus.
