4032 6326
620 396 758 452 “87

1513 386 1601 443 AD
1628 386 1776 442 ΟΡΡ.
1827 382 1977 439 VEN.
2009 380 2333 437 αυιΒΕιιτι
2375 380 2459 435 DE
2499 380 2891 437 NOVIGENTO

3683 403 3779 465 ll88

616 516 883 577 praeterea
918 515 1136 571 crepam
1186 514 1254 554 ex
1310 513 1444 551 auro
1491 507 1653 564 atque
1697 504 1924 564 argento
1972 494 2200 546 mirifice
2232 508 2274 559 Α
2304 496 2536 562 desuper
2565 498 2851 548 utebatur:
2898 512 3034 565 pane
3082 498 3196 563 vix,
3230 498 3349 552 vino
3389 509 3549 558 autem
3573 524 3780 581 nunquam

617 596 906 655 fabricare,
934 607 1097 659 quam
1134 604 1295 659 supra
1319 586 1651 642 confessoris
1702 585 1904 654 (Eligii)
1955 583 2196 638 utetubra

616 691 889 759 deponere
932 684 1175 739 deberet.
1206 702 1223 734 ι
1258 683 1452 735 lterum
1496 694 1615 747 cap.
1653 693 1767 747 seq.
1810 678 2008 731 initio:
2048 691 2067 725 ‹
2114 674 2199 728 lu-

614 780 894 851 gradiente
922 790 1051 844 ergo
1075 772 1521 841 Quadragesima,
1551 769 1952 839 praecinxeruut
1981 782 2197 836 crepam

615 866 986 938 hujuscemodi
1038 864 1307 925 sindone,
1359 873 1417 914 ut
1471 861 1639 914 moles
1685 858 1949 914 radiantis
1998 855 2196 911 metalli

614 958 793 1013 velata
837 962 1043 1023 tegeret
1091 953 1282 1007 diebus
1312 950 1662 1021 pmniteutiaz,
1690 968 1707 1000 ι
1746 956 1852 1003 etc.
1889 945 2093 1011 Quibus
2130 962 2196 999 ex

614 1047 797 1102 verbis
820 1060 1068 1116 rrepam,
1092 1043 1326 1098 loculum
1368 1041 1482 1096 sive
1509 1056 1699 1095 urnam
1750 1038 1972 1092 feralem
2002 1053 2198 1092 sonare

615 1153 778 1192 nemo
827 1151 934 1191 non
984 1118 1149 1189 videt.
1194 1132 1332 1185 Num
1388 1132 1601 1185 tandem
1652 1130 1704 1182 in
1742 1128 1906 1182 verbo
1945 1126 2106 1194 Repa,
2143 1136 2198 1180 et

615 1226 804 1296 Crepa,
826 1224 1025 1279 incidat
1045 1233 1099 1277 et
1124 1221 1169 1274 [τ’
1176 1222 1296 1275 reda
1312 1222 1414 1275 ?de
1436 1236 1542 1289 quo
1562 1218 1812 1273 Herricus
1836 1218 2195 1271 Antissiodor.

618 1315 710 1369 lib.
754 1329 917 1383 icap.
945 1313 1016 1366 27
1051 1314 1240 1367 mirae.
1271 1311 1328 1365 S.
1371 1310 1667 1365 Germani:
1706 1327 1724 1359 ‹
1757 1309 2027 1363 Clutarius
2066 1310 2197 1364 Cro-

618 1404 766 1459 tildis
808 1403 951 1458 ﬁlius
1001 1413 1243 1470 tempore
1288 1400 1345 1454 S.
1397 1399 1663 1454 Desiderii
1704 1399 2197 1454 Autissiodurensis

618 1496 911 1566 episcopi,
983 1494 1186 1547 fredam
1240 1491 1511 1561 regalibus
1572 1492 1826 1559 expensis
1896 1493 2197 1560 composuit

618 1603 752 1642 auro
824 1594 1157 1655 argentoque
1212 1586 1508 1649 decoram,
1574 1584 1663 1637 ubi
1716 1594 1995 1638 aui-torum
2040 1592 2197 1639 erant

616 1676 882 1746 inscripta
927 1676 1175 1730 nomina.
1225 1694 1245 1727 ι
1291 1673 1377 1728 Nil
1421 1673 1557 1729 certi
1604 1674 1951 1728 statuendum
2001 1688 2197 1727 occur-

614 1769 705 1823 rit.

2302 593 2395 636 aut
2420 583 2567 651 pisce
2593 584 2862 649 alebatur,
2890 605 2908 638 ο
2938 596 3039 640 etc.

2371 672 2485 743 (ωε)
2537 673 2760 728 ιυιυ.-
2788 674 2868 727 Ad
2906 673 2963 730 S.
2999 674 3226 730 Mariam
3264 676 3652 739 Versiliacensem
3701 694 3783 751 sive

2304 761 2733 820 Vesselicensem
2801 765 3105 837 (Vezefay)
3165 771 3536 825 monasterium
3580 783 3784 844 quondam

2300 850 2631 908 Beuedictini
2664 855 2870 909 ordinis
2910 857 2960 909 in
3012 857 3338 927 Burgundia,
3398 859 3462 913 ab
3496 862 3596 930 ipsa
3633 869 3786 937 origine

2300 944 2625 1001 mouialibus
2651 947 2904 1000 traditum
2934 948 3180 1017 perbibet
3238 959 3596 1005 testamentum
3628 962 3786 1016 comitis

2299 1032 2524 1088 Gerardi
2570 1034 2639 1090 de
2688 1034 3013 1103 Rossilione,
3064 1048 3227 1107 atque
3254 1039 3435 1093 uxoris
3457 1040 3652 1110 Berthze,
3680 1049 3786 1118 cujus

2300 1122 2550 1189 equidem
2601 1126 2909 1179 testamenti
2963 1126 3195 1179 tabulam
3256 1142 3441 1196 magna
3472 1143 3698 1199 exparte,
3733 1139 3788 1191 di.

2299 1213 2578 1281 versisque
2629 1213 2681 1266 in
2727 1214 2861 1268 locis
2907 1215 3133 1269 inseruit
3184 1216 3299 1270 suis
3353 1219 3711 1284 probationibus
3738 1230 3784 1280 ad

2299 1306 2564 1375 originem
2622 1306 2841 1362 familia;
2889 1309 3062 1362 Alsat.
3124 1309 3465 1368 doctissimus
3513 1315 3787 1382 Vigneriuse

2298 1397 2715 1467 congregatione
2748 1408 2887 1453 orat.
2919 1401 3232 1471 presbyter.
3270 1400 3379 1456 Nos
3429 1419 3549 1459 vero
3593 1405 3704 1460 haud
3725 1424 3790 1477 per

2298 1499 2483 1557 partes
2511 1490 2605 1543 sed
2635 1489 2861 1543 solidam
2892 1492 3042 1555 dare,
3074 1507 3178 1545 una
3209 1491 3413 1547 Nicolai
3442 1493 3482 1558 Ι,
3512 1510 3641 1565 papa:
3680 1509 3790 1569 atque

2299 1581 2477 1636 Caroli
2507 1582 2653 1638 Calvi
2682 1599 2798 1638 eam
2831 1590 3189 1653 approbantes
3212 1586 3422 1641 litteras
3461 1588 3705 1657 subjicere,
3722 1610 3792 1648 ιιοιι

2299 1686 2481 1740 grave,
2507 1672 2617 1726 imo
2664 1688 2930 1742 perquam
2984 1684 3262 1744 acceptum
3318 1675 3435 1730 fore
3478 1677 3595 1733 viris
3631 1680 3793 1738 eruditis

2300 1765 2635 1817 censuimus.
2668 1763 2872 1818 Ferunt
2898 1764 3064 1835 igitur
3091 1765 3205 1821 base
3226 1767 3422 1822 verba:

687 1880 802 1953 (ωδ)
845 1880 974 1935 Car.
998 1879 1177 1933 lX.—
1200 1878 1266 1932 Et
1302 1878 1486 1934 Sancti
1532 1877 1753 1933 Joannis
1785 1875 2054 1931 ecclesiam
2080 1892 2197 1929 διιε-
2226 1843 2270 1901 B
2303 1873 2705 1953 Testamentum,
2746 1878 2853 1953 sire
2882 1877 3206 1953 [undatioais
3240 1879 3423 1953 tabula
3445 1884 3792 1953 monasteriorum

631 1974 877 2025 cendens.
929 1969 1315 2024 Mouasterium
1357 1970 1425 2023 ab
1466 1969 1579 2038 ipsa
1611 1968 1959 2031 fundatioue,
2001 1966 2202 2022 sancti-

618 2062 931 2118 monialium
957 2101 973 2127 ,
1011 2061 1152 2128 quod
1205 2059 1447 2129 pluribus
1477 2059 1670 2113 deinde
1724 2058 1934 2111 siet-olis
1982 2056 2199 2125 elapsis,

615 2152 853 2222 episc0pi
887 2149 1263 2204 Lauduneusis
1323 2147 1700 2202 Bartholumaﬁ
1752 2146 1903 2215 jussu
1951 2146 2201 2200 monachi

619 2247 680 2302 S.
748 2246 1019 2302 \‘incentii
1085 2243 1327 2313 ejusdem
1395 2243 1545 2298 urbis
1602 2240 1839 2301 incolere
1896 2249 2200 2311 creperum.

616 2339 957 2394 llermannus
984 2338 1281 2391 monachus
1311 2336 1407 2390 lib.
1438 2351 1520 2400 ιιι,
1546 2350 1664 2404 cap.
1697 2334 1788 2396 2‘2,
1825 2334 1897 2386 De
1926 2332 2203 2386 miraculis

619 2431 676 2484 Β.
711 2430 909 2485 Mariae.
955 2430 1021 2483 Et
1054 2428 1372 2483 Guillelmus
1430 2426 1737 2496 Naugiacus
1785 2424 1849 2477 ad
1900 2439 1987 2476 an.
2042 2422 2198 2476 1128.

622 2537 645 2571 ο
680 2518 924 2573 Landuui
963 2519 1015 2571 in
1054 2517 1299 2571 Ecclesia
1332 2517 1388 2570 S.
1424 2514 1670 2576 Joannis,
1705 2513 1932 2568 consilio
1958 2512 2203 2566 Francia

616 2611 763 2677 regis
791 2619 846 2663 ct
868 2609 1197 2678 principum,
1236 2607 1581 2672 u:0ttialibus,
1606 2622 1727 2675 qua:
1763 2605 1993 2659 infames
2020 2614 2202 2667 erant,

611 2698 821 2769 ejectis,
863 2700 916 2753 in
976 2699 1093 2754 loco
1143 2699 1377 2768 ipsarum
1424 2697 1673 2753 monachi
1720 2696 1995 2751 substituti
2028 2706 2200 2762 sunt;

614 2792 707 2848 ubi
731 2792 907 2864 Drogo
931 2792 1191 2860 religione
1217 2806 1279 2845 ac
1303 2790 1551 2845 facundia
1576 2788 1901 2844 venerabilia
1924 2803 1953 2841 a
1978 2788 2204 2842 Bartho-

616 2886 805 2940 lomaeo
832 2884 1177 2938 Lauduncnsi
1231 2884 1396 2952 episc.
1449 2883 1654 2952 priruus
1683 2881 1849 2935 abbas
1877 2880 2158 2933 ordinatur
2187 2898 2199 2932 :

618 2977 710 3046 qui
752 2977 1093 3047 postmodum
1121 2990 1148 3028 a
1180 2991 1313 3044 papa
1354 2974 1663 3028 Innocentio
1697 2972 1763 3036 ll,
1785 2971 1967 3025 Roma:
1992 2969 2207 3025 Ostien-

623 3070 698 3123 sis
728 3070 966 3137 episrop.
1009 3067 1317 3120 cardinalis.
1341 3085 1357 3116 ι
1400 3067 1473 3119 De
1498 3066 1555 3119 S.
1605 3064 1826 3119 Joannis
1855 3064 2101 3117 cu-uubio
2130 3063 2203 3116 nil

620 3157 1105 3227 imprmseutiarum
1173 3164 1370 3225 prmter
1413 3154 1591 3209 Vitam
1644 3164 1846 3210 sancta:
1898 3153 2269 3227 Salaherga:n

616 3249 800 3318 (quam
832 3247 1022 3302 damus
1054 3247 1106 3301 iu
1134 3246 1331 3313 lucem)
1358 3246 1613 3316 suppetit.
1639 3242 1904 3300 Occurret
1947 3244 2002 3298 in
2024 3244 2196 3300 Addi-

615 3342 887 3396 tumentis.

694 3450 810 3521 (‘°‘)
855 3449 984 3504 lein.
1027 3479 1099 3490 —-
1147 3448 1409 3520 Radulplii
1446 3450 1745 3519 discophori
1797 3449 2194 3503 monachorum.

615 3538 842 3593 Nomine
900 3540 1213 3609 Discophori
1268 3555 1635 3604 meouomum,
1681 3541 1811 3605 sive,
1868 3548 1928 3593 ut
1979 3549 2195 3605 vocant,

615 3640 1042 3702 procuratorem,
1074 3632 1159 3686 cui
1192 3648 1372 3687 rerum
1402 3634 1759 3703 gerendarum
1790 3642 1844 3688 et
1873 3630 2194 3689 facultatum

618 3736 748 3778 cura
808 3733 864 3777 et
922 3722 1322 3778 administratio
1371 3724 1771 3789 demandatur,
1821 3724 2010 3779 venire
2064 3725 2197 3778 mihi

614 3812 839 3867 suadeo.
894 3811 1232 3880 Radulphum
1283 3813 1488 3881 pariter
1536 3814 1773 3885 episcopi
1815 3815 2194 3888 disc0phormu

614 3905 918 3960 nominavit
943 3903 1235 3960 Guibertus
1263 3906 1420 3962 initio
1446 3924 1568 3977 cap.
1593 3910 1679 3963 10.

690 4016 809 4087 (ίθτ)
866 4016 995 4069 lato.
1025 4043 1097 4055 -
1126 4014 1233 4071 Sub
1282 4019 1421 4072 birro
1464 4020 1780 4074 Iiberationis
1825 4038 1983 4075 causa
2017 4022 2193 4090 ferret.

620 4107 836 4163 Birrqu
859 4122 1020 4175 supra
1046 4108 1243 4177 pileum
1274 4112 1624 4178 exposuimus
1654 4127 1667 4174 ;
1704 4111 1791 4165 hic
1822 4127 1949 4165 vero
1976 4112 2193 4179 pallium

616 4216 715 4255 seu
766 4200 1104 4271 chlamydem
1150 4202 1475 4271 significari,
1525 4205 1702 4259 verbis
1744 4205 2196 4274 subsequentibus

616 4291 758 4344 haud
791 4291 1024 4344 obscure
1049 4288 1051 4290 ’
1076 4290 1321 4346 innuitur
1352 4307 1366 4345 :
1400 4313 1417 4343 ι
1456 4293 1737 4347 Parasitus
1768 4302 1948 4347 autem
2000 4294 2195 4360 aliquis

615 4382 665 4438 ei
688 4382 901 4436 obviam
936 4380 1135 4444 factus,
1157 4383 1283 4451 quid
1316 4385 1414 4438 sub
1437 4398 1606 4451 cappa
1648 4390 1890 4452 portaret
1919 4384 2147 4450 aspexit.
2172 4402 2189 4431 ι

618 4471 878 4526 Videlicet
900 4468 1063 4525 verbo
1087 4478 1365 4543 antiquato
1386 4488 1551 4543 cappa
1582 4488 1679 4543 pro
1707 4473 1991 4541 chlamyde
2016 4472 2194 4539 amplo

615 4565 876 4617 sumenda
929 4563 1033 4620 hoc
1085 4564 1226 4629 loco,
1278 4581 1383 4633 qua
1425 4580 1555 4619 voce
1595 4565 1891 4617 etiamnum
1949 4563 2001 4616 in
2036 4564 2194 4616 rebus
2228 4550 2269 4603 Ῑ)

614 4654 998 4710 ecclesiasticis
1041 4655 1294 4725 pluviale,
1341 4654 1657 4726 (veruacule
1704 4654 1920 4725 chappe)
1968 4652 2192 4721 saepius-

614 4746 735 4799 cule
762 4755 979 4800 vocant.
1009 4746 1330 4815 Quanquam
1363 4764 1391 4800 a
1425 4747 1601 4816 capite
1630 4761 1857 4815 cappam
1906 4746 2060 4814 periti
2090 4746 2193 4797 lin-

612 4852 731 4906 guae
757 4837 936 4892 latina:
962 4838 1257 4907 scriptores
1297 4838 1587 4891 deducant.
1615 4836 1847 4891 Consule
1876 4835 2191 4906 Spelmanui

528 4966 533 4972 .
613 4928 1034 4998 arclneolugum,
1084 4938 1139 4980 et
1194 4926 1411 4980 V'osium
1464 4927 1539 4981 De
1589 4927 1735 4981 vitiis
1793 4929 2086 4982 sermonis.
2120 4927 2194 4981 De

610 5017 760 5070 birro
788 5019 860 5071 ita
890 5019 1185 5072 eauouicus
1235 5017 1606 5072 Lauduneusis
1662 5018 1714 5071 in
1766 5018 2035 5073 Chronico
2089 5034 2190 5071 ms.

618 5127 635 5159 ι
671 5109 865 5165 Petrus
908 5111 1137 5165 eremita
1188 5110 1255 5164 de
1290 5111 1564 5164 territorio
1615 5110 1983 5174 Ambianensi,
2017 5113 2192 5178 primu

614 5202 914 5256 monachus
942 5202 1083 5270 apud
1110 5200 1167 5255 S.
1198 5200 1498 5269 Rigautum
1526 5201 1578 5253 in
1623 5199 1867 5264 Forcsio,
1895 5207 2017 5268 post
2048 5213 2192 5267 pra:-

612 5293 821 5347 dieator
865 5291 1110 5357 effectus,
1167 5294 1333 5362 cmpit
1384 5302 1531 5346 tanta
1568 5292 1886 5362 p0pulorum
1946 5292 2191 5346 multitu-

612 5394 737 5446 dine
766 5392 979 5455 vallari,
1009 5392 1175 5445 tantis
1208 5391 1519 5445 umueribus
1542 5391 1757 5455 donari,
1786 5390 1951 5444 tautis
1987 5390 2189 5445 sanctit

616 5486 745 5539 tatis
810 5485 1097 5555 praeconiis
1158 5484 1449 5539 acclamari
1500 5494 1560 5537 ut
1605 5483 1788 5537 multa:
1837 5492 2028 5537 aztates
2081 5496 2187 5536 non

610 5576 961 5631 metniueriut
1023 5578 1229 5631 honore
1281 5575 1443 5630 simili
1492 5575 1798 5645 quempiam
1850 5575 2054 5629 habtri.
2086 5575 2188 5629 Pili

611 5668 677 5720 de
698 5666 815 5734 ejus
847 5666 989 5722 utulo
1018 5682 1115 5735 pro
1143 5666 1385 5736 reliquiis
1407 5666 1773 5736 rapiebantur.
1803 5665 1982 5720 Tauea
2010 5670 2188 5721 tunica

612 5764 680 5816 ad
711 5778 923 5834 purum,
984 5765 1191 5819 cuculla
1220 5780 1379 5833 super
1426 5764 1669 5832 utrisque
1717 5764 1996 5833 talaribus,
2041 5768 2187 5822 birru

2663 1944 3039 2001 Pultheriensis
3060 1959 3106 2002 et
3138 1946 3525 2004 Vezeliacensis.

2378 2056 2398 2090 ι
2430 2037 2697 2095 Omnibus
2738 2040 2941 2095 Christi
2972 2040 3220 2096 fidelibus
3250 2042 3474 2112 pietate,
3503 2059 3679 2111 amore,
3701 2046 3795 2101 desi.

2300 2133 2561 2202 derioque
2597 2131 2825 2186 ferventi
2854 2133 3069 2188 beatam
3114 2133 3283 2187 vitam
3336 2136 3795 2202 exspectautibus,rt

2303 2224 2359 2278 in
2403 2223 2614 2279 unitate
2641 2223 3073 2278 Christianitatis
3096 2225 3197 2279 sub
3244 2224 3550 2279 obedientia
3578 2238 3792 2296 praecepto-

2303 2330 2423 2369 rum
2452 2313 2548 2369 Dei
2579 2314 2778 2384 ubique
2805 2314 3168 2381 manentibus,
3214 2316 3332 2371 sive
3364 2316 3448 2371 his
3479 2318 3563 2386 qui
3584 2331 3793 2386 [tumentes

2305 2414 2457 2471 sunt,
2495 2406 2611 2461 sive
2654 2406 2739 2460 his
2765 2405 2857 2475 qui
2906 2405 3094 2472 futuri,
3127 2417 3293 2477 atque
3327 2408 3381 2461 iu
3405 2411 3789 2479 compageetrin-

2301 2502 2423 2555 culo
2449 2501 2732 2556 charitatis
2752 2500 2967 2564 victuri,
2983 2510 3037 2555 et
3061 2516 3232 2571 usque
3251 2503 3322 2556 ad
3360 2503 3790 2557 consummationem

2301 2592 2484 2647 saeculi
2546 2592 2599 2646 in
2647 2591 2890 2646 Ecclesia
2941 2601 3257 2646 sanctorum
3329 2592 3438 2647 sibi
3487 2592 3683 2647 invicem
3716 2604 3802 2645 sunt

2303 2683 2631 2738 successuri.
2662 2682 2773 2751 Ego
2803 2681 3100 2748 Cerardus,
3152 2682 3355 2737 divina:
3393 2684 3599 2752 pietatis
3645 2698 3804 2736 munere

2304 2776 2445 2843 apud
2494 2774 2784 2845 gloriosam
2843 2773 3078 2844 regalem
3129 2773 3595 2829 mansuetudinem
3642 2773 3799 2827 comitis

2304 2864 2507 2919 honore
2534 2863 2879 2928 sublimatus,
2908 2878 2976 2917 ex
2995 2863 3292 2928 communi,
3355 2872 3481 2916 voto
3525 2871 3575 2916 et
3604 2860 3806 2915 desiderio

2303 2956 2669 3010 dilectissima:
2695 2954 2939 3025 conjugis
2961 2970 3095 3008 mem
3126 2963 3288 3024 atque
3311 2951 3807 3008 amantissimzeoBer-

2308 3049 2431 3114 tlne,
2460 3063 2526 3103 eo
2557 3048 2701 3117 quod
2750 3047 2905 3101 nobis
2933 3046 3139 3117 pariter
3167 3046 3617 3116 unauimiterque,
3646 3044 3809 3098 Domino

2306 3137 2627 3205 inspirante,
2678 3134 3089 3204 complacuerit,
3147 3145 3204 3188 ut
3246 3137 3312 3189 de
3371 3136 3531 3189 rebus
3582 3133 3743 3188 nostris
3775 3142 3809 3185 et

2298 3227 2700 3295 possessionum
2725 3235 2904 3278 nostra
2915 3240 3028 3277 rum
3049 3225 3234 3287 titulis,
3255 3238 3546 3294 perennem
3568 3224 3810 3277 memoriam

2301 3320 2531 3374 Domino
2579 3317 2688 3371 Deo
2725 3326 2937 3382 nostro,
2984 3317 3071 3370 ubi
3122 3316 3240 3370 laus
3286 3316 3409 3385 ejus
3450 3316 3646 3371 assidua
3687 3319 3810 3376 fieret,

2298 3426 2677 3471 statueremus.
2712 3414 2801 3479 Et,
2836 3414 3092 3482 quoniam
3131 3414 3514 3485 largitionibus
3547 3414 3641 3483 piis
3678 3414 3807 3467 dami-

2298 3522 2514 3569 norum,
2548 3514 2601 3559 et
2629 3505 2905 3559 seniorum
2953 3513 3283 3568 nostrorum,
3322 3506 3420 3575 qui
3460 3520 3558 3561 nos
3603 3504 3810 3558 liberalis-

2298 3599 2435 3652 sime
2483 3597 2781 3651 honoribus
2828 3606 2882 3651 et
2928 3596 3281 3667 dignitatibus
3332 3597 3739 3668 ampliaverunt,
3777 3596 3810 3647 id

2297 3700 2383 3745 est
2446 3691 2741 3760 imperator
2801 3697 2857 3744 et
2918 3690 3103 3745 senior
3178 3698 3371 3744 noster
3429 3688 3811 3745 clementissimus

2298 3782 2626 3844 Ludovicus,
2677 3788 2731 3835 et
2788 3780 3022 3850 gloriosa
3075 3781 3291 3836 domina
3348 3793 3407 3836 et
3438 3781 3614 3852 regina
3663 3778 3811 3841 Iudith,

2300 3875 2547 3942 filiusque
2572 3875 2809 3943 ipsorum
2839 3888 2992 3942 aeque
3019 3874 3219 3937 senior,
3243 3880 3408 3942 atque
3428 3874 3668 3928 dominus
3686 3882 3813 3925 uoster

2298 3982 2387 4019 rex
2451 3965 2702 4027 Carolus,
2766 3964 3026 4033 plurima,
3085 3965 3410 4034 possidenda
3478 3972 3812 4024 accrevenmt,

2290 4056 2593 4124 justissime
2617 4056 2771 4111 nobis
2821 4056 2994 4110 visum
3026 4067 3109 4111 est
3141 4064 3199 4109 ut
3235 4072 3428 4110 eorum
3458 4072 3637 4110 amore
3660 4053 3811 4109 incitati

2297 4150 2473 4204 locum
2524 4149 2772 4203 ecclesia:
2804 4150 2974 4217 ipsqu
3021 4148 3392 4211 fundaremus,
3445 4147 3533 4202 ubi
3577 4163 3664 4217 pro
3694 4144 3814 4215 gratis

2296 4240 2614 4295 tuttueribus
2659 4244 2920 4308 ipsorum,
2949 4248 3092 4294 esset
3143 4240 3194 4293 in
3225 4241 3567 4294 orationibus
3614 4236 3811 4293 solemnis

2296 4345 2349 4388 et
2367 4334 2510 4404 jngis
2531 4335 2853 4404 supplicatio
2880 4336 3019 4403 apud
3070 4341 3260 4397 Deum,
3289 4335 3547 4388 continua
3578 4347 3666 4403 pro
3688 4330 3815 4386 salute

2296 4442 2482 4481 eortun
2511 4427 2838 4480 exhortatio.

2372 4538 2390 4569 ι
2420 4517 2535 4572 Νοιι
2567 4519 2910 4573 iunuemores
2937 4521 3097 4572 etiam
3145 4534 3331 4574 sumus
3375 4534 3567 4574 eorum
3592 4519 3720 4573 circa
3751 4526 3822 4567 nos

2298 4613 2684 4668 benevolentiae
2702 4611 2963 4680 ipsormn,
2980 4612 3031 4664 id
3045 4620 3128 4666 est
3151 4611 3354 4666 domini
3375 4613 3603 4667 senioris
3617 4606 3819 4674 Ludovici

2295 4706 2545 4777 Augusti,
2598 4704 2778 4759 Judith
2830 4706 3060 4759 domime
3100 4704 3265 4776 655
3317 4714 3372 4759 et
3418 4706 3634 4775 regium,
3683 4697 3821 4756 Caroli

2299 4795 2391 4847 filii
2431 4796 2667 4863 ipsorum
2698 4795 2951 4849 similiter
2977 4795 3179 4848 domini
3211 4804 3268 4847 et
3310 4795 3569 4856 senioris,
3605 4792 3686 4861 qui
3716 4804 3821 4842 nunc

2296 4897 2543 4955 superest
2597 4900 2866 4955 regnans;
2904 4887 2995 4939 sed
3046 4896 3103 4940 et
3141 4887 3358 4956 dignam
3409 4886 3742 4953 rependentes
3762 4894 3824 4949 gr-

2296 4978 2564 5030 uitoribus
2623 4992 2686 5030 ac
2744 4978 3059 5044 parentibus
3123 4978 3594 5031 honorificentiam
3628 5017 3642 5038 ,
3690 4977 3732 5028 id
3769 4982 3828 5025 est

2296 5065 2589 5119 Leuthardi
2639 5076 2694 5119 ct
2741 5066 3021 5135 Gymuldis
3052 5066 3174 5137 [al.,
3204 5067 3531 5138 Grimildis],
3564 5077 3711 5136 atque
3736 5080 3827 5131 gra—

2297 5156 2628 5210 tissimorum
2678 5154 2918 5224 llugonis
2965 5166 3021 5211 et
3057 5157 3237 5223 Davie,
3289 5158 3703 5224 amaliilibusque
3737 5152 3828 5204 ﬁliis

2293 5259 2348 5300 et
2380 5247 2592 5301 filiabus
2640 5246 2905 5315 ipsorum,
2944 5249 3061 5302 sive
3118 5250 3207 5318 qui
3237 5247 3350 5315 jam
3383 5249 3765 5303 obdormieruut
3791 5244 3827 5293 in

2294 5338 2543 5403 Domino,
2575 5338 2690 5392 sive
2747 5338 2839 5406 qui
2894 5338 3073 5393 adhuc
3126 5340 3338 5403 vivunt,
3383 5337 3827 5408 consanguinitate.

2294 5428 2574 5492 affinitate,
2633 5440 2688 5484 et
2723 5430 3129 5500 propinquitate
3169 5430 3334 5485 etiarn
3385 5429 3542 5483 nobis
3563 5426 3767 5496 junctis,
3791 5420 3828 5473 id

2292 5529 2374 5575 est
2415 5518 2662 5574 Leufredi
2697 5531 2751 5575 et
2799 5520 3077 5583 Adalardi,
3125 5521 3386 5574 comitum
3432 5516 3832 5587 prwclarissinm-

2291 5627 2437 5675 rum,
2492 5618 2550 5663 ut
2585 5625 2681 5679 pro
2712 5612 2792 5665 eis
2834 5611 3151 5665 intercessio
3195 5621 3250 5665 et
3300 5610 3521 5664 assidua
3565 5600 3830 5675 deprecatio

2292 5703 2469 5765 fieret,
2484 5713 2538 5756 et
2559 5711 2902 5771 peccatorum
2926 5718 3111 5757 eorum
3137 5693 3827 5770 acquirereturpropitiatio:

2292 5803 2346 5849 et
2378 5794 2429 5848 iu
2457 5793 2573 5849 loco
2604 5795 2741 5864 ipso,
2768 5809 2926 5862 quem
2963 5793 3184 5862 juvante
3231 5791 3448 5846 Christo
3498 5790 3826 5844 funtlaretuuS.
