4032 6336
206 428 352 489 1189

1407 422 1621 481 DOMNI
1660 420 1721 478 ι.
1765 416 2107 477 ΒἋΟΗΕΒΫ
2139 418 2367 478 NOTAE.

3336 425 3474 484 “90

204 548 630 605 succedentibus
679 544 1014 617 temporibus
1065 551 1213 599 esset
1263 557 1451 600 eorum
1479 556 1799 615 permanens
1828 543 1873 598 Α
1900 540 2115 593 domina
2151 548 2207 593 et
2257 541 2487 609 gloriosa
2544 539 2725 594 Iudith
2767 540 2972 609 regina,
3008 548 3201 612 agente
3225 542 3473 613 etimpe-

204 640 539 695 recordatio.
572 639 758 709 Itaque
785 648 841 695 et
868 638 1081 693 illorum
1101 651 1318 707 quoque
1340 637 1791 706 propinquorum,

204 730 411 799 quibus
466 740 524 785 et
577 730 920 786 hereditario
964 729 1087 798 jure
1137 728 1341 784 eisdem
1376 728 1429 783 in
1480 728 1641 783 rebus
1669 741 1794 781 suc-

201 820 496 885 cessimus,
533 836 635 877 uec
686 836 793 875 non
829 829 885 876 et
939 818 1271 889 reliquorum
1322 820 1586 883 omnium,
1619 817 1712 873 sed
1741 826 1796 873 et

202 913 510 968 amicorum
570 922 882 969 nostrorum
950 914 1332 968 universorum
1367 953 1382 979 ,
1434 921 1489 969 et
1553 910 1792 967 ﬁdelium

200 1004 535 1075 generaliter
566 1006 813 1062 omnium
848 1005 1178 1076 perpetualis
1230 1005 1453 1060 duraret
1508 1006 1788 1068 memoria,

201 1096 398 1166 ibique
449 1111 547 1168 per
605 1112 782 1154 aevum
836 1113 938 1169 pro
977 1097 1231 1155 omnibus
1276 1096 1434 1152 ﬁeret
1488 1096 1791 1153 communis

199 1190 407 1245 oratio.
1700 1206 1701 1209 ‘

286 1299 307 1331 ι
344 1280 455 1350 Ego
481 1281 647 1353 igitur
674 1270 967 1347 Gerardu's,
1002 1292 1057 1338 et
1109 1283 1303 1354 eonjux
1332 1282 1493 1338 simul
1539 1282 1788 1355 gratissi-

200 1384 321 1435 ma,
389 1371 477 1440 pia
528 1381 584 1427 et
642 1373 786 1429 ﬁdeli
836 1374 1122 1430 devotione
1175 1375 1576 1439 constituimus,
1628 1384 1793 1444 atque

200 1462 615 1519 construximus
644 1466 1059 1531 monasterium,
1113 1474 1169 1520 ct
1211 1466 1578 1522 habitaculum
1608 1481 1794 1521 servo-

200 1566 331 1606 rum
362 1553 478 1617 Dei,
532 1564 658 1625 apto
686 1557 1120 1627 compelentique
1150 1556 1291 1621 loco,
1321 1565 1377 1611 et
1407 1573 1471 1611 ex
1500 1556 1808 1628 largitione.

206 1651 379 1710 atque
404 1642 677 1700 oblatione
705 1645 985 1702 facultatis
1012 1655 1068 1701 et
1093 1660 1274 1701 rerum
1303 1657 1610 1702 nostrarum
1633 1648 1791 1717 quid-

197 1735 340 1801 quid
405 1734 472 1788 ad
523 1738 967 1793 sustentationem
1017 1739 1332 1794 eorumdem
1376 1739 1487 1795 Deo
1528 1739 1791 1795 famulan-

203 1824 369 1891 tium,
417 1825 676 1895 quidquid
732 1828 797 1881 ad
840 1827 1116 1899 religionis
1168 1828 1370 1883 cultum
1422 1832 1787 1885 necessarium

1897 639 2073 684 trante
2095 629 2234 699 apud
2249 630 2505 698 piissimae
2530 630 2807 685 memoria:
2828 630 3104 686 dominum
3128 640 3183 689 et
3203 633 3472 689 seniorem

1895 729 2140 772 nostrum
2188 719 2518 775 Ludovicum
2576 720 2977 789 imperatorem,
3020 722 3282 792 quidquid
3332 724 3473 779 idem

1894 811 2347 867 clementissimus
2402 814 2701 883 imperator
2723 814 2791 868 ad
2827 816 3072 870 eamdem
3102 814 3281 870 villam
3305 819 3477 885 reSpi-

1894 903 2048 958 ciens
2113 906 2213 957 sub
2250 904 2505 973 praecepti
2552 904 2634 958 sui
2683 904 3093 961 confirmatione
3152 908 3477 962 condonavit

1893 993 2155 1063 nobisque
2215 994 2465 1061 contulit,
2520 1009 2641 1062 quae
2699 996 3005 1066 ubicunque
3058 998 3353 1068 respiciunt
3408 1001 3475 1053 ad

1893 1086 2137 1140 eamdem
2192 1080 2377 1138 villam
2437 1084 2797 1153 pertinentia,
2842 1088 3100 1153 praedicto
3150 1090 3476 1143 monasterio

1893 1176 2349 1248 consignavimus.
2379 1174 2573 1230 Villam
2608 1174 2840 1241 denique
2861 1175 3230 1233 Dorviciaeum
3253 1225 3268 1248 ,
3292 1180 3477 1232 villam

1893 1266 2171 1323 Cisternas
2204 1265 2456 1321 fontanas
2512 1271 2675 1333 atque
2707 1262 3033 1328 Molintium,
3083 1266 3164 1319 vel
3216 1267 3477 1335 quidquid

1892 1358 1946 1413 iu
1978 1359 2255 1414 nominato
2285 1371 2425 1427 pago
2450 1354 2725 1419 Avalensi,
2750 1354 2833 1408 vel
2864 1355 3259 1409 Toruodoreusi
3290 1358 3476 1425 acqui-

1891 1450 2157 1514 sivimus,
2229 1465 2351 1504 cum
2418 1446 2685 1502 universis
2757 1446 3078 1515 appenditiis
3140 1447 3479 1515 supradicta-

1892 1556 2012 1596 rum
2042 1541 2276 1608 illarum,
2309 1540 2617 1608 ubicunque
2648 1538 2732 1593 vel
2771 1538 2823 1593 in
2853 1551 3172 1607 quocunque
3200 1552 3337 1607 pago
3366 1537 3476 1592 fue—

1890 1633 2021 1687 rint.
3360 1636 3365 1643 ’

1965 1741 1983 1774 ι
2024 1722 2215 1777 Totum
2245 1738 2373 1795 ergo
2399 1739 2464 1778 ex
2498 1724 2709 1794 integro
2761 1722 3022 1792 quidquid
3056 1723 3110 1777 in
3138 1725 3477 1793 supranomi-

1891 1812 2033 1866 natis
2072 1814 2209 1868 villis
2238 1814 2321 1869 vel
2366 1814 2512 1884 agris
2542 1813 2958 1883 acquisivimus,
2980 1814 3342 1883 etacquirere
3381 1830 3476 1879 po-

202 1921 405 1977 exsm,
431 1914 519 1984 pia
576 1931 642 1971 ac
685 1917 868 1973 εοιθηε
898 1897 1237 1989 ρέονίάθηιία
1274 1921 1430 1989 juxta
1460 1921 1620 1987 vires.
1652 1938 1787 1990 quas
1820 1897 1862 1955 Β
1894 1903 2117 1968 tuimus,
2143 1904 2530 1958 sacratissimis
2554 1903 2723 1968 locis,
2746 1912 2800 1957 et
2826 1903 3169 1958 monasteriis
3202 1903 3476 1958 coaduna-

200 2003 353 2059 Deus
378 2004 583 2070 tribuit,
608 2010 1040 2078 procuravimus,
1056 2021 1341 2083 menteque
1364 2014 1785 2083 promptissima,

200 2094 399 2147 eadem
428 2094 566 2163 ipsa,
596 2111 717 2167 quae
747 2098 819 2153 de
836 2115 997 2154 manu
1039 2100 1211 2169 ipsius
1241 2102 1788 2173 accepimus,gratias

198 2181 489 2239 beneﬁciis
518 2183 665 2241 illius
694 2184 990 2244 offerentes
1013 2190 1328 2245 obtulimus.

282 2292 301 2326 ‹
339 2274 618 2331 Fundatus
644 2278 811 2349 igitur
837 2288 999 2350 atque
1046 2282 1296 2336 conditus
1326 2291 1409 2337 est
1442 2283 1593 2338 locus
1624 2284 1787 2339 devo-

202 2364 374 2419 tionis
401 2374 603 2421 nostm
633 2368 685 2422 in
718 2369 926 2424 honore
955 2370 1171 2426 Domini
1204 2373 1375 2427 nostri
1401 2373 1526 2428 Jesu
1558 2374 1786 2441 Christi,

201 2464 259 2509 et
290 2458 671 2514 venerationes
695 2461 1128 2516 beatissimorum
1165 2463 1529 2531 apostolorum
1555 2464 1700 2519 Petri
1734 2474 1790 2520 et

200 2545 381 2613 Pauli,
432 2562 599 2618 super
643 2565 861 2606 amnem
919 2551 1185 2622 Sequanae
1238 2554 1681 2623 praeterﬂuentis,
1732 2556 1787 2611 iu

203 2654 341 2709 agro
365 2641 692 2711 respiciente
719 2643 787 2698 ad
811 2643 1014 2707 villam,
1055 2659 1216 2713 quam
1258 2660 1325 2699 ex
1350 2647 1571 2716 antiquo
1600 2646 1785 2700 Pulta-

202 2730 315 2786 rias
338 2733 623 2788 nominant
653 2734 705 2789 in
748 2750 889 2807 pago
913 2735 1210 2798 Laticensi,
1244 2736 1295 2790 iu
1347 2752 1512 2806 regno
1541 2736 1787 2807 Burgun-

203 2822 329 2889 diaa,
364 2832 427 2880 ut
479 2825 554 2881 ibi
601 2827 913 2882 venerabile
961 2826 1228 2882 orationis
1264 2827 1596 2881 domicilium
1642 2828 1787 2882 votis

200 2928 268 2969 ac
293 2914 774 2984 supplicationibus
801 2916 1037 2971 ﬁdelium
1066 2916 1459 2986 frequentetur,
1494 2933 1786 2972 conversa-

200 3006 386 3077 tioque
408 3006 642 3063 ctelestis
677 3008 777 3063 sub
814 3007 1046 3078 regulari
1077 3008 1438 3072 districtione,
1481 3019 1535 3063 et
1566 3009 1785 3063 institu-

201 3096 351 3151 tione
376 3097 518 3151 beati
567 3096 842 3153 Benedicti
896 3096 1215 3163 viventium,
1260 3099 1407 3153 omni
1437 3099 1706 3154 desiderio
1735 3108 1789 3154 et

200 3187 401 3243 ardore
429 3187 620 3243 intimo
645 3188 989 3259 perquiratur
1011 3196 1066 3245 et
1102 3198 1406 3259 expetatur.
1447 3190 1633 3258 Ibique
1660 3205 1787 3243 cou-

1891 1995 2091 2058 vimus,
2119 2003 2172 2048 ct
2202 1994 2570 2059 uuanimitati,
2604 2003 2765 2063 atque
2794 1993 3008 2048 utilitati
3037 2008 3249 2059 eorum,
3287 1994 3377 2064 qui
3403 1994 3475 2048 ibi

1896 2086 2003 2139 Deo
2027 2085 2337 2149 servierint,
2362 2085 2415 2139 in
2446 2095 2706 2154 perpetuo
2729 2084 3113 2151 conneximus;
3148 2095 3351 2139 tantum
3380 2100 3479 2141 n0-

1891 2176 1975 2231 bis
2004 2176 2130 2231 dum
2188 2191 2471 2231 manemus
2513 2178 2564 2230 in
2596 2177 2724 2240 vita,
2751 2191 2935 2230 earum
2989 2192 3086 2230 usu
3115 2177 3474 2231 fructuarium

1892 2278 2258 2322 reservantes.
2290 2268 2597 2324 Tuitionem
2631 2283 2842 2336 quoque
2871 2276 2924 2321 et
2945 2266 3310 2322 defensionem
3340 2283 3476 2335 prm-

1891 2358 2159 2412 dietorum
2193 2360 2647 2414 monasteriorum
2680 2360 2780 2415 sub
2820 2369 3000 2415 nostra
3035 2375 3163 2415 cura
3194 2361 3475 2416 habentes.

1888 2452 2073 2522 Itaque
2100 2454 2356 2522 quidquid
2380 2453 2606 2523 przel'ato
2634 2455 2962 2508 monasterio
3007 2464 3190 2508 nostra
3223 2454 3473 2523 religiosa

1890 2545 2165 2600 oblatione
2208 2546 2461 2599 collatum
2494 2555 2595 2609 est,
2622 2546 2880 2614 quidquid
2928 2546 2979 2599 in
3012 2547 3172 2600 rebus
3212 2546 3325 2599 sive
3354 2561 3473 2599 ser-

1894 2634 2040 2689 vitiis
2066 2635 2476 2704 qttibuscunqtte
2511 2635 2818 2703 speciebus,
2849 2634 2958 2689 Deo
2990 2635 3307 2703 inspirante,
3341 2649 3474 2687 con-

1890 2728 2147 2781 traditum
2202 2728 2553 2794 additumque
2607 2726 2790 2789 fuerit,
2847 2735 2940 2778 aut
2994 2741 3023 2778 a
3067 2725 3476 2792 quibuscunqne

1894 2818 2139 2873 ﬁdelibus
2164 2819 2402 2887 quolibet
2434 2833 2668 2886 unquam
2719 2827 2961 2885 tempore
2993 2816 3254 2881 oblatum,
3278 2816 3478 2884 absque

1895 2907 2021 2961 ullis
2042 2908 2408 2961 exterioribus
2432 2906 2728 2975 obsequiis,
2760 2915 2814 2959 et
2835 2906 3216 2973 obsequiorum
3238 2904 3479 2959 exactio-

1893 2998 2074 3063 nibus,
2105 2998 2235 3052 solis
2261 3014 2445 3052 eorum
2486 2998 2790 3066 stipendiis,
2818 3007 2870 3050 et
2901 2997 3219 3052 necessariis
3250 2997 3478 3064 sumpti-

1891 3085 2011 3150 bus,
2036 3086 2127 3155 qui
2153 3086 2263 3140 illic
2291 3085 2518 3141 Domino
2555 3085 2820 3152 serviunt,
2845 3086 2957 3157 jugi
3004 3087 3283 3155 praesentis
3307 3085 3476 3139 nostri

1896 3177 2198 3232 testamenti
2258 3175 2512 3232 ﬁrmitate
2552 3189 2865 3248 permaneat
2918 3178 3199 3231 illibatum.
3237 3177 3478 3244 Excepto

201 3276 426 3333 tulimus
450 3279 605 3335 villas
628 3281 747 3347 has,
789 3281 958 3350 ipsam
999 3283 1371 3351 eamdemque,
1421 3283 1509 3337 ubi
1540 3298 1570 3336 e
1613 3283 1789 3337 vicino
1818 3246 1864 3309 ε
1894 3270 2037 3338 (μιοά
2077 3284 2175 3339 PFO
2205 3268 2579 3324 benedic‘ione
2610 3270 2767 3324 annis
2796 3268 2957 3339 655
2988 3269 3211 3339 Sint-“"5
3242 3270 3306 3321 ad
3332 3283 3473 3320 “‘6‘

200 3371 595 3426 monasterium
657 3373 823 3427 situm
870 3383 976 3439 est,
1018 3372 1305 3439 Pultarias,
1357 3374 1615 3443 quidquid
1665 3374 1786 3446 [ul.,

198 3457 300 3531 ibi]
346 3459 449 3515 erit
478 3475 544 3517 ex
590 3461 931 3528 haereditate,
980 3463 1238 3533 quidquid
1276 3465 1527 3534 praecepti
1578 3465 1660 3519 sui
1693 3482 1787 3519 au-

198 3554 461 3611 ctoritate
478 3555 661 3610 senior
684 3566 872 3611 noster
914 3556 1142 3611 Carolus
1175 3572 1268 3611 rex
1318 3558 1474 3613 nobis
1503 3558 1634 3614 inibi
1661 3575 1790 3613 con-

200 3645 347 3711 tulit,
404 3647 663 3716 quidquid
725 3648 833 3702 alio
886 3647 1127 3717 legitimo
1173 3661 1334 3718 pacto
1387 3649 1545 3704 rebus
1587 3651 1787 3705 nostris

192 3736 455 3801 accessit,
512 3751 635 3790 cum
700 3737 971 3791 universis
1028 3738 1353 3806 appenditiis
1398 3738 1529 3804 suis,
1578 3747 1633 3792 et
1669 3755 1787 3807 qua:

198 3825 511 3895 ubicunque
540 3827 607 3880 ad
658 3827 774 3896 ipsa
819 3827 1163 3896 respicientia
1195 3839 1338 3882 sunt.
1374 3828 1430 3881 In
1489 3843 1624 3898 pago
1656 3845 1786 3883 vero

199 3916 472 3972 Senonico
496 3927 703 3972 sextam
735 3934 858 3973 eum
906 3919 1157 3973 omnibus
1184 3919 1249 3972 ad
1295 3934 1415 3972 eam
1451 3920 1787 3989 respicienti-

196 4006 325 4071 bus,
354 4013 411 4059 et
456 4005 723 4062 universis
772 4007 1133 4077 appenditiis;
1166 4010 1489 4064 mannistam
1536 4010 1787 4066 similiter

196 4109 325 4149 cum
355 4096 605 4152 omnibus
654 4099 720 4151 ad
771 4114 891 4152 eam
937 4099 1375 4167 respicientibus,
1421 4109 1476 4155 et
1522 4102 1785 4157 uniVersis

196 4187 523 4255 appenditiis
570 4190 702 4253 suis,
736 4205 925 4245 verum
953 4192 1116 4245 etiam
1167 4203 1223 4246 et
1276 4193 1465 4247 villare
1513 4194 1565 4246 iu
1596 4209 1787 4263 supra-

198 4274 348 4330 dicto
372 4291 530 4347 pago,
563 4292 686 4331 cum
718 4279 969 4333 omnibus
1019 4281 1179 4334 rebus
1211 4279 1275 4333 ad
1304 4296 1396 4335 eas
1445 4282 1786 4351 reSpicieuti-

198 4366 323 4431 bus,
355 4376 412 4423 et
464 4369 791 4438 appenditiis
839 4384 1048 4424 earum.
1097 4369 1361 4425 Similiter
1403 4380 1459 4425 et
1504 4372 1556 4426 in
1595 4372 1783 4426 eodem

198 4471 360 4525 pago,
392 4457 445 4512 in
467 4459 588 4512 villa
618 4474 739 4528 qua:
796 4459 995 4515 dicitur
1045 4460 1368 4527 Piscatoria,
1403 4478 1523 4532 qua:
1576 4472 1658 4517 est
1682 4463 1783 4517 sita

196 4563 365 4618 super
397 4548 624 4604 Ilionem
648 4549 895 4616 ﬂuvium,
925 4558 1094 4605 totum
1125 4559 1181 4605 et
1209 4551 1274 4605 ad
1316 4551 1585 4621 integrum
1624 4553 1782 4621 quid-
1813 4579 1863 4638 D

197 4638 333 4709 quid
356 4638 441 4695 de.
461 4678 476 4694 .
496 4678 511 4695 .
530 4678 544 4693 .
565 4678 580 4694 .
600 4678 615 4694 .
650 4640 886 4695 vassallo
932 4640 1204 4696 dominico
1233 4641 1681 4710 conquisivimus,
1732 4653 1786 4698 et

202 4729 469 4800 quidquid
501 4731 569 4785 ad
608 4731 778 4802 ipsam
815 4730 1172 4786 Piscatoriam
1206 4732 1419 4802 aspicit,
1450 4734 1503 4786 in
1534 4735 1785 4789 omnibus

198 4821 467 4876 duntaxat
512 4822 563 4876 in
599 4824 796 4891 quibus
828 4824 1024 4877 ibidem
1082 4832 1265 4876 nostra
1303 4824 1514 4876 videtur
1542 4823 1786 4877 domina-

198 4910 298 4977 tio,
332 4911 414 4967 vel
435 4928 556 4968 esse
585 4917 757 4967 scitur
780 4922 1044 4983 potestas,
1085 4924 1140 4967 et
1187 4914 1448 4983 quidquid
1483 4922 1548 4967 ad
1574 4914 1664 4985 jus
1692 4930 1786 4969 no-

197 5009 377 5055 strum
409 5002 461 5055 in
493 5018 634 5071 pago
662 5003 970 5057 Tricassin
992 5004 1252 5071 pertinet.

281 5112 298 5143 ι
336 5094 457 5149 Pari
489 5096 654 5150 etiam
703 5096 894 5150 ordine
946 5095 1289 5150 fundavimus
1327 5096 1472 5151 aliud
1511 5107 1782 5152 monaste-

204 5185 366 5250 rium,
398 5188 587 5243 eodem
619 5188 817 5253 surdio,
866 5188 1165 5259 eademque
1196 5188 1499 5255 devotione,
1544 5198 1601 5242 ut
1631 5190 1784 5243 babi-

202 5271 440 5325 taculum
472 5278 784 5332 ancillarum
815 5277 908 5332 Dei
938 5279 1039 5333 sub
1070 5278 1301 5346 regulari
1343 5280 1703 5341 districtione,
1732 5289 1788 5334 et

178 5361 543 5420 institutione
572 5372 741 5422 sancti
782 5370 1058 5424 Benedicti
1087 5371 1384 5425 viventium
1426 5372 1580 5426 ﬁeret
1611 5373 1662 5425 in
1690 5374 1785 5427 lio-

127 5436 153 5471 ³
206 5471 338 5511 nore
393 5456 603 5512 Domini
658 5462 825 5513 nostri
865 5462 991 5515 Jesu
1032 5461 1257 5524 Christi,
1292 5464 1345 5516 in
1379 5462 1496 5518 loco
1535 5464 1617 5518 vel
1654 5481 1785 5535 agro

214 5550 304 5617 qui
331 5550 530 5604 dicitur
575 5548 914 5615 Virziliacus,
947 5553 998 5605 in
1038 5566 1177 5622 pago
1219 5552 1497 5619 Avaleusi,
1541 5555 1592 5606 in
1620 5570 1784 5624 regno

203 5636 553 5710 Burgundize,
582 5640 670 5694 ubi
698 5648 753 5695 et
801 5642 1124 5697 contulimus
1157 5641 1309 5696 villas
1355 5644 1472 5697 has.
1525 5644 1781 5699 Eamdem

209 5732 397 5801 ipsam,
433 5732 482 5786 in
514 5749 616 5802 qua
665 5733 828 5788 situm
873 5742 955 5789 est
993 5749 1206 5789 sacrum
1242 5742 1299 5788 et.
1326 5735 1636 5789 venerabile
1663 5751 1781 5789 mo-

213 5824 521 5889 nasterium,
554 5823 913 5891 Virziliacum,
960 5840 1124 5895 quam
1171 5824 1624 5881 conunutavimus
1659 5840 1780 5881 cum

1893 3360 2119 3414 rendam
2161 3360 2343 3414 sedem
2385 3360 2663 3414 beatorum
2716 3360 3101 3429 apostolorum,
3128 3360 3211 3412 cui
3242 3360 3351 3412 loca
3380 3372 3474 3411 ea-

1890 3450 2009 3504 dem
2032 3450 2387 3516 subdidimus,
2415 3450 2597 3504 Roma:
2624 3449 2920 3503 offerantur
2946 3451 3102 3504 beato
3121 3448 3356 3518 pontiﬁci
3379 3449 3477 3503 Ur-

1890 3540 1973 3595 bis
1999 3540 2146 3595 libra:
2174 3541 2382 3611 argenti
2415 3541 2550 3595 duae.

1965 3651 1985 3682 ι
2030 3632 2096 3686 Ει
2131 3632 2254 3701 quia
2285 3632 2528 3687 ultronea
2553 3632 2824 3685 voluntate
2845 3631 3148 3693 charitatis,
3180 3640 3340 3700 atque
3371 3631 3469 3684 hu-

1890 3724 2163 3777 manitatis
2195 3722 2388 3788 oﬁicio,
2418 3722 2727 3792 quotidiana
2765 3723 3022 3777 beneﬁcia
3079 3723 3272 3777 docent
3317 3738 3478 3776 exer-

1889 3813 2089 3879 cenda,
2119 3813 2283 3869 liberi,
2300 3822 2479 3869 tamen
2523 3814 2589 3868 ab
2614 3814 2733 3869 aliis
2773 3814 3194 3868 exhibitionibus
3223 3815 3469 3867 monachi

1888 3903 1989 3957 sub
2013 3903 2195 3972 quieto
2218 3903 2437 3958 servitio
2468 3903 2783 3973 regulariter
2806 3904 3010 3965 vivant,
3032 3903 3291 3958 orationis
3318 3903 3475 3957 obso~

1888 3994 2012 4062 quia
2065 3993 2378 4049 solemniter
2428 3992 2715 4048 offerentes
2757 3994 2881 4054 Deo,
2931 4009 3027 4061 pro
3072 3992 3473 4063 gloriosissimis

1888 4085 2120 4155 dominis
2147 4095 2201 4140 et
2248 4085 2549 4140 senioribus
2590 4086 2789 4140 nostris
2817 4085 3085 4140 Ludovico
3124 4086 3386 4155 Augusto,
3417 4096 3473 4140 et

1887 4176 2079 4230 Carolo
2118 4174 2233 4242 ejus
2276 4175 2418 4239 ﬁlio,
2450 4185 2504 4229 et
2541 4175 2890 4245 praecellentis
2922 4177 3194 4229 memoriae
3232 4175 3473 4230 domina-

1886 4267 1988 4320 bus
2014 4265 2222 4330 Judith,
2258 4274 2419 4334 atque
2446 4266 2871 4330 Hermentrude;
2904 4269 2996 4319 scd
3040 4277 3095 4319 et
3121 4266 3472 4335 prarclarissi-

1888 4371 1989 4410 ma:
2036 4357 2165 4410 item
2208 4356 2595 4411 recordationis
2623 4356 2924 4427 genitornm
2957 4357 3383 4423 genitricumquc
3412 4355 3473 4407 ﬁ-

1886 4446 2192 4517 liorumque
2218 4446 2484 4513 ipsorum,
2516 4448 2605 4515 qui
2643 4446 2757 4499 sive
2794 4447 3001 4507 vivunt,
3030 4446 3143 4499 sive
3176 4443 3289 4512 jam
3340 4446 3468 4497 dor-

1888 4537 2126 4591 mieruut
2154 4539 2205 4591 in
2237 4537 2485 4600 Domino,
2510 4552 2605 4604 pro
2648 4535 2805 4589 nobis
2843 4536 3004 4589 etiam
3040 4534 3289 4603 ﬁliisque,
3322 4549 3383 4587 ac
3410 4534 3471 4586 ﬁ-

1889 4628 2059 4683 liabus
2090 4630 2410 4689 viventibus,
2441 4628 2553 4681 sive
2594 4626 2894 4689 defunctis,
2927 4626 3242 4695 cum-tisque
3283 4626 3470 4678 amicis

1886 4721 2104 4784 nostris,
2138 4721 2483 4789 omniumque
2522 4718 2756 4771 ﬁdelium
2787 4715 3146 4770 multitudine.

1961 4829 1981 4863 ι
2028 4810 2141 4866 Hoc
2171 4826 2298 4864 vero
2347 4809 2755 4871 monasterium,
2792 4807 2905 4860 sive
2933 4806 3073 4858 aliud
3104 4821 3263 4875 supra
3295 4804 3469 4858 nomi-

1887 4915 2094 4966 natum,
2121 4918 2242 4957 cum
2272 4902 2521 4956 omnibus
2546 4900 2709 4954 rebus
2749 4898 2818 4951 ibi
2866 4897 3096 4959 collatis,
3143 4896 3468 4949 beali83illli3

1888 4996 2144 5065 apostolis
2174 4996 2311 5063 apud
2347 4994 2569 5047 Romam
2595 4989 2951 5051 subdidimus,
2978 4997 3032 5042 et
3058 4988 3468 5039 testaruenuu-io

1887 5087 2069 5142 libello
2099 5088 2224 5140 dato
2254 5097 2456 5140 mterne
2485 5081 2831 5154 pontiﬁcibus
2868 5078 3031 5135 Urbis
3075 5076 3238 5139 illius,
3271 5075 3360 5143 qui
3387 5076 3467 5127 vi-

1888 5198 1949 5238 ce
1972 5180 2264 5250 apostolica
2294 5178 2454 5233 anuis
2483 5173 2832 5245 sequentibus
2855 5171 3039 5227 sedem
3074 5168 3366 5232 tenuerint,
3398 5168 3468 5220 ad

1889 5273 2203 5344 regendum,
2236 5269 2616 5330 ordinandum,
2650 5281 2753 5320 non
2804 5274 2985 5318 tamen
3017 5271 3074 5315 ut
3123 5258 3465 5314 beneﬁciaria

1889 5373 2171 5438 potestate.
2212 5363 2453 5430 Cumque
2482 5360 2663 5422 dandi,
2697 5366 2791 5412 aut
2813 5351 3221 5427 procaminandi
3249 5350 3463 5407 licentia

1887 5460 1956 5511 sit
1982 5455 2330 5524 disponenda,
2363 5457 2618 5520 perpetuo
2643 5448 3029 5510 commisimus,
3059 5454 3118 5498 ut
3139 5457 3326 5497 eorum
3354 5439 3463 5493 sol-

1887 5544 2047 5600 licizis
2098 5542 2309 5604 studiis,
2350 5551 2406 5593 et
2444 5537 2585 5607 vigili
2635 5536 2962 5605 provisione,
3005 5536 3159 5605 juxta
3220 5538 3461 5584 nostram

1886 5637 2247 5696 devotionem,
2279 5628 2461 5697 religio
2483 5627 2696 5696 pietatis
2723 5635 2776 5679 et
2803 5626 3099 5679 honestatis
3137 5623 3203 5675 ad
3230 5620 3457 5691 gloriam

1886 5728 1978 5782 Dei
2012 5740 2222 5794 semper
2251 5722 2320 5775 ibi
2349 5728 2646 5783 excrescat,
2673 5728 2726 5770 et
2751 5717 2956 5770 fructus
2980 5717 3116 5781 apud
3143 5716 3305 5769 Deum
3336 5726 3463 5779 pro.

1885 5818 2104 5888 pensior
2129 5822 2432 5887 generetur.
2477 5812 2604 5865 Illud
2654 5819 2908 5879 perpetue
2952 5810 3161 5861 tinuum
3194 5807 3458 5866 volumus,
