4032 6336
563 379 693 437 1191

1471 358 1561 431 An
1598 375 1749 433 opp.
1790 373 1946 429 ves.
2013 372 2340 430 CUIBERTI
2383 373 2469 427 DE
2511 370 2907 431 NOVIGENTO

3704 378 3839 435 “93

559 503 620 549 ut
657 491 866 561 quoties
907 490 1075 545 abbas
1101 489 1185 545 vel
1207 489 1484 544 abbatissa
1518 490 1584 544 de
1615 491 1851 559 praefatis
1879 499 2151 542 monaste—
2180 495 2222 549 Λ
2259 486 2422 540 baldi.
2457 487 2515 542 8.
2550 486 2807 543 Zenonis.
2837 488 2896 542 S.
2927 490 3200 544 Udolardi.
3234 492 3290 546 8.
3328 491 3614 548 Odcberti.
3656 494 3719 549 S.
3742 498 3844 549 Au-

562 587 659 640 riis
695 592 945 651 respectu
974 582 1156 636 divino
1209 598 1239 635 a
1288 581 1545 651 religione
1571 589 1755 634 nostra
1785 581 1986 634 sanctis
2012 597 2137 649 apo-

559 676 713 732 stolis
739 673 1078 738 contraditis,
1106 688 1172 727 ex
1221 674 1321 726 har.
1354 672 1471 725 luce
1502 672 1873 742 migraverint,
1908 687 2130 740 congre-

559 767 806 833 gatioues
834 764 987 837 ipsae,
1014 778 1151 832 quas
1180 765 1246 817 de
1276 762 1672 817 venerabilibus
1701 761 1832 815 locis
1866 763 2005 816 Deus
2025 775 2146 815 esse

560 855 819 919 voluerit,
884 855 1120 909 habeant
1161 869 1471 909 concessam
1522 854 1624 907 sibi
1672 862 1991 921 potestatem
2022 869 2143 907 cum

562 947 1017 1016 interrogatione,
1069 954 1490 1013 sanctorumque
1516 946 1754 998 virorum
1784 944 2040 1009 consilio,
2070 944 2147 996 al-

566 1050 739 1091 terum
788 1037 869 1092 vel
928 1038 1153 1090 alteram
1194 1036 1349 1090 bona:
1394 1036 1516 1089 vitze
1564 1044 1620 1089 et
1666 1036 1787 1088 boni
1818 1036 2143 1099 testimonii,

562 1129 854 1182 auxiliante
883 1129 1131 1189 Domino,
1165 1142 1228 1181 ex
1274 1140 1373 1179 suo
1409 1125 1684 1179 consortio
1727 1136 1889 1195 atque
1920 1125 2146 1194 collegio

561 1219 792 1271 electum
823 1216 903 1270 vel
927 1218 1156 1270 eiectam
1187 1214 1541 1284 praaliciendi,
1582 1226 1941 1285 prosequente
1970 1218 2146 1286 ponti-

563 1308 679 1362 ticis
704 1323 865 1375 super
887 1307 989 1361 hac
1018 1323 1073 1360 re
1096 1307 1437 1375 probatione,
1457 1307 1547 1376 qui
1582 1308 1764 1361 sedem
1792 1308 2143 1377 apostolicam

566 1408 696 1450 tunc
728 1397 988 1466 temporis
1019 1398 1296 1451 meruerit.

640 1504 658 1536 ι
690 1488 794 1540 Sed
826 1496 882 1541 et
909 1504 1084 1541 rerum
1112 1488 1388 1557 quantitas
1408 1489 1458 1543 in
1483 1487 1840 1559 suscipiendis
1866 1488 2140 1550 fratribus,

564 1576 647 1629 vel
669 1578 943 1630 sororibus
968 1594 1181 1647 semper
1209 1580 1542 1645 attendatnr,
1565 1596 1632 1635 ne
1662 1578 1927 1650 superﬂuo
1954 1597 2144 1634 nume-

564 1682 625 1720 ro
654 1669 1100 1737 congregationes
1134 1672 1260 1739 ἱρείη
1314 1671 1476 1740 (quod
1525 1671 1688 1739 absit)
1741 1672 1876 1726 forte
1911 1684 2147 1742 gravata:

560 1756 904 1812 delabantur.
954 1760 1083 1814 Illud
1114 1776 1328 1831 quoque
1359 1778 1700 1832 summopere
1747 1778 2051 1827 monemus,
2092 1773 2147 1819 ct

2250 579 2459 649 storici.
2485 578 2544 630 8.
2574 581 2893 635 Amalberti.
2929 600 2945 631 ι

2285 690 2500 744 Nicolai
2525 709 2675 761 papte
2720 692 2749 745 Ι
2779 692 3106 761 conﬁrmatio
3144 692 3474 761 fundationis
3500 700 3814 750 monasterii

2856 760 2885 813 V
2897 760 3242 819 iseliacensis.

2325 869 2344 901 ι
2390 850 2646 907 Nicotaus
2687 852 2992 922 episcopus,
3019 870 3209 910 servus
3247 871 3529 911 servorum
3570 856 3691 917 Dei.
3728 858 3847 911 reli-

2246 939 2433 1009 giosze,
2464 951 2517 995 et
2552 943 2664 996 Deo
2703 942 2916 1005 dicatae,
2958 958 3080 1012 qua:
3112 944 3292 998 divino
3342 954 3514 1009 nutu,
3548 945 3843 1016 divinaque

2246 1034 2581 1101 providentia
2610 1034 2663 1088 in
2688 1034 2856 1106 656
2897 1038 3227 1091 monasterio
3263 1036 3429 1092 fuerit
3456 1039 3788 1095 constituta.
3820 1059 3837 1088 ι

2246 1132 2349 1176 etc.
2400 1122 2531 1177 Vide
2573 1125 2711 1177 inter
2752 1124 3001 1193 epistolas
3070 1136 3115 1179 et
3178 1126 3470 1196 diplomata
3519 1125 3749 1182 Nieolci
3796 1128 3840 1192 1,

2247 1212 2564 1285 Patrologia:
2589 1226 2631 1269 t.
2657 1214 2750 1270 CX
2755 1214 2839 1269 IX
2847 1256 2860 1270 .

2243 1322 2407 1394 657
2441 1323 2901 1398 Diploma__Caroli
2929 1323 3076 1379 Calvi
3106 1326 3471 1395 fundatiotmn
3498 1330 3843 1398 approbatis

2679 1394 3054 1451 Vizeliacensis
3078 1394 3402 1452 monasterii.

2320 1503 2339 1535 ι
2394 1484 2449 1539 In
2496 1485 2713 1542 nomine
2737 1495 2939 1541 sancta:
2985 1495 3040 1542 et
3071 1488 3360 1543 individua:
3397 1488 3721 1543 Trinitatis.
3751 1488 3845 1541 Ca.

2248 1575 2395 1629 rolus
2420 1575 2511 1630 Dei
2535 1576 2710 1646 gratia
2742 1592 2857 1632 rex.
2883 1578 2941 1632 Si
2966 1578 3223 1632 nobilium
3251 1590 3306 1633 et
3334 1579 3663 1640 illustrium,
3692 1600 3711 1629 ι
3742 1592 3842 1632 etc.

2260 1663 2385 1717 Vide
2404 1664 2835 1733 interdiplomata
2848 1665 3024 1721 Caroli
3040 1666 3188 1723 Calvi
3210 1665 3557 1738 Patrologitet
3579 1667 3733 1722 CXX
3743 1669 3769 1723 l
3787 1670 3843 1723 ιτ.

2316 1755 2482 1827 658
2516 1756 2733 1826 Aliquot
2754 1767 2873 1826 post
2896 1760 3074 1825 annis,
3098 1760 3617 1815 sanctimonialibus
3652 1777 3844 1815 aman-

559 1848 664 1903 S'li)
713 1850 1073 1906 obtestatione
1115 1854 1277 1906 etiam
1328 1854 1632 1907 inhibemus
1680 1869 1745 1908 ne
1793 1854 1878 1908 cui
1933 1854 2145 1923 pietatis
2180 1836 2219 1892 Β
2248 1847 2407 1913 daliS,
2441 1848 2495 1900 in
2526 1845 2903 1902 Veteliacense
2945 1850 3251 1904 cwnobium
3289 1865 3614 1905 suecessere
3656 1868 3849 1905 motui

563 1952 766 1995 nostra:
809 1953 990 1996 votum
1022 1942 1177 1997 liceat
1226 1944 1276 1997 in
1316 1953 1630 2013 perpetuum
1661 1955 2026 2004 commutare.
2064 1945 2147 1998 vel

562 2045 894 2100 prtepostero
926 2034 1116 2087 ordine
1166 2034 1513 2104 irrumpenth
1546 2035 1887 2103 perturbare.
1919 2035 2069 2100 Quod
2101 2036 2144 2087 si

562 2121 708 2187 quis,
742 2122 883 2190 qttod
945 2139 1049 2175 non
1105 2123 1377 2177 credimus
1431 2122 1694 2188 futurum,
1747 2125 2149 2192 pra‘sumpscrit

563 2213 765 2266 do.uini
799 2225 853 2267 et
882 2216 1110 2269 senioris
1142 2215 1310 2269 nostri
1349 2214 1526 2269 Caroli
1565 2214 1645 2267 Pii
1698 2216 1839 2284 regis
1882 2228 2148 2282 prteccpto

564 2313 873 2368 iamnatus,
900 2306 1125 2360 Domino
1149 2306 1255 2361 Deo
1278 2315 1463 2360 nostro
1481 2305 1693 2376 dignam
1719 2304 1846 2359 lacti
1872 2305 1952 2357 sui
1979 2306 2147 2357 vicem

564 2395 612 2448 ei
648 2396 923 2461 reddente,
954 2413 1019 2451 ex
1051 2398 1313 2452 sententia
1357 2399 1527 2451 sancti
1565 2397 1853 2465 pontiﬁcis,
1898 2396 2067 2459 vobis,
2095 2406 2149 2448 et

562 2486 861 2556 Sacrilegus
889 2497 944 2541 et
965 2503 1246 2541 sacrarum
1276 2504 1457 2543 rerum
1487 2487 1791 2551 fraudator,
1824 2502 1854 2539 a
1880 2498 2021 2540 coetu
2051 2504 2147 2556 po-

564 2576 673 2644 puli
709 2578 797 2631 Dci
828 2588 1119 2637 extraneas
1144 2593 1360 2648 poenam
1388 2590 1667 2645 teternam,
1697 2579 1800 2635 nisi
1836 2580 2146 2647 rcsipuerit,

565 2667 833 2721 incurrat.

641 2778 664 2812 ι
711 2762 817 2815 Sed
842 2770 897 2814 et
929 2771 1022 2813 ut;
1048 2777 1255 2825 omnes,
1282 2762 1616 2816 sanctissimi
1640 2762 1829 2818 Patres
1866 2771 1920 2817 et
1945 2763 2151 2831 episco-

564 2850 642 2918 pi,
679 2865 774 2919 per
801 2849 1217 2920 Redemptorem
1273 2850 1556 2904 Dominum
1600 2858 1845 2904 nostrum
1896 2850 2151 2918 depreca-

574 2956 715 3005 mur,
744 2949 801 2993 ιιι
831 2942 955 2995 huic
985 2951 1181 2996 nostra:
1213 2942 1512 2996 devotionis
1540 2942 1690 3011 operi
1729 2956 1943 3012 semper
1968 2944 2151 3011 digne-

571 3033 702 3085 mini
738 3042 1042 3098 exactores,
1090 3042 1145 3087 et
1194 3032 1465 3100 adjutores
1497 3036 1549 3088 in
1590 3034 1843 3089 omnibus
1894 3035 2148 3089 existere.

567 3125 721 3191 Quod
757 3125 809 3179 in
842 3125 1000 3179 linem
1031 3127 1353 3180 timuendum
1391 3128 1459 3181 sit
1489 3127 1591 3197 piis
1616 3137 1669 3182 et
1695 3128 2033 3182 charissimis
2058 3145 2153 3182 no-

570 3217 703 3272 stris
741 3218 916 3273 servis
936 3216 1037 3272 Dei
1073 3218 1125 3272 in
1164 3219 1506 3274 monasteriis
1534 3229 1687 3275 tanto
1714 3220 1893 3275 studio
1936 3235 1968 3273 a
1999 3221 2151 3275 nobis

569 3307 834 3371 fundatis,
858 3309 1200 3380 degentibus,
1231 3318 1286 3363 et
1319 3310 1404 3380 pia
1426 3318 1482 3365 et
1511 3311 1655 3381 vigili
1695 3325 1827 3366 cura
1848 3311 2151 3366 devotionis

565 3407 625 3457 et
654 3400 930 3470 religionis
952 3402 1043 3465 sit,
1076 3418 1093 3452 ι
1133 3410 1297 3470 atque
1326 3401 1375 3455 in
1399 3402 1650 3457 omnibus
1676 3418 1734 3457 se
1756 3404 2047 3459 exhibeant
2075 3404 2152 3459 si—

569 3500 664 3544 cut
692 3489 785 3544 Dei
816 3491 1124 3556 ministros,
1154 3492 1355 3547 nemini
1384 3493 1577 3547 dantes
1602 3493 1763 3547 ullam
1799 3493 2153 3549 oll'ensionem

573 3581 907 3651 vituperandi
934 3581 1021 3655 (II
1060 3583 1183 3637 Cor.
1215 3599 1289 3649 vt,
1320 3586 1376 3653 5)
1410 3604 1429 3635 ο
1476 3586 1938 3655 religiosissimum
1967 3594 2022 3641 et
2062 3601 2151 3640 sa-

571 3687 726 3728 crum
753 3674 1000 3729 ordinem
1057 3676 1364 3730 monasterii
1396 3676 1511 3740 sui,
1556 3684 1624 3730 ἰιι
1669 3676 1975 3745 apostolicae
2009 3677 2155 3732 setis

572 3762 815 3831 pontifex
839 3763 910 3817 sit
936 3763 1017 3817 eis
1046 3773 1223 3819 rector
1253 3766 1522 3829 assiduus,
1550 3766 1860 3820 consolator
1888 3775 1945 3821 et
1974 3775 2151 3832 tutor;

574 3861 843 3921 quatenus
885 3855 1098 3923 corpori
1147 3864 1203 3910 et
1240 3856 1498 3911 membris
1545 3857 1795 3912 Ecclesiae
1846 3858 2157 3912 lidelissima

575 3943 844 3998 charitate
878 3953 935 3999 et
978 3944 1383 4015 religiosissima
1418 3948 1724 4001 obedientia
1768 3948 1963 4016 juncti,
1990 3948 2156 4002 etiam

577 4036 740 4106 capiti
774 4038 936 4093 totius
958 4039 1223 4109 corporis,
1250 4040 1391 4109 quod
1422 4052 1507 4096 est
1533 4041 1801 4106 Christus,
1846 4052 2159 4098 mereantur

577 4142 838 4199 compage
864 4131 1080 4185 sOciari.

652 4245 674 4278 ι
722 4225 836 4282 Hoc
863 4237 1041 4282 autem
1086 4235 1466 4282 testamentum
1499 4228 1655 4298 plena
1701 4245 1732 4283 a
1769 4229 1923 4284 nobis
1961 4229 2159 4298 pietate

573 4329 628 4373 et
654 4320 940 4374 devotione
968 4319 1292 4383 confectum,
1328 4329 1385 4374 ut
1413 4322 1558 4374 onmi
1595 4329 1837 4389 tempore
1867 4321 2158 4391 irrefraga-

576 4410 737 4465 bilem
767 4412 1010 4466 obtineat
1044 4411 1353 4467 ﬁrmitatem
1374 4452 1387 4473 ,
1410 4413 1576 4467 etiam
1622 4428 1812 4467 manus
1841 4425 2063 4475 nostrae,
2104 4423 2161 4469 et

577 4500 869 4555 illustrium
899 4501 1139 4556 virorum
1169 4502 1660 4572 subscriptionibus
1687 4504 1965 4559 sanximus
1996 4505 2154 4559 robo-

577 4593 832 4647 modum.

657 4697 677 4730 ι
725 4678 785 4735 8.
834 4680 1058 4737 Gerardi
1112 4680 1358 4746 comitis,
1390 4681 1448 4736 S.
1506 4683 1715 4739 Bertlue
1771 4683 2018 4756 conjugis
2068 4685 2159 4754 qui

581 4772 722 4826 hanc
749 4770 1075 4827 oblationem
1107 4774 1217 4827 Deo
1239 4788 1338 4843 pro
1361 4774 1600 4828 remedio
1628 4775 1823 4829 animae
1859 4791 1968 4829 sum
1999 4778 2159 4829 obtu-

579 4859 784 4921 lerunt,
816 4869 873 4913 et
921 4869 1247 4916 testamento
1288 4860 1433 4917 l'acto
1468 4864 1842 4929 ﬁrmaverunt,
1877 4879 2037 4934 atque
2081 4868 2164 4919 tir.

582 4951 720 5004 mari
743 4949 1045 5019 jusserunt.

656 5055 677 5088 ί
727 5037 785 5093 8.
838 5039 961 5094 Eva:
991 5038 1114 5094 ﬁliae
1160 5040 1398 5110 ipsormn
1437 5058 1558 5112 quae
1603 5044 1933 5098 voluntatem
1964 5022 2164 5113 paren-

584 5135 721 5192 tutn,
749 5137 805 5181 et
832 5128 1160 5184 oblationem
1194 5131 1301 5185 Deo
1323 5129 1542 5195 factam,
1567 5132 1832 5187 audiemlo
1862 5143 1917 5188 et
1945 5135 2165 5188 lirtnan-

583 5219 654 5273 do
678 5221 967 5275 consentiit
986 5264 1001 5287 ,
1029 5222 1420 5277 consentiendo
1445 5224 1805 5278 conﬁrmavit.

661 5328 679 5363 ι
729 5312 785 5365 8.
820 5312 1091 5369 Sanvarii.
1127 5313 1183 5369 8.
1238 5316 1493 5371 Simonis.
1527 5316 1585 5371 8.
1615 5317 1815 5373 Fanvel
1867 5317 1924 5373 S.
1954 5318 2164 5374 Bauna-

584 5400 652 5453 ri.
687 5402 746 5455 8.
783 5402 1063 5459 Widerici.
1099 5404 1158 5459 S.
1198 5404 1447 5461 Gerardi.
1478 5407 1535 5463 8.
1571 5407 1814 5464 Rotardi.
1851 5409 1907 5464 S.
1936 5411 2161 5466 Abenis.

588 5490 649 5545 8.
680 5489 953 5560 Auzgarii.
992 5494 1050 5550 S.
1093 5495 1306 5566 Optadi.
1338 5498 1397 5552 8.
1439 5498 1666 5554 Gall‘ari.
1712 5500 1773 5555 8.
1820 5501 2071 5556 Athonis.
2102 5500 2162 5556 8.

589 5580 815 5634 Ardulli.
853 5580 906 5637 8.
942 5582 1242 5640 Bercharii.
1289 5588 1345 5641 8.
1378 5586 1716 5658 llaganaudi.
1750 5591 1806 5646 8.
1859 5592 2162 5647 Leuderici.

588 5670 649 5725 8.
677 5671 904 5725 Alverti.
947 5674 1003 5727 8.
1051 5674 1385 5731 Fredeherti.
1419 5679 1475 5733 8.
1505 5680 1795 5750 ltadulphi.
1833 5682 1891 5738 S.
1914 5684 2160 5739 Gerardi.

588 5760 652 5819 8.
702 5761 979 5833 Sigiberti.
1025 5762 1084 5817 8.
1121 5764 1428 5826 Gislcmari.
1490 5771 1549 5824 8.
1583 5772 1882 5828 Gauzelini.
1934 5774 1990 5829 8.
2029 5776 2173 5849 Λευ-η

2248 1938 2332 1991 chi
2356 1954 2369 2002 ;
2402 1937 2493 2007 qui
2529 1940 2743 1993 tandem
2769 1939 3013 2008 pluribus
3032 1941 3245 1996 saeculis
3270 1942 3471 2010 elapsis
3499 1958 3654 1996 anuo
3686 1943 3845 1996 nina-

2250 2043 2367 2080 rum
2400 2028 2559 2094 1557,
2589 2029 2826 2083 obtentis
2848 2029 2971 2083 dolo
3000 2046 3031 2083 a
3058 2045 3268 2085 sununo
3296 2032 3563 2101 pontitice
3594 2030 3769 2084 Paulo
3786 2032 3845 2085 ιιι

2250 2118 2444 2174 litteris
2472 2120 2705 2185 bullatis,
2732 2122 3010 2176 cucullum
3058 2123 3469 2189 abdicaverunt,
3520 2139 3594 2178 ac
3622 2126 3845 2178 saecula.

2250 2214 2389 2279 rium
2422 2216 2809 2268 cauonicorum
2852 2230 3031 2270 mores
3056 2224 3114 2270 et
3142 2225 3320 2271 vestes
3352 2217 3613 2270 induere.

2322 2302 2437 2371 (“9)
2477 2300 2605 2355 CAP.
2639 2302 2729 2357 IX.
2776 2333 2845 2342 —
2893 2305 3066 2357 Abbas
3108 2317 3281 2358 autem
3337 2305 3529 2360 Sancti
3594 2304 3839 2357 Vincam!"

2252 2380 2529 2452 Adalbero.
2574 2396 2745 2463 Quem
2779 2412 2939 2465 supra
2972 2397 3131 2453 seriei
3179 2399 3434 2453 abbatum
3480 2397 3549 2452 S.
3588 2396 3769 2452 Vincta
3792 2397 3831 2452 ii

2254 2485 2623 2541 Laudunensis
2656 2487 3050 2552 accensuimus,
3083 2496 3272 2557 estque
3301 2488 3653 2543 undecimus.

2323 2573 2437 2644 tm)
2477 2574 2605 2629 Car.
2637 2573 2705 2627 Χ.
2741 2605 2812 2613 -
2851 2574 2919 2628 Et
2948 2575 3184 2631 Salbano
3225 2576 3553 2648 superjecto.
3589 2577 3739 2647 Lege
3764 2577 3848 2630 Sec

2253 2664 2407 2721 banc.
2454 2666 2571 2734 Quo
2612 2669 2777 2722 verbo
2834 2684 2962 2725 usus
2999 2680 3084 2725 est
3118 2681 3308 2726 auctor
3355 2680 3553 2726 noster
3600 2672 3748 2724 libro
3784 2671 3850 2724 De

2254 2756 2584 2827 virginitate,
2613 2773 2733 2831 cap.
2764 2759 2853 2815 10.
2902 2778 2923 2813 ι
2962 2760 3289 2831 Sabanoque
3319 2777 3384 2815 ac
3406 2763 3669 2817 vestibus
3701 2778 3765 2817 ac
3810 2762 3849 2814 si

2251 2848 2649 2905 somnolentum
2686 2852 2908 2921 operiri.
2949 2871 2969 2904 ι
3000 2851 3106 2907 Pro
3135 2852 3314 2908 linteo’
3338 2862 3680 2923 usurpatur,
3717 2854 3849 2907 velut

2253 2939 2462 3007 antiqui
2505 2941 2799 3010 scriptores
2849 2950 3146 3010 exponunt.
3179 2942 3361 2996 Victor
3390 2941 3683 2997 Uticensis
3726 2942 3849 2995 libro

2257 3030 2416 3083 tertio
2467 3041 2595 3086 ante
2626 3031 2884 3087 medium.
2910 3031 3126 3087 hluritta
3155 3032 3418 3089 diaconus
3468 3033 3849 3102 Elpidol‘orun

2255 3120 2579 3176 Christiana:
2612 3120 2886 3191 religionis
2927 3121 3279 3187 desertorem,
3306 3138 3373 3179 ac
3422 3124 3717 3179 crudelem
3749 3140 3854 3191 per-

2256 3220 2585 3277 secutorem,
2613 3225 2771 3281 quem
2804 3226 2835 3267 e
2874 3226 3033 3267 sacro
3075 3211 3222 3268 fonte
3248 3222 3596 3283 susceperat,
3620 3214 3854 3283 alloqui-

2255 3306 2384 3351 tur:
2432 3317 2450 3349 ι
2502 3299 2653 3353 Clam
2707 3299 2851 3356 furto
2906 3302 3271 3358 nescientibus
3318 3304 3537 3358 cunctis
3577 3302 3855 3371 bajuiabat

2257 3388 2370 3456 illa,
2402 3392 2599 3461 quibus
2636 3408 2760 3447 eum
2806 3393 3106 3463 suscipiens
3137 3396 3202 3449 de
3229 3394 3378 3449 lbtite
3400 3395 3614 3448 dudum
3645 3404 3855 3452 texerat

2253 3478 2479 3533 sabana.
2517 3500 2535 3532 ι
2570 3480 2635 3535 Et
2687 3482 2826 3534 infra
2877 3483 3007 3550 quid
3038 3483 3298 3537 sabanum
3353 3484 3623 3555 explicat.
3673 3506 3693 3535 ι
3736 3485 3854 3538 Haec

2254 3578 2379 3623 sunt
2403 3569 2738 3635 linteamina,
2765 3571 3093 3641 Elpidofore,
3117 3588 3237 3642 qua:
3266 3583 3316 3628 te
3336 3574 3706 3636 accusabunt,
3733 3575 3853 3627 dum

2255 3658 2509 3726 majestas
2539 3661 2746 3714 venerit
2767 3660 3086 3730 judicantis.
3126 3680 3144 3712 ι
3195 3662 3403 3717 Viuesis
3432 3674 3697 3717 sanctum
3728 3661 3854 3717 Gre-

2255 3750 2464 3819 gorium
2504 3765 2722 3820 papam,
2777 3750 2915 3805 libro
2958 3766 3033 3819 tv,
3061 3752 3267 3823 Dialog.
3311 3768 3437 3821 cap.
3462 3752 3562 3817 55,
3616 3754 3691 3807 de
3721 3752 3852 3806 Ceu-

2258 3836 2595 3891 tumcellensi
2649 3839 2993 3909 presbytero,
3040 3850 3284 3895 sanctum
3335 3840 3689 3895 Bonifaciuni
3746 3841 3851 3894 Mo-

2256 3939 2405 3997 gunt.
2434 3929 2594 3998 epist.
2628 3929 2694 3983 10
2722 3939 2777 3984 et
2806 3931 2909 3985 145
2954 3932 3006 3984 in
3038 3931 3175 3995 line;
3223 3930 3446 3985 Paulum
3482 3948 3688 4003 papam
3717 3932 3761 3993 l,
3793 3932 3854 3984 ad

2255 4019 2538 4088 Pippinum
2593 4036 2806 4090 regem,
2863 4031 3010 4076 tumo
3067 4022 3131 4076 lli
3176 4021 3312 4077 Hist.
3370 4022 3573 4077 Franc.
3623 4024 3853 4076 Andre:

2258 4110 2537 4166 Duchcsne
2566 4127 2688 4183 pag.
2730 4111 2853 4167 746.

2328 4205 2441 4274 (¹¹¹)
2484 4204 2613 4259 lato.
2645 4236 2717 4246 —
2744 4205 2961 4260 Delatus
2991 4207 3059 4259 ad
3105 4207 3396 4268 ecclesiam,
3433 4216 3546 4260 etc.
3575 4237 3651 4246 —
3678 4206 3854 4271 Quare

2259 4295 2311 4348 in
2340 4296 2569 4351 ecclesia
2602 4295 2713 4351 San
2762 4297 3116 4352 Vincentiana
3159 4298 3401 4366 sepultus
3432 4296 3599 4350 fuerit
3639 4296 3853 4351 Gauri-

2258 4403 2354 4443 cus
2379 4403 2465 4457 ep.
2488 4387 2747 4443 rationem
2768 4386 3015 4443 dedimus
3038 4388 3093 4443 in
3115 4378 3410 4443 sumniario
3436 4386 3582 4442 llist.
3608 4388 3851 4455 ejusdem

2262 4478 2605 4544 monasterii;
2630 4478 2771 4548 quod
2796 4478 3052 4533 nimirum
3077 4480 3307 4534 ecclesia
3344 4478 3429 4531 illa
3463 4479 3851 4548 episcoporum

2189 4532 2237 4590 Β
2264 4532 2699 4625 Laudunensiuin
2729 4570 2891 4625 fuerit
2918 4571 3313 4625 cmmeterium.
3346 4571 3704 4639 Epitaphium
3726 4569 3851 4623 Gal-

2260 4663 2393 4717 drici
2425 4678 2559 4731 pene
2595 4663 2937 4718 obliteratum
2973 4675 3180 4734 prostat
3225 4674 3351 4719 ante
3380 4664 3555 4718 altare
3584 4662 3646 4718 8.
3686 4665 3852 4718 Bene-

2263 4752 2395 4809 dicti
2420 4755 2469 4807 in
2504 4754 2617 4808 brec
2650 4771 2695 4805 vi
2719 4756 2811 4809 rba
2845 4773 2857 4810 :

2333 4905 2564 4959 Fructus
2593 4924 2839 4975 amorque
2863 4907 3051 4976 gregis,
3085 4908 3353 4975 utriusque
3376 4908 3636 4960 modestia
3663 4906 3814 4976 legis.

2417 4976 2593 5029 Vivere
2620 4978 2745 5029 dum
2775 4979 2917 5029 licuit
2963 4978 3261 5030 Waldricus
3293 4979 3390 5029 iste
3418 4979 3543 5045 fuit.

2335 5045 2552 5117 Praesul
2576 5046 2846 5117 pr:.dentis
2870 5062 3024 5113 super
3053 5047 3159 5100 ultu
3191 5048 3397 5117 negotia
3426 5047 3635 5101 mentis.

2408 5114 2653 5169 Ecclesia:
2684 5115 2893 5185 clypens
2928 5117 2991 5168 sit
3021 5133 3145 5169 suus
3176 5114 3297 5169 inde
3325 5117 3486 5169 Deus.

3291 5185 3394 5239 Via:
3419 5197 3561 5238 terra
3593 5186 3780 5249 recepit

2339 5294 2352 5307 .
2434 5292 2447 5307 .
2528 5294 2540 5305 .
2619 5292 2635 5307 .
2716 5295 2728 5307 .
2807 5293 2823 5307 .
2901 5294 2916 5309 .
2996 5293 3011 5307 .
3060 5253 3779 5325 Pastaremjugulavitoris.

2336 5410 2447 5479 (“’)
2491 5409 2620 5465 CAP.
2663 5409 2752 5464 XI.
2783 5439 2855 5452 —-
2894 5410 3147 5464 Thomam
3176 5412 3314 5465 enim
3340 5410 3758 5473 Codiciacensis,
3798 5420 3849 5463 at

2263 5500 2478 5566 dicitur,
2509 5501 2699 5570 ﬁlium.
2732 5500 2864 5556 Late
2906 5503 3071 5556 ctiam
3111 5501 3376 5557 nefandos
3415 5500 3643 5555 Thoma:
3671 5515 3848 5554 mores

2266 5594 2378 5648 suis
2408 5594 2682 5650 coloribus
2722 5595 2964 5664 depingit
3009 5595 3269 5666 Sugerius
3322 5596 3375 5649 in
3424 5594 3548 5649 Vita
3590 5594 3843 5648 LudoWL'i

2265 5684 2477 5747 Grossi,
2510 5703 2630 5758 pag.
2668 5688 2758 5742 97.
2795 5687 2931 5742 llist.
2958 5687 3157 5742 Franc.
3190 5697 3323 5742 tom.
3370 5687 3465 5750 ιν,
3514 5687 3586 5740 ab
3627 5685 3842 5739 Andrei

2272 5776 2574 5835 Duelicsne.
2607 5778 2913 5848 Aliquando
2940 5797 2972 5834 ιι
2997 5780 3291 5835 hilominus
3319 5778 3471 5834 illum
3497 5778 3677 5842 ipsum
3707 5776 3843 5830 Tho-
