4032 6336
272 336 423 395 1193

1418 326 1631 390 DOMNI
1660 339 1722 384 ιι.
1764 325 2106 384 D‘ACIIERY
2134 321 2369 383 NOTJE.

3408 326 3543 384 “9L

280 459 428 501 mam
471 443 746 517 religionis
788 443 1049 502 cultorem
1086 442 1394 511 exstitisse,
1441 442 1861 512 exhibuisseque
1889 443 1937 498 Α
1963 436 2084 491 duci
2114 449 2325 507 opinor.
2358 432 2428 489 At
2455 432 2726 503 quodnam
2749 431 3095 491 instrumenti
3139 437 3253 495 sive
3281 441 3548 497 machina:

272 534 496 606 pietatis
522 534 784 590 exercitia
810 535 1149 593 demonstrat
1180 535 1518 606 subsequens
1547 534 1736 590 charta
1770 547 1784 585 :
1825 586 1832 592 ,

355 660 378 696 ι
423 644 479 697 In
523 643 742 698 nomine
771 642 981 710 Patris,
1027 652 1083 701 et
1126 642 1278 711 Filii,
1307 653 1364 700 et
1404 644 1638 713 Spiritus
1664 643 1859 699 sancti.

274 739 395 809 Ego
423 739 660 794 Thomas
685 740 780 794 Dei
808 741 983 810 gratia
1014 740 1414 795 Codiciacensis
1444 738 1715 801 dominus,
1741 753 1861 806 per-

274 829 520 897 pendens
544 837 747 898 quanta
793 836 994 884 sancta:
1040 828 1296 885 Ecclesiae
1338 829 1639 884 reverentia
1667 826 1865 883 debea-

276 920 389 983 tur,
422 934 542 988 quae
570 918 671 973 sub
714 919 823 974 Deo
870 918 1032 974 Patre
1070 918 1242 975 Mater
1289 929 1474 975 nostra
1499 925 1751 983 vocatur;
1807 917 1862 972 in

277 1022 387 1075 qua
420 1022 517 1078 per
541 1008 881 1078 baptismatis
923 1018 1326 1065 sacramentum
1378 1023 1783 1081 regeneramur,
1807 1015 1863 1063 et

274 1110 347 1153 ex
377 1112 483 1167 qua
510 1098 576 1152 ad
601 1099 1044 1168 superctelestem
1066 1096 1366 1154 Jerusalem
1396 1094 1865 1166 nostramprinci-

276 1190 470 1258 paliter
509 1198 735 1245 matrem
769 1189 1107 1260 colligimur:
1137 1188 1421 1246 ecclesiam
1466 1189 1637 1244 beatae
1681 1186 1864 1241 Maria:

205 1319 212 1325 .
275 1280 565 1349 Novigenti
604 1282 702 1336 sub
737 1291 923 1336 nostro
958 1291 1081 1351 post
1109 1281 1279 1336 Deum
1332 1278 1654 1350 patrocinio,
1693 1284 1751 1333 et
1794 1277 1863 1333 de

272 1373 480 1428 nostris
506 1372 788 1430 beneficiis
808 1375 1175 1440 constitutam,
1198 1373 1538 1444 prOSpieiens
1569 1371 1862 1438 plurimum

273 1479 306 1516 tt
340 1463 521 1518 debita
577 1463 826 1519 libertate
864 1464 1201 1529 claudicare,
1240 1473 1298 1519 et
1344 1464 1716 1519 ministrorum
1767 1476 1863 1517 no-

272 1561 509 1609 strorum
533 1554 974 1624 usurpationibus
1006 1555 1385 1611 miserabiliter
1413 1554 1712 1624 suhjacere,
1742 1553 1858 1622 tali,

274 1646 387 1703 Deo
411 1646 731 1716 inspirante,
757 1645 1115 1717 praerogativa
1141 1646 1383 1716 disposui
1422 1645 1714 1714 insignire;
1738 1659 1861 1700 eam

271 1736 419 1790 enim
473 1737 860 1802 reverentiam,
908 1751 1071 1807 quam
1111 1737 1180 1791 ab
1236 1735 1677 1791 antecessoribus
1720 1735 1859 1790 meis

268 1826 450 1881 eidem
505 1827 750 1883 ecclesia:
798 1828 1098 1897 impensam
1127 1827 1392 1895 comperi,
1418 1827 1643 1895 scripto,
1679 1832 1736 1879 et
1762 1838 1859 1879 au:-

268 1918 524 1973 etoritate
558 1927 765 1985 nostra,
794 1928 850 1974 et
879 1932 1165 1988 procerum
1194 1926 1508 1973 nostrorum
1544 1914 1858 1973 testimonio

269 2008 530 2063 roborare
558 2008 794 2065 decrevi.

350 2138 368 2170 ι
414 2118 556 2173 lutra
583 2119 907 2175 constitutos
934 2120 1097 2191 igitur
1124 2120 1389 2175 terminos
1424 2119 1686 2176 ambitum
1716 2118 1859 2174 villas

270 2210 442 2281 ipsius
476 2212 549 2266 ita
585 2210 814 2266 liberum
839 2224 959 2267 esse
988 2213 1186 2268 debere
1236 2212 1565 2279 censuimus,
1596 2220 1659 2268 ut
1681 2212 1860 2267 nullus

268 2298 530 2354 clientum
561 2298 646 2355 vel
688 2301 1100 2371 prtepositorum
1142 2309 1451 2357 nostrorum
1504 2301 1647 2357 intra
1689 2301 1860 2372 ipsius

192 2428 195 2429 ν
271 2389 554 2455 terminos,
589 2405 689 2446 nec
726 2392 1028 2457 hominem,
1060 2407 1162 2448 nec
1186 2393 1388 2463 aliquid
1422 2407 1617 2464 capere
1639 2395 1856 2460 audeat,

269 2479 357 2533 vel
409 2480 704 2551 quidquam
751 2497 781 2537 a
813 2497 1087 2554 quoquam
1118 2483 1259 2538 ullus
1311 2483 1616 2550 hominum,
1663 2495 1860 2555 prtetcr

269 2568 524 2624 abbatem
553 2579 611 2625 et
637 2572 953 2637 monachos,
999 2582 1291 2640 praesumat
1318 2572 1580 2629 violenter
1615 2573 1855 2643 exigere,

269 2663 367 2715 sed
391 2677 419 2714 a
441 2664 653 2719 cunctis
682 2664 1078 2731 invasionibus,
1108 2680 1171 2721 ac
1192 2665 1235 2720 si
1260 2674 1533 2732 sacratus,
1564 2665 1633 2720 sit
1659 2666 1859 2719 immu-

270 2750 360 2806 nis
384 2750 535 2819 locus
563 2752 695 2823 ipse.
727 2753 987 2809 Homines
1022 2755 1125 2809 loci
1163 2755 1333 2825 ipsius
1370 2762 1569 2825 praeter
1593 2755 1855 2823 quinque,

268 2853 407 2908 quos
435 2842 568 2898 mihi
599 2843 819 2909 retinui,
852 2845 962 2899 Deo
997 2855 1053 2899 et
1079 2844 1338 2901 Ecclesia;
1370 2846 1672 2900 servituros
1699 2848 1856 2899 derc-

269 2929 426 2999 liqui,
454 2947 591 3002 quos
630 2934 756 2989 nolo
795 2938 990 2992 amodo
1042 2952 1142 3006 pro
1170 2953 1292 2992 meo
1330 2938 1572 3002 servitio,
1600 2938 1703 2992 nisi
1734 2953 1856 2992 cum

270 3020 483 3077 abbatis
511 3032 567 3078 et
590 3023 819 3080 fratrum
848 3026 1069 3081 licentia
1092 3035 1147 3082 et
1173 3028 1450 3083 voluntate
1470 3027 1674 3097 urgeri.
1704 3027 1858 3094 Quod

1961 540 2130 596 genus
2158 525 2321 580 fuerit
2348 522 2635 580 siccatoria
2660 524 2901 581 nondum
2929 526 3053 599 legi.

2032 615 2148 685 (ιιι)
2170 614 2301 670 Car.
2326 613 2465 670 XIV.
2486 643 2554 655 —-
2576 614 2690 681 Quo
2716 616 3011 682 decedente,
3043 618 3143 673 iste
3170 617 3415 689 legitime.
3442 621 3549 677 Per

1962 722 2021 762 se
2050 713 2197 776 patet
2222 704 2650 760 demonstrativo
2676 706 2772 761 iste
2796 707 3271 773 Bartholommum,
3313 710 3404 779 qui
3436 711 3548 765 liu-

1961 796 2086 866 goni
2111 795 2403 861 successit,
2431 795 2501 850 ab
2530 805 2753 852 auctore
2799 797 3151 869 subintelligi.
3186 798 3262 854 De
3304 814 3411 869 quo
3465 800 3546 855 sic

1962 884 2281 941 Guillelmus
2319 882 2629 953 Nangiacus
2658 886 2711 939 in
2751 885 2889 942 Hist.
2935 903 3037 943 ms.
3069 903 3139 943 an
3167 888 3302 943 1115
3327 907 3340 920 ·
3373 907 3394 940 ί
3427 889 3545 957 Quo

1964 976 2232 1050 (Hugone)
2258 986 2382 1047 post
2422 985 2629 1047 septem
2662 993 2875 1035 menses
2921 990 3157 1046 mortuo,
3194 982 3279 1035 vir
3315 981 3543 1037 illustris

1960 1068 2388 1125 Bartholomaaus
2428 1068 2497 1123 ad
2528 1068 2898 1137 episcopatum
2942 1070 3267 1128 Laudunica:
3308 1073 3545 1129 civitatis

1962 1160 2312 1229 provehitur;
2371 1158 2526 1228 cujus
2583 1159 2852 1215 industria
2902 1164 3224 1233 episcopalis
3279 1166 3541 1234 ecclesia,

1962 1264 2083 1318 qua:
2129 1248 2351 1303 incensa
2380 1248 2594 1316 fuerat,
2639 1249 2693 1303 in
2736 1249 2889 1305 brevi
2932 1264 3183 1321 reparata
3226 1264 3329 1322 est,
3361 1275 3380 1308 ι
3432 1266 3540 1313 etc.

1961 1341 2123 1396 Gesta
2152 1340 2531 1398 Bartholomzei
2582 1351 2825 1399 recenset
2854 1342 3198 1400 llermannus
3228 1346 3280 1400 in
3324 1348 3544 1418 Appeni-

1961 1434 2111 1499 dice;
2167 1434 2280 1504 qui,
2327 1434 2473 1504 quod
2528 1434 2670 1489 inter
2720 1444 2916 1491 caetera
2958 1438 3026 1494 ab
3055 1439 3245 1494 eodem
3292 1440 3545 1511 episcopo

1961 1525 2220 1596 praeclare
2285 1536 2409 1582 acta
2464 1527 2735 1582 abhatiam
2783 1528 3201 1585 Fusniacensetn
3252 1548 3546 1603 congrega-

1963 1616 2128 1672 tionis
2156 1615 2532 1673 Cisterciensis
2556 1617 2863 1673 condidisse
2893 1618 3152 1687 afﬁrmet,
3182 1635 3352 1691 pauca
3401 1622 3544 1691 ejus-

1961 1710 2084 1765 dem
2124 1708 2459 1777 fundationis
2496 1724 2561 1765 ex
2599 1710 2830 1779 ipsomet
2874 1710 3228 1768 Fusniacensi
3274 1712 3544 1769 tabulario

1886 1783 1934 1843 Β
1962 1800 2177 1867 hausta,
2209 1809 2460 1857 retexere
2492 1801 2708 1856 libitum
2742 1810 2824 1858 est
2850 1818 2867 1858 :

1959 1889 2038 1946 De
2065 1908 2125 1946 eo
2151 1891 2289 1963 quod
2316 1889 2739 1963 Bartltolomteus
2766 1893 3044 1963 episcopus
3083 1892 3137 1946 in
3165 1892 3278 1946 loco
3304 1893 3393 1946 aui
3434 1890 3543 1945 Fu-

2208 1961 2419 2016 sniacus
2457 1961 2656 2015 dicitur
2688 1961 2955 2017 abbatiam'
2982 1965 3296 2018 construxit.

2037 2070 2058 2105 ι
2100 2050 2161 2107 1η
2187 2052 2407 2108 nomine
2441 2060 2644 2108 sancta:
2681 2063 2735 2110 et
2764 2054 3054 2110 individua:
3095 2054 3399 2111 Trinitatis.
3428 2056 3543 2126 Ego

1958 2141 2390 2199 Bartbolomteus
2433 2143 2532 2199 Dei
2582 2144 2758 2214 gratia
2808 2144 3186 2201 Laudunensis
3235 2148 3542 2219 episcopus,

1960 2237 2148 2285 notum
2177 2243 2301 2285 esse
2332 2228 2580 2284 volumus
2608 2237 2713 2283 tam
2738 2230 3094 2299 praesentibus
3134 2247 3293 2301 quam
3327 2232 3539 2297 futuris,

1957 2319 2103 2390 quod
2144 2318 2447 2376 Fusniacus
2494 2326 2611 2374 erat
2658 2318 2893 2374 alodium
2922 2319 3104 2375 Sancti
3143 2320 3438 2387 Michaelis,
3466 2331 3543 2388 et,

1958 2425 2085 2465 cum
2114 2409 2266 2467 locus
2291 2410 2383 2465 ille
2410 2397 2521 2466 non
2563 2409 2793 2465 multum
2824 2419 2968 2465 esset
2996 2411 3142 2466 utilis
3164 2412 3337 2467 eidem
3369 2414 3546 2468 eccle-

1960 2500 2079 2565 sias,
2126 2499 2537 2571 impetravimus
2571 2499 2641 2554 ab
2691 2500 2910 2555 Elberto
2941 2500 3134 2555 abbate
3176 2509 3231 2556 et
3264 2503 3545 2559 monachis

1960 2590 2067 2647 loci
2106 2592 2274 2658 illius,
2298 2601 2357 2647 ut
2385 2592 2533 2647 illum
2559 2592 2739 2647 locum
2778 2592 2935 2647 nobis
2982 2590 3211 2655 liberum
3245 2603 3299 2648 et
3327 2594 3545 2648 absolu-

1963 2691 2074 2737 tum
2122 2681 2409 2746 redderet,
2460 2682 2526 2734 ad
2558 2680 2869 2735 faciendum
2905 2681 3167 2751 quidquid
3201 2683 3325 2737 inde
3365 2683 3547 2740 facere

1958 2769 2240 2824 vellemus.
2279 2768 2389 2825 Nos
2419 2778 2599 2825 autem
2641 2770 2889 2824 eumdem
2920 2770 3119 2837 locum,
3150 2787 3378 2827 assensu
3409 2790 3546 2844 pne-

1959 2860 2091 2915 dicti
2120 2860 2336 2916 abbatis
2362 2870 2418 2917 et
2457 2860 2675 2930 capituli
2705 2862 2841 2931 ejus,
2871 2860 3147 2918 Bernardo
3175 2873 3232 2919 et
3266 2866 3546 2923 monachis

1958 2946 2026 3001 de
2059 2948 2378 3016 Claravalle,
2413 2949 2643 3004 liberum
2679 2958 2735 3005 et
2763 2951 3081 3006 absolutum
3103 2953 3456 3018 reddidimus,
3486 2968 3547 3014 ut.

1962 3037 2033 3091 ibi
2058 3040 2329 3094 abhatiam
2382 3041 2797 3109 constituerent,
2826 3049 2881 3097 et
2907 3042 3079 3099 libere
3130 3053 3186 3101 et
3218 3047 3401 3116 quiete
3435 3049 3545 3107 Deo

269 3112 317 3166 si
340 3114 461 3182 quis
491 3129 679 3171 eorum
704 3131 839 3184 quos
863 3117 995 3172 mihi
1022 3119 1232 3175 retineo
1253 3119 1319 3173 ad
1349 3134 1434 3174 me
1456 3120 1643 3174 venire
1670 3118 1856 3174 nolue-
1882 3142 1928 3205 ο
1960 3128 2313 3185 deservirem.

272 3202 363 3269 rit,
394 3219 515 3258 cum
545 3220 668 3261 eum
710 3222 808 3276 per
835 3209 1143 3265 ministrum
1175 3224 1354 3265 meum
1386 3212 1733 3277 mandavero,
1763 3211 1857 3266 ab-

269 3294 379 3350 bati
408 3307 751 3367 suggeretur,
784 3299 869 3354 vel
891 3302 1080 3371 priori,
1111 3309 1203 3355 aut
1227 3302 1537 3372 praeposito,
1558 3311 1618 3357 ut
1638 3317 1760 3359 eum
1788 3302 1857 3358 ad

272 3400 360 3440 me
381 3387 570 3443 venire
596 3388 781 3445 faciat.
817 3389 873 3445 Si
919 3401 1142 3463 propter
1168 3392 1420 3448 abbatem
1454 3394 1643 3449 venire
1671 3394 1857 3447 nolue-

269 3476 364 3542 rit,
395 3494 669 3550 nunquam
709 3496 810 3551 per
842 3483 1074 3553 aliquem
1104 3484 1383 3540 hominum
1412 3499 1657 3541 meorum
1706 3486 1851 3541 intra

270 3565 578 3624 districtum
608 3571 866 3626 territorii
895 3573 1141 3628 ecclesia:
1181 3573 1445 3642 capietur.
1479 3573 1587 3629 Sed
1628 3582 1688 3629 ut
1711 3574 1855 3630 intra

271 3656 579 3713 districtum
606 3661 771 3715 castri
803 3662 910 3716 mei
938 3663 1056 3731 capi
1090 3662 1284 3728 valeat,
1310 3672 1678 3734 exspectetur.

349 3790 366 3822 ι
395 3772 458 3825 Et
483 3772 526 3827 si
552 3774 619 3828 ab
647 3774 749 3829 hac
780 3775 866 3830 die
892 3776 941 3831 in
975 3787 1250 3847 posterum
1282 3779 1477 3849 aliquis
1499 3788 1757 3835 externus
1782 3777 1857 3834 ibi

270 3863 521 3920 habitare
551 3866 800 3930 voluerit,
832 3868 876 3923 si
908 3870 1258 3938 probabiliter
1288 3871 1423 3925 liber
1469 3881 1571 3937 est,
1598 3871 1858 3927 Ecclesia:

271 3955 493 4009 servitio
517 3971 575 4009 se
624 3958 936 4026 mancipare
978 3961 1196 4028 poterit.
1223 3956 1495 4016 'Sitnilitcr
1528 3970 1582 4016 et
1627 3962 1853 4015 advena.

270 4036 425 4113 Quod
455 4046 497 4101 si
537 4047 763 4117 alicujus
808 4050 979 4110 sancti
1011 4066 1133 4105 eum
1173 4066 1294 4107 esse
1343 4052 1664 4117 constiterit,
1705 4065 1857 4107 meus

271 4139 392 4192 erit.
423 4157 441 4191 ι

342 4229 479 4298 (“")
520 4229 649 4283 lato.
687 4261 754 4270 —
799 4228 965 4285 Facta
995 4242 1113 4286 sunt
1141 4232 1272 4295 lucc,
1301 4241 1408 4288 etc.
1436 4232 1747 4288 Cousimilis
1773 4239 1859 4287 est

272 4319 393 4373 istis
426 4321 675 4374 canonici
708 4321 1082 4377 Lauiluncnsis
1103 4325 1409 4378 enarratio:
1438 4343 1456 4375 ‹
1492 4324 1647 4378 Anno
1674 4323 1857 4378 Domi-

275 4409 329 4463 ni
375 4410 546 4478 1112,
592 4411 932 4467 Waldericus
978 4412 1349 4469 Lauduneusis
1395 4415 1680 4483 episcopus
1731 4430 1853 4470 cum

271 4499 421 4556 cives
452 4501 618 4572 ipsius
650 4503 801 4557 urbis
829 4518 859 4557 a
912 4514 1254 4560 sacramento
1287 4505 1665 4576 659juratae
1710 4522 1856 4562 com-

274 4592 559 4648 munitatis
590 4596 884 4649 sttttluisset
914 4611 1192 4662 revocare,
1220 4598 1429 4652 civibus
1458 4598 1509 4651 in
1538 4599 1857 4655 seditionem

267 4684 599 4749 Versis,cum
613 4687 933 4756 quibusdam
947 4687 1191 4743 fidelibus
1204 4689 1316 4743 suis
1330 4689 1595 4744 nobilibus
1609 4690 1859 4748 eisuhve-

273 4775 393 4829 nire
411 4776 735 4841 volentibus,
770 4779 936 4834 armis
967 4766 1153 4834 eorum
1190 4781 1438 4850 nequiter
1459 4791 1540 4836 est
1571 4781 1856 4839 confossus

272 4864 407 4920 feria
425 4867 611 4935 quinta
646 4869 995 4925 hebdomadze
1015 4871 1306 4942 paschalis,
1340 4888 1434 4927 vm
1490 4872 1736 4943 (Guihert
1771 4875 1856 4946 ιιι)

270 4955 393 5011 Kal.
427 4957 572 5024 Maii,
601 4959 655 5013 in
686 4960 872 5015 litania
900 4962 1090 5032 majori
1122 4980 1136 5017 :
1169 4965 1311 5019 unde
1345 4963 1567 5020 confusa
1609 4964 1853 5021 multitu-

270 5047 394 5102 dine
447 5050 805 5106 tumultuante
846 5055 1195 5110 sueccnditur
1242 5056 1473 5112 ecclesia
1527 5057 1855 5112 cathedralis

268 5152 391 5191 cum
417 5138 578 5194 domo
630 5141 952 5212 episcopali;
988 5160 1248 5201 succensa
1278 5157 1363 5203 est
1407 5147 1570 5203 etiam
1627 5148 1854 5206 ecclesia

267 5224 335 5281 Β.
388 5226 614 5285 Joannis
668 5230 926 5303 Baptistae
966 5236 1020 5290 in
1080 5237 1294 5291 ahhatia
1348 5238 1685 5304 monialium,
1730 5254 1852 5295 cum

268 5318 391 5374 aliis
431 5320 465 5375 9
499 5322 744 5378 ecclesiis
788 5339 819 5379 e
862 5324 1041 5380 vicino
1070 5327 1517 5398 appendeutihus.
1550 5328 1853 5386 Ludovicus

268 5421 364 5462 rex
392 5407 723 5466 Francorum
759 5421 868 5469 tam
918 5430 1106 5472 severe
1144 5419 1321 5474 scelus
1349 5420 1491 5476 istud
1523 5421 1573 5475 in
1602 5430 1852 5477 auctores

267 5499 553 5556 seditionis
589 5501 734 5558 ultus
765 5513 868 5572 est,
902 5515 961 5560 ιιι
990 5516 1095 5561 tam
1136 5508 1346 5564 futuros
1368 5526 1529 5580 quant
1558 5522 1851 5580 prtescntes

265 5590 459 5646 debeat
488 5596 793 5665 exemplum
824 5614 854 5651 a
884 5599 1045 5654 simili
1076 5601 1283 5658 scelere
1310 5612 1534 5659 terrere.
1572 5622 1588 5653 ι

337 5705 451 5776 (¹¹³)
491 5705 621 5763 iam.
646 5740 716 5751 -υ-
744 5709 895 5775 Quod
924 5714 1231 5771 siccatorias
1258 5727 1461 5773 vocant.
1490 5717 1534 5771 Α
1582 5717 1723 5774 sicca
1753 5718 1848 5774 de-

663 5824 937 5887 Ρηιιοι..
977 5826 1184 5893 CLVI.

2035 3239 2056 3273 ι
2099 3222 2293 3277 Actum
2334 3238 2477 3279 anno
2520 3223 2730 3281 Domini
2762 3227 3049 3285 millesimo
3079 3233 3375 3292 centesimo
3399 3238 3544 3310 viges

1958 3314 2099 3370 Simo
2134 3316 2331 3385 primo.
2372 3335 2389 3368 ι
2440 3373 2448 3382 ,

2030 3406 2193 3462 Multa
2234 3419 2289 3463 et
2320 3410 2424 3464 alia
2467 3411 2699 3467 contulit
2727 3412 2995 3473 beneﬁcia
3039 3414 3394 3479 Fusniacensi
3427 3440 3544 3483 mo-

1958 3498 2200 3553 nasterio
2227 3499 2367 3553 idem
2407 3502 2733 3559 venerabilis
2758 3507 3004 3563 antistes.
3036 3508 3290 3581 Sepultus
3314 3513 3461 3583 jacet
3491 3517 3545 3574 in

1957 3589 2196 3657 ejusdem
2226 3593 2458 3647 coenohii
2505 3594 2725 3666 templo,
2760 3595 2813 3652 in
2854 3614 2962 3668 quo
2987 3604 3270 3672 sequentia
3298 3606 3405 3661 duo
3432 3609 3547 3664 eui.

1961 3679 2144 3751 tapbia
2172 3691 2470 3738 cernuntur

1994 3787 2338 3862 Epitaphium
2383 3798 2801 3873 regerendissinti
2839 3802 3080 3873 prresulis
3126 3803 3506 3868 Bartholoma'i
3542 3862 3545 3873 ,

2432 3863 2801 3924 Laudunemis
2829 3863 3056 3942 episcopi

1959 3972 2165 4099 Regum
2198 3976 2388 4046 stirpe,
2416 3977 2612 4033 ducum
2647 3989 2936 4049 generatus
2958 3986 3241 4056 sanguine,
3265 3988 3426 4047 claris

2076 4045 2245 4098 larum
2280 4062 2475 4099 nomen
2506 4048 2669 4099 habet
2698 4050 3126 4099 Barlhnlnmmne
3157 4059 3273 4099 suria

2076 4045 2245 4098 larum
2280 4045 2475 4102 nomen
2506 4045 2673 4103 habet
2698 4045 3126 4112 Bartholomieus
3156 4045 3293 4114 avis.

1959 4113 2249 4191 Promptus
2273 4118 2518 4191 at|_arma
2560 4118 2661 4191 _f_ttit
2682 4120 2808 4191 dum
2832 4122 3018 4191 junior
3047 4125 3150 4181 iret
3178 4128 3231 4182 in
3259 4113 3471 4188 hostem

2028 4184 2194 4267 bi‘ulta
2227 4186 2466 4265 lmphata
2499 4187 2641 4251 tulit,
2677 4189 2777 4267 vi_x_
2798 4184 2959 4267 habet
2985 4209 3151 4263 usque
3178 4184 3383 4267 parem.

1957 4251 2197 4336 At‘Deus
2227 4255 2279 4308 in
2304 4251 2547 4326 praeceps
2576 4258 2807 4336 retrahit
2830 4251 3119 4336 miseratus
3143 4251 3357 4336 euntis;

2030 4321 2142 4396 Nec
2170 4321 2342 4396 mora,
2377 4321 2556 4396 castra
2585 4326 2740 4396 fugit,
2768 4328 2984 4395 projicit
3010 4347 3160 4387 arma
3191 4321 3361 4393 ducis:

1958 4390 2202 4478 Clericus
2234 4394 2358 4449 inde
2382 4394 2568 4478 gemis
2600 4390 3070 4478 sequitur'virtute
3100 4390 3430 4478 Manassen),

1888 4480 1934 4535 ι)
1963 4531 1986 4539 _
2031 4460 2139 4539 lnt_o
2170 4478 2354 4539 senem
2382 4464 2584 4520 fessum
2616 4460 2825 4535 fertque
2850 4469 3101 4539 subitque
3127 4460 3319 4532 vicem.

1963 4531 2210 4588 Lauduni
2239 4534 2446 4589 interea
2476 4550 2633 4589 sacra
2660 4531 2925 4592 mactatus
2953 4531 3149 4596 in'aede

2032 4601 2259 4681 Prtesul‘,
2280 4604 2393 4658 obit
2418 4605 2596 4660 subito
2614 4622 2645 4681 ;_
2664 4620 2894 4676 moxque
2917 4620 3145 4681 vacante
3173 4616 3323 4681 sede,

1960 4671 2249 4758 lluAnlensibi
2296 4685 2569 4758 pastorem
2596 4671 3176 4758 clerusfpopulusque
3209 4671 3486 4758 requirunt
3518 4707 3533 4756 ;

2028 4743 2427 4818 Abducuntque
2458 4746 2665 4818 Remis,
2695 4761 2761 4818 ac
2798 4743 2897 4801 sibi
2916 4743 3250 4818 praeficiunt.

1961 4810 2218 4899 Sie‘hene
2246 4810 2541 4899 DQI‘i—lillngO,
2573 4810 2945 4899 meritumque
2964 4828 3018 4899 et
3052 4837 3247 4881 nomen
3276 4827 3532 4899 adeptus;

2028 4880 2181 4962 Quod
2206 4880 2556 4962 geritollicii,
2589 4886 2820 4957 perlicit,
2845 4880 3040 4962 implet
3066 4908 3219 4962 opus.

1957 4949 2235 5029 Exemplo
2248 4957 2519 5029 verboque
2544 4949 2763 5029 gregem
2794 4949 2953 5029 regit,
2983 4949 3166 5017 omu'ia
3188 4949 3372 5023 factus

2029 5020 2315 5091 Omnibus,
2348 5035 2408 5079 ut
2431 5020 2885 5084 Chri'sto'feneret
2908 5020 2976 5084 ex
3004 5032 3216 5090 ovibus.

1957 5089 2211 5179 Protinus
2233 5089 2360 5179 hinc
2387 5096 2570 5151 Maria:
2604 5112 2862 5179 succensa
2889 5102 3185 5179 recondere
3207 5089 3408 5179 templa

2028 5162 2141 5216 Non
2167 5165 2384 5240 tarda};
2413 5176 2629 5240 reparat
2657 5175 2905 5239 tectaque
2931 5173 3215 5240 przesulea.

1956 5229 2273 5319 Turn-sacra
2307 5229 2561 5319 Baptista:
2594 5229 3063 5319 monacli'isdaus“
3067 5229 3326 5315 claustra,
3356 5250 3533 5319 perire

2026 5304 2264 5358 Crimina
2286 5314 2339 5360 et
2364 5304 2477 5375 ipsa
2507 5306 2655 5371 facit,
2680 5310 2931 5364 scandala
2952 5311 3245 5375 suﬂ‘ugere.

1953 5371 2147 5454 Postea
2175 5357 2483 5454 caenobium
2505 5357 2701 5454 limite
2725 5381 2825 5454 sub
2847 5357 3311 5454 nouiin‘éitiﬁliai,

2023 5444 2319 5499 Consecrat
2357 5448 2472 5522 ipse
2505 5448 2613 5522 Deo
2638 5447 3072 5522 Fusuiacumque
3100 5465 3279 5512 vocat.

1953 5510 2130 5605 Fusus.
2150 5525 2259 5605 ut‘e
2281 5510 2427 5605 caelo
2454 5518 2619 5605 castis
2643 5518 2697 5605 in
2721 5510 3157 5605 eprdibus'ignis
3182 5510 3194 5512 ﬁ
3226 5586 3229 5589 _

2023 5584 2246 5661 Ardeat,
2281 5587 2511 5661 inculcat
2541 5587 2956 5661 pectoribusque
2993 5584 3118 5661 piis.
3226 5586 3229 5589 ’
3458 5626 3464 5632 ·

1953 5652 2326 5733 thuetribus
2358 5659 2501 5733 votis
2526 5652 2976 5733 triplicetnrquasi
2993 5652 3229 5724 'funibus
3254 5668 3343 5726 bo.
3360 5680 3468 5733 tcm

2021 5723 2285 5795 lmplicet,
2312 5727 2378 5784 ad
2401 5723 2634 5800 pugnam
2658 5723 2956 5800 dirigit'hic
2982 5736 3172 5792 aciem.

2843 5839 2922 5911 38
2977 5903 3033 5932 __,
