4032 6336
332 273 464 329 H97

1466 266 1679 326 DOMNI
1715 266 1775 321 L.
1809 265 2157 324 D‘ACHERY
2191 262 2423 328 NOTJE.

3466 284 3603 342 “98

334 390 427 447 etsi
452 386 618 444 multa
644 401 757 456 pra:
782 385 1030 443 manibus
1050 385 1368 451 habeamus,
1397 392 1702 453 temperare
1731 383 1903 441 visum
1935 385 1982 443 Α
2008 382 2219 439 vientes
2273 384 2380 451 sui,
2415 384 2532 441 sine
2569 398 2792 444 assensu
2842 400 3031 448 nostro
3079 402 3134 448 et
3168 392 3477 453 ollieialium
3504 416 3599 456 no-

330 490 440 545 .st;
466 494 533 533 ne
563 476 725 548 periti
754 476 977 533 lectoris
999 475 1338 532 stomachum
1363 490 1506 546 saepe
1527 474 1909 555 sacpiusrepe-

330 574 420 626 tita
454 570 748 639 ingerendo
785 568 853 624 ad
885 583 1141 624 nauseam
1170 582 1340 637 usque
1370 583 1703 623 moveamus.
1738 565 1909 637 Legas

329 659 523 715 l’ithtBi
550 658 885 715 Glossarium
907 658 975 714 ad
996 658 1354 733 Capitularia;
1387 657 1758 724 Sirmundum,
1782 657 1906 715 Not.

332 752 399 805 ad
430 752 525 806 lib.
555 768 617 806 ιιι
646 750 874 822 epistola
914 750 1013 816 28;
1044 749 1270 806 (ἰοσιίἀί
1303 750 1511 815 Vindo;
1554 750 1809 820 Bosquet.
1854 750 1906 804 in

326 842 448 896 libri
493 858 531 896 ιι
569 842 850 913 epistolam
891 843 1023 908 156;
1052 842 1331 897 lnnocent.
1372 840 1471 908 lll;
1523 840 1908 911 Spelmannum

324 936 378 986 in
407 934 702 999 Glossario,
726 934 1169 1004 verbisxampus,
1195 931 1448 997 duellum,
1476 941 1533 987 et
1550 932 1832 1002 judicium.

398 1024 557 1094 661
597 1023 772 1079 Unum
796 1037 863 1077 ex
913 1024 1094 1079 multis
1136 1023 1367 1093 seligere
1395 1022 1572 1092 placet
1598 1019 1905 1095 exemplum

324 1116 553 1184 insignis
595 1114 779 1180 duelli,
819 1130 883 1169 ex
916 1114 1245 1169 membranis
1264 1127 1458 1183 nempe
1488 1111 1712 1181 hujusce
1740 1110 1904 1167 char-

325 1206 616 1278 tophylaeii
645 1205 830 1262 Sancti
872 1205 1129 1261 Germani
1170 1203 1515 1269 Parisiensis,
1563 1217 1671 1273 quo
1696 1202 1748 1258 in
1779 1203 1906 1258 Gal-

327 1298 398 1350 lia
454 1298 846 1352 monomachia:
909 1294 1381 1367 quamdiutissime
1448 1309 1608 1349 usum
1667 1293 1906 1367 viguisse

322 1389 607 1443 advertere
632 1396 737 1443 est.
774 1387 943 1442 Habet
975 1386 1048 1440 ita
1074 1403 1087 1440 :

395 1499 415 1531 ‹
446 1479 503 1533 in
533 1477 733 1535 Christi
789 1478 1032 1543 nomine,
1081 1489 1182 1546 ego
1236 1474 1528 1532 Gaul‘ridus
1577 1473 1672 1531 Dei
1727 1454 1920 1544 gratia

311 1570 485 1625 abbas
517 1568 703 1625 Sancti
729 1566 984 1622 Germani
1042 1564 1390 1632 Parisiensis,
1430 1572 1485 1621 et
1538 1563 1657 1634 ejus
1717 1577 1906 1620 mona-

315 1661 470 1716 sterii
507 1667 828 1725 conventus,
857 1667 1044 1713 notum
1104 1672 1228 1716 esse
1276 1658 1525 1715 volumus
1556 1655 1903 1714 universitati

2011 482 2274 553 strorum,
2302 473 2576 531 debebant
2620 477 2688 532 de
2729 474 2853 547 jure
2892 492 3153 539 metretas
3181 486 3249 540 de
3277 485 3402 542 villa
3426 476 3591 559 Pyrno

2009 561 2100 617 dio
2130 563 2197 619 ad
2236 573 2446 621 rectum
2485 581 2703 636 parare.
2733 569 3067 642 lngelbertus
3103 581 3285 629 autem
3325 575 3392 631 de
3424 577 3595 633 Anton

2009 653 2204 723 gniaco
2260 654 2349 709 uni
2407 652 2623 713 illorum
2668 659 2970 729 hominum,
3025 662 3201 719 Odoni
3258 668 3645 738 nuncupato,"

2012 742 2420 811 ContradiCens,
2451 742 2819 804 testimonium
2854 750 3024 820 ipsius
3068 766 3233 823 super
3272 755 3376 812 hoc
3402 756 3594 813 falsum
3636 764 3647 806 ἰ

2013 844 2132 887 esse
2163 846 2222 885 se
2250 831 2606 901 probaturum
2650 838 2863 908 publice
2909 843 3178 910 asseruit;
3208 852 3264 900 et
3286 846 3386 913 sic,
3420 847 3595 903 vadiis

2008 919 2134 976 belli
2174 922 2317 977 inter
2375 938 2472 979 eos
2519 928 2847 996 commissis,
2900 930 2966 985 ad
3026 931 3263 989 duellum
3286 935 3593 991 faciendum

2009 1013 2199 1070 eadem
2242 1012 2359 1070 dies
2389 1015 2613 1086 praeﬁxa
2664 1018 2786 1073 fuit.
2847 1020 3091 1095 Cumque
3142 1026 3372 1082 victoria
3417 1027 3634 1099 primo‘

2007 1102 2173 1173 pugili
2196 1113 2400 1169 nostro,
2431 1106 2574 1161 sicut
2598 1107 2922 1177 praedictum
2949 1122 3055 1179 est,
3073 1116 3351 1184 cessisset,
3381 1119 3593 1189 praefati

2007 1190 2206 1249 fratres
2237 1195 2409 1249 nostri
2460 1194 2771 1252 Rainardus
2810 1205 2867 1253 et
2917 1195 3198 1271 Philippus
3225 1213 3468 1262 nostrum
3494 1222 3595 1278 pu-

2006 1280 2188 1352 gilem,
2249 1284 2459 1341 Scilicet
2520 1285 2898 1358 lngelbertum,
2948 1304 3070 1346 cum
3112 1293 3391 1351 obsidibus
3433 1297 3595 1353 bonis

2007 1371 2062 1426 in
2085 1371 2323 1427 medium
2351 1374 2707 1442 adducentes,
2736 1376 3050 1433 obtulerunt
3069 1378 3347 1448 iudicibus
3374 1396 3500 1438 eum
3525 1386 3592 1439 ad

2004 1461 2345 1531 probandum
2369 1465 2512 1534 quod
2533 1466 2860 1537 promiserat
2882 1485 2897 1524 :
2930 1478 2986 1523 at
3015 1472 3339 1540 smpedictus
3353 1472 3588 1544 Stephao

2007 1564 2109 1605 nus
2133 1565 2371 1622 praesens
2411 1552 2610 1611 ibidem
2650 1570 2761 1611 non
2818 1555 2940 1623 fuit,
2986 1572 3088 1613 nec
3132 1560 3365 1630 pugilem
3410 1577 3594 1627 suum,

2007 1640 2149 1698 sicut
2171 1658 2291 1700 mos
2316 1653 2424 1712 est,
2454 1659 2579 1701 cum
2620 1644 2899 1704 obsidibus
2940 1651 3276 1719 prmtakatis,
3315 1652 3593 1723 iudicibus

317 1752 669 1821 praesentium
701 1752 912 1822 parile;-
956 1758 1014 1806 ει
1039 1748 1362 1817 futurorum,
1413 1750 1556 1821 quod
1599 1738 1908 1821 stephanus
1940 1736 2275 1793 Bexhibuit.
2358 1736 2519 1795 Unde
2565 1737 2730 1796 iidem
2776 1739 2989 1812 judices
3034 1739 3296 1799 fratribus
3353 1741 3587 1808 nostris.

313 1843 384 1897 de
404 1842 679 1920 Mathiaco
718 1841 863 1912 cepit
902 1841 1194 1911 quemdam
1240 1842 1517 1897 hominem
1547 1850 1791 1898 nostrum
1822 1840 1909 1895 ln-

314 1932 636 2003 gelrannum
661 1933 729 1989 de
778 1933 1139 2004 Antogniaco,
1189 1933 1445 2005 quoniam
1486 1933 1603 2004 ipse
1620 1931 1778 2003 juxta
1804 1947 1905 2003 pu-

317 2024 511 2079 blicam
571 2032 803 2079 stratam
857 2022 1122 2080 fossatum
1179 2023 1452 2094 quoddam
1523 2022 1778 2090 faciebat,
1809 2022 1904 2079 ubi

315 2114 459 2169 idem
506 2110 815 2183 Stephanus
840 2122 896 2169 et
941 2112 1271 2171 Eustachius
1306 2114 1373 2170 de
1416 2113 1632 2181 Bivera,
1670 2128 1904 2170 consan-

315 2207 545 2276 guineus
597 2206 733 2277 ejus,
781 2206 1015 2263 mediam
1059 2215 1269 2277 partem
1321 2205 1541 2262 vicaria:
1589 2218 1651 2262 se
1699 2205 1903 2262 habere

314 2291 647 2351 clamabant.
675 2294 785 2351 Nos
821 2303 1002 2351 autem
1061 2298 1204 2352 hanc
1234 2296 1488 2367 injuriam
1511 2309 1676 2366 super
1703 2295 1902 2366 injuste

309 2388 565 2457 captione
588 2388 824 2445 hominis
872 2387 1044 2443 nostri
1093 2387 1251 2443 nobis
1280 2387 1484 2441 illatam
1543 2384 1763 2442 domino
1786 2385 1901 2456 regi

311 2478 668 2532 ostendimus.
696 2476 816 2548 Ipse
844 2492 974 2533 vero
1000 2490 1096 2548 per
1118 2476 1577 2533 submonitionem
1604 2476 1657 2530 in
1688 2473 1898 2531 curiam

320 2568 524 2637 regiam
579 2568 820 2636 veniens,
882 2583 1073 2624 omnes
1142 2577 1333 2635 terras,
1387 2576 1587 2641 praeter
1628 2580 1899 2638 arpennos

311 2668 468 2739 estra
519 2658 702 2714 villam
761 2659 1109 2730 Antogniaci,
1134 2667 1190 2714 et
1237 2669 1394 2714 extra
1446 2644 1602 2715 villas
1658 2660 1725 2715 ad
1775 2673 1897 2714 eain

309 2752 660 2819 pertinentes,
706 2754 773 2805 de
809 2752 1010 2807 vicaria
1062 2766 1225 2822 quam
1288 2752 1563 2807 clamabat
1605 2765 1729 2808 esse
1749 2764 1898 2807 asse-

307 2842 505 2908 rebat;
538 2852 594 2898 et
614 2844 732 2898 ideo
753 2845 1073 2912 praedictum
1105 2843 1380 2900 hominem
1411 2854 1658 2900 nostrum
1692 2846 1897 2915 absque

311 2947 411 2989 suo
434 2948 659 2988 assensu
687 2949 844 2989 secus
882 2934 1025 2989 viam
1076 2932 1372 2991 fodientem
1405 2944 1647 3005 ceperat.
1675 2934 1899 2990 Dicebat

306 3022 533 3091 insuper
585 3024 727 3091 quod
774 3031 930 3092 pater
966 3038 1120 3089 suus,
1152 3033 1207 3078 et
1234 3023 1350 3093 ipse
1388 3031 1506 3093 post
1528 3032 1761 3093 patrem,
1796 3038 1894 3078 va-

307 3110 395 3189 dia
423 3087 568 3177 belli,
598 3087 645 3166 si
682 3087 921 3182 quinque
950 3112 1005 3168 in
1038 3087 1164 3167 villa
1210 3087 1887 3183 Antogniaei-evenissent,
1920 3087 1962 3144 C
2003 3110 2156 3192 alibi.

307 3201 375 3254 ad
409 3201 732 3257 voluntatem
766 3218 920 3258 suam
966 3218 1034 3259 ex
1072 3204 1463 3259 consuetudine
1485 3203 1625 3273 apud
1654 3202 1889 3257 Mathia-

307 3306 430 3344 cum
463 3301 517 3347 et
559 3295 698 3363 apud
736 3295 1030 3350 Colliacum
1067 3295 1354 3351 duxerant.
1383 3293 1464 3350 Ad
1495 3293 1638 3363 quod
1665 3293 1895 3364 proban-

306 3381 433 3436 dum
457 3383 593 3438 duos
622 3385 867 3439 homines
896 3378 1165 3440 exhibuit.

382 3492 400 3524 ι
436 3472 604 3528 Porro
635 3490 731 3530 nos
788 3476 901 3529 haec
950 3477 1134 3531 omnia
1193 3489 1291 3546 pro
1327 3473 1555 3530 ecclesia
1591 3482 1775 3529 nostra
1803 3488 1892 3529 ne-

302 3571 511 3632 gantes,
557 3577 657 3630 per
705 3562 1027 3617 Landricum
1073 3562 1141 3618 de
1190 3563 1526 3633 Antogniaco
1590 3579 1757 3618 unum
1824 3562 1892 3618 de

303 3641 686 3720 probator-ibus
729 3654 876 3717 suis,
930 3655 1226 3709 secundum
1277 3653 1625 3708 Lambertum
1667 3653 1735 3708 de
1780 3652 1890 3709 Ma-

304 3742 509 3808 thiaco,
538 3744 592 3796 in
630 3744 1019 3814 approbatione
1054 3744 1298 3799 facienda
1328 3758 1489 3815 quam
1541 3742 1886 3812 promiserat,

302 3833 621 3889 mendosum
670 3850 790 3891 esse
837 3835 1278 3891 monstravimus.
1312 3834 1499 3905 Igitur,
1526 3835 1775 3904 pluribus
1805 3834 1888 3890 in-

301 3926 734 3980 tercurrentibus
764 3926 1081 3992 intervallis,
1128 3926 1194 3981 ad
1224 3926 1365 3981 diem
1405 3940 1435 3978 a
1467 3924 1687 3979 domino
1709 3933 1884 3979 statu-

302 4024 412 4069 tum
445 4016 594 4088 venit
622 4016 764 4071 idem
816 4015 1146 4085 Stephanus,
1210 4031 1330 4089 cum
1358 4031 1453 4070 suo
1497 4015 1688 4086 pugili,
1714 4013 1767 4068 in
1792 4030 1885 4070 cu-

301 4110 437 4162 riam
468 4109 671 4163 domini
718 4109 859 4175 regis
891 4109 1152 4173 Parisius,
1182 4108 1271 4162 ubi
1315 4108 1512 4162 fratres
1556 4106 1725 4161 nostri
1758 4095 1901 4161 Rei?

298 4198 501 4251 nardus
528 4205 583 4252 et
630 4197 932 4269 Philippus,
973 4214 1002 4253 a
1044 4198 1199 4252 nobis
1228 4198 1501 4265 destinati,
1544 4196 1661 4252 loco
1686 4196 1881 4263 nostri,

300 4287 437 4345 sicut
458 4288 523 4343 ad
546 4288 783 4343 duellum
812 4290 950 4344 bene
980 4288 1174 4343 muniti
1215 4288 1522 4342 adfuerunt.

2006 1826 2285 1885 Rainardo
2328 1838 2383 1886 et
2420 1829 2693 1902 Philippo,
2746 1844 2870 1887 eum
2922 1832 3271 1903 pugilibuset
3299 1833 3581 1891 obsidibus

2005 1920 2209 1978 nostris
2255 1920 2522 1978 dederunt
2567 1922 2846 1978 licentiam
2897 1924 3187 1980 recedendi
3236 1940 3269 1979 a
3318 1925 3491 1981 curia.
3514 1925 3586 1982 Et

2003 2025 2129 2069 cum
2166 2012 2267 2084 ipsi
2290 2012 2502 2083 judices
2531 2027 2560 2068 a
2585 2012 2736 2069 curia
2759 2024 3022 2070 exeuntes
3046 2014 3192 2070 irent
3241 2014 3308 2070 ad
3343 2017 3603 2087 propria,

2004 2101 2396 2173 pmnominato
2470 2102 2750 2173 Stephano
2806 2103 3186 2172 obviaverunt,
3246 2119 3437 2174 quem,
3481 2120 3584 2176 pro

2002 2194 2216 2251 defectu
2237 2194 2520 2265 utriusque
2542 2192 2706 2251 duelli
2728 2205 2968 2267 captum,
2985 2206 3109 2252 cum
3141 2196 3255 2252 suis
3282 2196 3559 2269 pugilibus

2002 2282 2059 2340 e't
2083 2283 2365 2340 obsidibus
2390 2286 2445 2340 in
2476 2285 2704 2342 castello
2738 2296 3059 2356 posuerunt.
3108 2304 3126 2340 ι
3598 2282 3603 2287 ”

2073 2374 2190 2447 (“9)
2217 2376 2351 2431 lato.
2383 2406 2454 2417 —
2497 2376 2654 2433 Sacri
2714 2377 2888 2432 laticis
2926 2378 3155 2449 judicio.
3194 2378 3270 2434 De
3318 2378 3613 2451 ejusmodi-

1997 2467 2432 2538 probationibus,
2464 2483 2603 2539 aqua
2654 2468 2827 2525 calida
2862 2484 2926 2526 ac
2981 2470 3128 2526 ferro
3154 2470 3431 2538 candenti,
3457 2462 3599 2527 con?

1999 2559 2210 2617 sulendi
2261 2569 2509 2616 auctores
2563 2559 2724 2617 modo
2765 2560 2936 2627 citati,
2970 2576 3071 2617 nec
3103 2570 3211 2615 non
3254 2560 3485 2617 Juretus
3517 2561 3590 2616 ad

2004 2651 2188 2707 lvonis
2245 2651 2408 2723 epist.
2461 2644 2530 2707 73
2579 2663 2636 2707 et
2689 2648 2814 2707 168.
2872 2648 3358 2709 Verumenimvero
3409 2652 3592 2725 prohi-
3635 2636 3643 2648 ’

2002 2742 2172 2798 buere
2195 2740 2372 2797 duella
2404 2750 2462 2798 et
2488 2734 2692 2813 judicia
2736 2742 3048 2814 Stephanus
3067 2743 3171 2801 PP.
3209 2741 3274 2800 V.
3301 2745 3359 2809 Ξ.
3389 2753 3588 2817 quaest.

1998 2834 2034 2890 5
2064 2833 2433 2901 Consuluisti;
2482 2833 2762 2890 Coelestin.
2795 2834 2883 2901 Ill,
2906 2837 3082 2907 capite
3128 2836 3274 2893 Cura
3328 2838 3587 2908 Suscepti.

2002 2924 2079 2978 De
2099 2932 2314 2995 purgat.
2371 2923 2551 2994 vulg.;
2601 2923 2881 2981 lnnocent.
2910 2924 2997 2991 Ill,
3027 2941 3147 2995 cap.
3192 2928 3268 2982 Ex
3299 2926 3495 2983 litteris
3520 2916 3607 2986 de.

1998 3006 2315 3077 excessibus
2354 3019 2564 3091 praelat.
2593 3036 2608 3086 ;
2642 3010 2919 3076 Honorius
2947 3018 3033 3087 lll,
3056 3020 3233 3091 capite
3271 3017 3484 3090 Dilecti,
3531 3033 3589 3081 et

2069 3198 2188 3255 Non
2217 3199 2439 3272 vulgare
2460 3208 2545 3257 est
2597 3200 2742 3272 quod
2800 3198 3025 3272 protulit
3055 3196 3320 3270 judicium
3348 3201 3580 3276 (insigni

1997 3290 2259 3349 miraculo
2281 3290 2685 3363 consignatum)
2721 3289 2778 3346 S.
2802 3287 3032 3345 Pontius
3060 3278 3227 3346 abbas
3261 3290 3320 3345 S.
3347 3291 3583 3348 Andrea:

1993 3376 2369 3439 Andaonensis
2406 3382 2562 3453 juxta
2612 3383 2969 3448 Avenionem,
3022 3380 3145 3437 ideo
3183 3381 3272 3438 hic
3319 3382 3585 3438 adnotan-

1994 3474 2121 3530 dum
2152 3492 2167 3542 ;
2213 3490 2407 3547 nempe
2434 3484 2599 3545 caput
2633 3475 2696 3530 l0
2740 3473 2875 3530 Vita:
2912 3475 3152 3545 ejusdem
3182 3473 3420 3538 abbatis,
3451 3466 3595 3530 non-'

1994 3564 2122 3619 dum
2181 3566 2319 3635 typis
2356 3564 2643 3636 evulgatte,
2690 3573 2746 3619 et
2777 3564 2846 3620 ab
2873 3563 3070 3636 aequali
3118 3566 3463 3635 conscriptae,
3496 3565 3585 3620 de-

1991 3654 2386 3711 scribendum:
2450 3673 2469 3707 ι
2516 3655 2626 3711 Nec
2698 3654 3157 3725 praetereundum,
3218 3669 3320 3709 nec
3365 3640 3593 3710 silentio

1997 3744 2379 3800 occultandum
2428 3747 2649 3818 dignum
2696 3746 2814 3803 fore
2866 3738 3233 3813 decernimus,
3267 3747 3411 3817 quod
3465 3745 3582 3804 illo-

1995 3852 2119 3892 rum
2148 3835 2319 3891 relatu
2350 3837 2440 3907 qui
2478 3847 2776 3908 prmsentes
2816 3838 3044 3892 aderant
3076 3837 3401 3893 audivimus.
3431 3826 3597 3905 Qua?

1990 3914 2115 3984 dam
2156 3942 2387 3997 namque
2424 3926 2510 3982 die
2538 3927 2622 3983 vir
2650 3914 2854 3982 domini
2887 3927 3155 3998 (Pontius)
3190 3928 3577 3984 transeundum

1991 4020 2311 4076 Rhodanum
2333 4034 2430 4087 pro
2454 4006 2773 4089 quibusdam
2799 4019 2881 4074 sui
2915 4020 3211 4090 magisterii
3238 4018 3471 4091 negmiis
3499 4020 3579 4075 di-

1989 4122 2290 4179 sposuerat.
2326 4100 2624 4164 Matutinali
2667 4109 2848 4179 itaque
2883 4109 3171 4181 [tempore]
3213 4096 3593 4167 sacrosanctis

1986 4185 2265 4271 mysteriis
2284 4198 2577 4254 secundum
2591 4213 2745 4253 suum
2763 4212 2969 4253 morem
2989 4190 3272 4253 humiliter
3286 4199 3576 4269 persolutis

1991 4280 2359 4346 descendebat
2381 4290 2450 4343 ad
2487 4288 2663 4359 ripam
2712 4290 2834 4342 cum
2865 4286 3110 4358 pluribtis
3136 4284 3320 4356 sociis,
3351 4290 3572 4344 statim-

376 4396 395 4430 ι
425 4378 683 4446 Proinde,
729 4387 1060 4451 pertractata
1103 4394 1263 4434 causa
1312 4379 1366 4433 in
1417 4380 1700 4449 praesentia
1731 4377 1883 4437 Pari-
1909 4394 2093 4475 une
2144 4389 2273 4436 ante
2322 4387 2446 4435 eum
2496 4377 2797 4433 adveniunt
2855 4388 3012 4433 terra:
3053 4379 3233 4433 cultor
3279 4389 3333 4433 et
3384 4388 3575 4437 custos

303 4468 555 4523 siensium
600 4469 1008 4540 praepositorum
1047 4467 1313 4523 Guillelmi
1364 4469 1428 4524 de
1465 4468 1723 4537 Gornaio,
1758 4471 1885 4526 Bai-

304 4560 450 4615 noldi
501 4560 568 4615 de
626 4560 981 4623 Bellomonte,
1035 4559 1278 4613 Balduini
1307 4559 1674 4627 Flandrensis,
1703 4562 1881 4617 locum

300 4649 507 4705 domini
552 4651 695 4721 regis
738 4649 1060 4713 tenentium,
1100 4664 1220 4703 cum
1256 4664 1360 4702 non
1400 4659 1583 4717 posset
1607 4651 1747 4705 inter
1783 4666 1881 4707 nos

298 4740 692 4810 etpraedictum
726 4739 1059 4810 Stephanum
1097 4758 1198 4811 pax
1242 4740 1469 4806 firmari,
1516 4740 1773 4798 adductus
1795 4752 1881 4798 est

300 4833 351 4887 in
392 4834 569 4889 medio
591 4843 818 4903 uterque
860 4832 1010 4905 pugil
1061 4841 1117 4887 et
1141 4833 1206 4887 ad
1257 4833 1713 4891 conﬂictationem
1766 4843 1879 4889 sta-

303 4932 477 4990 tutus;
535 4938 766 4993 cumque
826 4925 986 4981 ambo
1047 4924 1137 4978 diu
1201 4923 1535 4995 multumque
1577 4924 1879 4981 conﬂictas-

302 5024 443 5079 sent,
472 5023 526 5067 et
547 5028 667 5069 sese
690 5015 922 5070 invicem
949 5015 1270 5085 gratissime
1291 5015 1622 5084 afllixissent,
1640 5017 1875 5083 tandem,

301 5110 408 5161 Deo
454 5104 778 5170 auxiliante,
824 5107 970 5178 pugil
1045 5117 1250 5172 noster,
1279 5107 1648 5163 adversarium
1720 5123 1876 5163 suum

303 5197 525 5251 viri-liter
576 5205 629 5251 et
652 5196 908 5251 audacter
948 5197 1227 5264 invadens,
1256 5196 1471 5252 oculum
1500 5197 1549 5252 ei
1581 5193 1799 5264 e:ipuit,
1825 5203 1879 5249 et

299 5299 447 5346 tanto
474 5290 757 5345 conamine
785 5304 907 5344 eum
946 5291 1216 5360 gravavit,
1261 5289 1426 5359 quod,
1460 5290 1550 5345 illo
1587 5287 1877 5360 proﬁtente

258 5410 263 5413 -
299 5400 354 5439 se
385 5384 583 5438 victum
618 5397 759 5447 esse,
802 5382 1031 5436 victoria
1070 5381 1173 5435 sibi
1204 5383 1389 5437 cessit.
1600 5376 1601 5379 “

371 5493 388 5524 ι
426 5474 695 5529 Praeterea
772 5472 963 5527 eadem
1036 5471 1125 5526 die
1180 5471 1526 5542 supradictus
1567 5463 1875 5541 Stephanus

298 5566 592 5619 adduxerat
615 5564 751 5619 duos
801 5564 1050 5620 homines
1098 5563 1443 5628 inmedium,
1498 5578 1594 5633 per
1643 5577 1873 5632 quorum

298 5658 660 5713 testimonium
719 5657 948 5719 probare
999 5658 1215 5714 volebat
1270 5654 1411 5727 quod
1468 5657 1580 5727 ipse
1643 5655 1725 5711 vel
1756 5646 1890 5728 ser-1

1986 4471 2148 4524 bOum
2190 4484 2434 4534 suorum,
2462 4469 2515 4523 in
2572 4483 2737 4521 manu
2802 4477 2993 4523 tenens
3055 4483 3351 4534 vomerem,
3404 4468 3588 4553 alter-3

1985 4564 2159 4618 cando
2181 4578 2304 4617 cum
2336 4561 2487 4618 socio
2518 4576 2636 4626 suo,
2678 4553 3063 4632 proclamando
3087 4556 3238 4617 illum
3264 4562 3567 4631 latronem;

1984 4652 2247 4721 siquidem
2297 4651 2493 4706 nudius
2535 4651 2726 4706 tertius
2775 4652 2915 4707 idem
2966 4666 3155 4708 vomer
3177 4648 3281 4709 non
3313 4652 3471 4724 longe
3500 4653 3571 4711 ab

1985 4752 2166 4795 aratro
2192 4736 2292 4796 sub
2325 4740 2470 4795 terra
2500 4742 2568 4796 ab
2589 4741 2778 4796 eodem
2804 4749 3020 4797 aratore
3047 4751 3333 4814 coopertus
3364 4744 3569 4814 fuerat,

1983 4832 2200 4888 neruine
2224 4840 2493 4902 praesente
2537 4831 2623 4885 vel
2677 4832 2909 4897 vidente,
2968 4835 3070 4889 nisi
3134 4850 3233 4890 suo
3279 4836 3446 4904 socio,
3473 4837 3569 4906 qui

1976 4922 2132 4993 juxta
2164 4922 2375 4977 aderat.
2442 4919 2757 4990 Requisitus
2807 4919 2970 4996 662
3005 4925 3056 4981 in
3101 4926 3424 4993 crastinum,
3457 4943 3566 4983 non

1980 5022 2062 5069 est
2084 5013 2334 5067 inventus
2359 5026 2456 5083 per
2486 5012 2743 5067 triduum.
2776 5013 2894 5081 Qua
2943 5017 3011 5077 de
3056 5034 3116 5076 re
3167 5017 3305 5074 alter
3365 5016 3561 5075 contra

1981 5104 2211 5160 alterum
2243 5092 2963 5174 conquerendo,impetebat
3015 5124 3154 5166 unus
3198 5110 3359 5164 alitm
3385 5110 3564 5165 furem

1979 5197 2215 5251 vomeris
2264 5193 2670 5265 proclamando.
2722 5194 2915 5250 Aiebat
2967 5211 3116 5267 ergo,
3155 5200 3426 5271 inquiens,
3468 5201 3562 5270 qui

1979 5288 2373 5349 absconderat;
2406 5284 2553 5342 nullo
2592 5296 2882 5357 praesente,
2928 5304 3031 5345 nec
3076 5289 3130 5343 in
3172 5292 3419 5360 proximo
3444 5291 3562 5347 exi-

1978 5390 2176 5447 stente,
2202 5388 2431 5451 excepto
2463 5389 2516 5436 te
2570 5378 2709 5446 solo,
2733 5379 2836 5434 fuit
2884 5390 3044 5437 terrae
3076 5384 3402 5452 suppositus,
3431 5400 3561 5453 pro-

1976 5470 2097 5541 pter
2133 5472 2275 5542 quod
2335 5481 2389 5527 te
2433 5468 2581 5526 illum
2629 5468 2918 5526 abstulisse
2971 5470 3223 5528 dicimus.
3264 5473 3561 5529 Prmdiclus

1975 5564 2138 5617 etiam
2204 5560 2287 5616 vir
2354 5560 2564 5617 Domini
2610 5559 2975 5630 supradictam
3043 5572 3169 5617 ante
3220 5578 3277 5619 se
3335 5548 3571 5618 aniens

1975 5650 2389 5721 querimoniam,
2442 5649 2704 5706 ambobus
2785 5649 3074 5707 subridens
3149 5651 3288 5707 hanc
3362 5652 3557 5707 indixit
