4032 6326
501 356 642 420 tros

500 462 829 533 Sententiam
879 489 893 525 :
936 468 1176 524 Mittatur
1249 474 1413 533 prope
1482 457 1656 528 ripam
1719 453 1858 509 sicut
1913 449 2080 505 videri
2111 452 2158 511 Α

498 569 667 642 possit
694 578 882 621 vomer
929 562 986 614 in
1038 571 1177 626 aqua
1230 548 1501 617 Rhodani,
1560 556 1613 602 et
1644 543 2087 642 cousiguabimus

497 631 620 715 eam
658 657 712 711 in
741 653 957 709 nomine
983 646 1215 704 Domini.
1268 638 1429 710 Quod
1459 637 1564 694 viri
1604 637 1696 692 Dei
1718 635 1918 692 dictum
1943 631 2086 688 facto

496 732 859 811 est'celeriter
888 738 1262 809 adimpletum.
1291 732 1445 787 Tunc
1494 743 1729 798 namque
1758 727 1841 782 vir
1872 724 2086 783 Domini

494 820 650 907 signo
716 844 917 889 saneta:
972 827 1153 884 crucis
1204 837 1399 894 aquam
1446 818 1816 889 sanctiﬁcans,
1860 815 2081 887 inquit:

492 906 724 987 Nudatis
742 921 985 980 brachiis
1021 918 1110 973 ille
1164 915 1231 971 de
1277 927 1387 984 quo
1414 911 1535 983 plus
1580 909 1878 975 dubitatur,
1937 906 2087 978 prior

494 1022 561 1082 ab
592 1032 732 1087 aqua
762 1027 1032 1071 vomerem
1084 1009 1280 1073 elevet,
1334 1016 1389 1063 et
1446 1003 1492 1061 si
1517 1020 1644 1058 reus
1673 1002 1798 1056 furti
1824 1000 1914 1066 sit,
1942 1001 2084 1055 Deus

488 1090 753 1179 justus'et
776 1119 967 1168 verax,
1002 1102 1105 1157 hoc
1148 1114 1246 1154 sua
1290 1089 1534 1152 bonitate
1560 1092 1785 1148 revelet.
1808 1090 2085 1145 Audacter

492 1180 676 1270 itaque
702 1184 803 1253 sibi
835 1192 965 1250 furti
993 1192 1245 1248 conscius
1273 1186 1340 1242 ad
1381 1182 1779 1241 extrahendum
1806 1191 2080 1235 vomerem

491 1306 559 1359 ex
608 1303 751 1359 aqua
799 1300 1020 1342 manum
1065 1280 1267 1347 intulit,
1310 1292 1473 1349 quam
1530 1272 1677 1329 velut
1724 1272 1777 1327 in
1820 1272 2082 1327 cacabum

489 1383 768 1457 builieutis
803 1395 957 1451 aquae
980 1378 1245 1440 misisset,
1278 1382 1602 1436 crematam,
1628 1378 1684 1423 ct
1722 1368 1839 1421 sine
1862 1376 2084 1418 vomere

493 1474 703 1537 retulit.
728 1473 861 1527 Mira
894 1472 1079 1538 itaque
1107 1482 1194 1522 res
1224 1480 1323 1519 nec
1345 1461 1546 1518 nostris
1573 1458 1786 1515 steculis
1813 1457 2081 1513 hactenus

492 1566 695 1632 audita.
728 1563 880 1632 Aqua
905 1559 1050 1615 enim
1096 1555 1418 1612 naturaliter
1465 1552 1662 1623 frigida
1725 1552 1792 1605 ad
1850 1549 2079 1604 demon—

491 1631 771 1725 straudam
801 1631 900 1704 rei
954 1646 1217 1718 pollutam
1287 1644 1434 1699 furto
1486 1639 1895 1704 conscientiam,
1944 1637 2081 1694 furis

490 1741 781 1827 crctttattdo
813 1738 1123 1815 brachium,
1149 1736 1405 1791 vindicta:
1433 1733 1564 1791 fecit
1587 1733 1870 1799 indicium.
1911 1730 2081 1785 homi-

490 1925 667 1996 ctitati
714 1937 954 1994 prmsens
1009 1919 1328 1975 miraculum
1381 1916 1805 1980 ascribentibus,
1836 1914 1913 1967 ait
1962 1913 2075 1982 ipse

490 2028 614 2069 cum
638 1996 891 2083 precibus
928 2027 942 2063 :
978 2027 996 2061 ε
1032 2007 1339 2065 Laudemus
1362 2007 1416 2061 in
1458 2006 1571 2061 suis
1601 2007 1803 2061 sanctis
1823 2001 2080 2074 operibus

493 2086 776 2175 Dominum
806 2086 979 2172 (Psal.
1005 2114 1195 2165 χχχιι,
1224 2098 1340 2169 19),
1378 2116 1395 2150 ι
1425 2097 1690 2169 siquidem
1720 2113 1737 2146 ι
1788 2094 1902 2164 ipse
1950 2093 2081 2147 facit

490 2176 760 2269 mirabilia
793 2176 940 2248 solus
971 2190 1145 2267 (Psal.
1194 2189 1484 2259 Lut,18),
1523 2208 1542 2240 ι
1600 2188 1742 2243 sicut
1786 2185 1917 2241 dicit
1942 2182 2078 2238 Pro-

487 2288 653 2356 pheta
714 2282 1008 2340 veridicus.
1065 2282 1255 2338 Nullus
1309 2280 1496 2351 utique
1560 2277 1872 2334 mortalium
1942 2274 2075 2331 fecit

486 2370 1017 2449 unquammirabilia
1067 2370 1172 2425 nisi
1217 2368 1362 2425 Deus’
1391 2369 1555 2424 homo
1578 2367 1754 2423 lactus
1791 2366 1844 2420 iu
1870 2365 2078 2435 virgine

486 2454 678 2521 Maria.
707 2462 806 2522 llle
828 2464 994 2537 igitur
1020 2461 1289 2525 laudetur,
1305 2459 1603 2514 honoretur
1626 2464 1683 2512 et
1707 2454 2038 2528 gloriﬁceltn'
2062 2472 2076 2511 :

484 2553 616 2608 fecit
641 2552 786 2607 enim
830 2549 987 2606 nobis
1026 2561 1122 2602 sua
1157 2545 1355 2615 pietate
1372 2543 1671 2615 cognitum,
1696 2542 1840 2613 quod
1873 2544 2079 2596 nostris

428 2628 433 2629 ί
492 2628 668 2698 oculis
703 2640 960 2696 manebat
1010 2636 1403 2692 absconditum.
1440 2633 1537 2689 Cui
1568 2641 1652 2690 est
1681 2633 1852 2687 honor
1881 2640 1933 2688 et
1966 2631 2081 2704 gle-

492 2732 574 2789 ria
602 2732 657 2787 in
686 2730 883 2787 sarcula
919 2726 1256 2784 strculorum.
1284 2723 1475 2779 Amen.
1508 2743 1529 2776 ι

555 2824 673 2894 (¹¹⁰)
702 2823 829 2880 CAP.
872 2818 1036 2876 XVII.
1076 2848 1145 2858 —
1174 2815 1626 2886 Dispensationem
1666 2808 1798 2866 Filii
1845 2810 2078 2881 Virginis

483 2917 796 2987 phantasma
824 2930 935 2968 esse
971 2914 1348 2984 {utentur,etc.
1385 2905 1807 2961 Manichaeorum
1846 2905 1949 2959 hoc
1995 2908 2103 2959 est'

485 3006 926 3061 deliramentum.
977 2999 1349 3072 lnspicieudus
1400 2996 1462 3050 Β.
1510 2994 1793 3065 Augustini
1847 2992 1939 3047 lib.
2002 2993 2079 3047 De

485 3095 804 3159 ltmresibus,
843 3109 963 3162 cap.
995 3091 1065 3146 46
1106 3098 1226 3161 post
1248 3088 1485 3144 medium
1513 3104 1528 3153 ;
1559 3086 1615 3141 S.
1654 3085 1783 3151 Leo,
1818 3097 2017 3140 sermo.
2044 3083 2077 3138 5

485 3184 791 3253 Dejejunio
822 3183 1016 3240 decimi
1050 3181 1274 3244 mensis,
1331 3179 1430 3233 sub
1477 3179 1617 3232 med.
1646 3193 1661 3243 ;
1710 3190 1906 3231 sermo.
1938 3175 1971 3229 4
2001 3175 2077 3231 De

486 3275 937 3347 Ouadragesima,
975 3284 1101 3328 ante
1133 3272 1317 3337 linem,
1354 3280 1408 3325 et
1430 3270 1548 3339 ejus
1578 3270 1738 3339 epist.
1778 3268 1847 3323 93
1887 3279 2076 3323 contra

486 3366 952 3434 Priscilliauistas,
991 3380 1111 3436 cap.
1142 3365 1210 3429 7;
1267 3361 1692 3417 Praedcstinatus
1738 3359 1931 3415 lueresi
1983 3357 2075 3424 ιθ,

490 3456 560 3512 60
589 3467 645 3513 et
673 3458 762 3512 70.

558 3547 626 3601 At
647 3547 789 3603 enim
815 3546 867 3600 in
896 3544 1091 3609 Gallia,
1119 3559 1223 3599 non
1256 3542 1417 3598 modo
1443 3549 1729 3612 postquam
1761 3539 1936 3611 sopita
1969 3539 2079 3595 liae-

484 3635 626 3690 rcsis
682 3634 1086 3704 Barengariana
1140 3641 1245 3695 est,
1305 3629 1642 3686 territorium
1686 3628 2079 3684 Suessioncnse

485 3728 653 3783 haece
684 3724 939 3797 pestifera
992 3722 1276 3779 Cleineulii
1327 3722 1509 3792 (quem
1560 3722 1813 3776 tuebatur
1838 3719 2077 3775 Joannes

485 3817 693 3888 comes)
718 3816 837 3872 labe
861 3815 1118 3871 infectum
1151 3825 1254 3879 est,
1281 3815 1390 3869 into
1414 3816 1464 3868 in
1497 3813 1835 3869 Armoricam
1861 3826 2078 3881 quoque

486 3907 831 3978 provinciam
866 3908 979 3977 ipsa
1008 3908 1195 3962 eadem
1224 3914 1542 3976 tempestate
1573 3905 1814 3961 diversas
1843 3903 2079 3959 htercses

488 3997 753 4067 serpsisse
802 3996 961 4052 docet
996 3996 1145 4068 liugo
1176 3995 1625 4067 Rothomagensis
1665 3994 1932 4063 archiep.,
1966 4001 2076 4048 tra-

490 4097 640 4143 ctatu
663 4086 737 4143 De
765 4088 1081 4152 lueresibus,
1138 4088 1228 4158 qui
1253 4088 1455 4143 idcirco
1478 4087 1712 4156 primum
1743 4102 1885 4141 nunc
1917 4086 2023 4141 luci
2048 4100 2076 4140 a

491 4178 651 4235 nobis
675 4178 985 4248 exponitur.
1027 4178 1289 4250 Reperics
1331 4180 1473 4234 inter
1508 4179 1899 4233 additamenta.

562 4269 677 4342 (ιη)
705 4269 838 4326 IBID.
864 4298 935 4310 —-
965 4268 1174 4324 Interea
1203 4270 1527 4340 perreximus
1556 4270 1625 4323 ad
1651 4269 1927 4323 concilium
1959 4267 2080 4323 Bel-

490 4362 727 4412 oatense.
754 4357 854 4414 Cui
886 4358 1138 4427 praesedit
1162 4357 1313 4413 Cono
1344 4358 1551 4426 legatus
1575 4356 1855 4413 Paschalis
1887 4357 1947 4419 ll,
1984 4373 2076 4411 an.

491 4450 521 4501 ἱ
533 4449 550 4501 1
676 4449 821 4518 quod
844 4449 1205 4545 suprajisum
1227 4458 1331 4545 est.
1349 4449 1594 4519 Appcud.
1618 4449 1686 4503 ad
1715 4447 2070 4519 Sigibcrtum,
2108 4491 2151 4545 Β

492 4546 548 4593 et
569 4538 821 4594 Nicolaus
844 4537 982 4595 Vitae
1010 4538 1068 4595 S.
1103 4538 1378 4595 Godefridi
1406 4540 1497 4595 lib.
1535 4556 1621 4605 tu,
1649 4556 1770 4611 cap.
1803 4542 1855 4597 9.

564 4633 680 4703 (m)
706 4633 837 4687 CAP.
880 4631 1159 4687 XVIII.—
1199 4632 1608 4688 Sordidissimas
1658 4632 1864 4689 bracas.
1896 4632 2076 4697 Ovid.,

494 4710 683 4787 Trist.,
718 4723 810 4777 lib.
841 4740 935 4789 ut;
964 4724 1101 4796 eleg.
1126 4723 1215 4791 10,
1254 4726 1476 4778 braccas
1516 4734 1802 4792 memorat,
1843 4726 1909 4781 de
1947 4741 2082 4794 qua-

493 4818 613 4868 rum
642 4816 864 4886 antiquo
886 4832 985 4871 usu
1014 4817 1254 4881 Vossius,
1273 4815 1347 4870 De
1370 4816 1513 4870 vitiis
1535 4817 1821 4882 sermonis,
1839 4832 1961 4888 pag.
1990 4818 2076 4872 10.

494 4910 636 4978 Quid
669 4925 797 4965 vero
855 4917 1053 4965 sonent
1101 4908 1244 4977 apud
1290 4915 1564 4963 nostrates
1611 4907 2079 4978 indigitautMoli-

493 5015 740 5056 smenses
795 5000 1047 5055 monachi
1106 5000 1247 5069 apud
1313 4997 1559 5055 0rderic.
1621 4996 1870 5062 Vitalem,
1912 4998 2074 5063 ilist.,

493 5088 588 5145 lib.
618 5105 737 5155 vnt,
793 5104 917 5160 pag.
968 5088 1123 5143 712:
1181 5107 1200 5141 ε
1246 5088 1348 5143 Ast
1401 5102 1590 5143 omnes
1635 5089 1819 5159 populi
1867 5088 2077 5143 braccis

494 5170 723 5235 utuntur
750 5178 802 5234 in
841 5178 1068 5233 occiduo
1094 5176 1312 5232 climate
1338 5194 1354 5244 ;
1385 5194 1481 5232 nec
1506 5178 1586 5232 eis
1613 5186 1722 5231 tam
1753 5192 1851 5247 pro
1880 5176 2078 5248 frigore

496 5284 658 5338 quam
696 5287 793 5339 pro
818 5271 1083 5323 dedecore
1113 5278 1311 5323 norunt
1336 5284 1541 5324 carere.
1576 5267 1785 5335 Quibus
1814 5283 1913 5337 pro
1945 5283 2075 5321 cau-

498 5364 573 5416 sis
597 5363 737 5417 idem
762 5378 881 5418 mos
906 5371 988 5415 est
1018 5362 1069 5415 in
1102 5364 1289 5415 nostro
1312 5362 1523 5416 ordine.
1572 5381 1589 5414 ι
1626 5360 1829 5430 Nempe
1868 5360 2079 5415 braccis

499 5447 780 5534 fernoraljp
831 5450 1180 5519 intelligunt:
1216 5450 1338 5505 inde
1389 5450 1625 5505 braccile
1674 5450 2076 5514 diminutivum,

499 5540 643 5607 quod
698 5539 1093 5610 subligaculqu
1170 5539 1335 5611 aliqui
1403 5540 1851 5609 interpretantur.
1901 5542 2079 5596 Adeas

502 5629 818 5684 Mcnarduut
890 5633 944 5685 in
994 5631 1354 5686 Concordiam
1412 5632 1744 5703 regularum,
1810 5648 1931 5703 cap.
1985 5632 2076 5698 42,

501 5734 623 5791 pag.
647 5721 784 5787 Βίης
808 5733 861 5776 et
882 5723 1221 5788 llaeftcuum,
1241 5724 1516 5794 Disquisit.
1542 5736 1796 5793 monast.,
1816 5742 1935 5796 pag.
1953 5727 2075 5782 495.

1390 347 1482 402 AD
1514 344 1663 403 OPP.
1707 340 1860 398 VEN.
1905 330 2229 394 GUIBERTI
2287 330 2376 386 DE
2410 320 2802 388 NOVIGENTO

2259 443 2374 515 (m)
2404 443 2532 498 Car.
2556 441 2699 498 XIX.
2726 473 2794 483 —
2818 442 2897 497 Ad
2946 452 3142 498 sancta:
3177 444 3591 499 conrersationis
3620 447 3762 499 habi-

2187 542 2318 589 tam.
2352 534 2824 604 Auctoripsemet.
2850 533 2942 588 lib.
2977 550 2991 587 l
3028 535 3161 591 Vita:
3196 549 3328 598 sum,
3352 551 3473 605 cap.
3498 536 3534 590 8
3563 554 3575 589 :
3616 555 3634 588 ε
3667 536 3765 591 Su-

2187 634 2371 697 scepto
2420 637 2626 680 sancta:
2693 624 3123 680 conversationis
3191 626 3381 679 habitu
3457 627 3766 695 perenniter

2188 714 2417 771 Domino
2450 714 2780 771 deserviere.
2810 734 2828 766 ι
2852 714 2928 769 ita
2948 714 3171 786 Magnus
3194 714 3515 784 Gregorius,
3541 714 3763 787 Dialog.,

2189 804 2281 859 lib.
2314 821 2375 872 tt,
2406 821 2528 875 cap.
2555 806 2576 859 1
2608 814 2733 859 ante
2758 805 2973 860 med.”
3008 805 3181 874 Eique
3202 805 3545 875 (Benedicto)
3574 815 3766 862 sancta:

2184 894 2619 950 conversationis
2673 893 2916 948 habitum
2949 895 3195 949 tradidit.
3233 912 3252 946 ι
3287 894 3655 963 Perantiquus
3675 910 3765 950 au-

2184 995 2305 1041 ctor
2332 986 2469 1041 Vita:
2496 986 2554 1041 S.
2596 985 2902 1050 Geremari,
2938 1001 3060 1055 cap.
3084 988 3141 1051 '5,
3176 985 3316 1041 infra
3363 986 3510 1041 inter
3543 988 3764 1041 Addita-

2184 1087 2410 1135 mettta:
2448 1096 2469 1130 ι
2512 1077 2793 1133 (ionstruit
2841 1078 3317 1149 congregationem
3370 1080 3763 1136 monachorum

2182 1173 2282 1225 sub
2327 1178 2511 1225 sancta
2563 1169 2978 1225 conversatione
3032 1171 3365 1240 degentium.
3402 1190 3423 1222 ι
3451 1169 3611 1225 Unde
3646 1171 3767 1227 olim

2183 1263 2415 1331 majores
2444 1262 2640 1328 nostri,
2664 1262 2753 1315 ubi
2782 1264 2848 1316 de
2877 1262 3218 1317 institutione
3249 1264 3557 1317 monastica
3595 1278 3769 1319 sermo

2181 1352 2497 1420 haberetur,
2533 1367 2743 1408 summa
2777 1368 2899 1407 cum
2939 1353 3288 1409 veneratione
3318 1353 3471 1423 loqui
3499 1354 3764 1409 solebant.

2180 1441 2489 1498 Conciliiiu
2540 1442 2745 1513 palatio
2780 1441 3046 1498 Vernensi
3102 1457 3223 1513 cap.
3278 1442 3335 1509 5,
3363 1444 3605 1498 ordinem
3648 1461 3767 1498 san-

2180 1533 2784 1599 ctum;Suessionensis
2826 1548 2914 1589 an.
2959 1533 3086 1599 744,
3115 1549 3238 1604 cap.
3265 1534 3318 1598 3,
3365 1535 3607 1605 regulam
3655 1553 3769 1589 san-

2180 1636 2350 1691 ctam;
2377 1626 2619 1698 Mogunt.
2661 1629 2764 1683 sub
2788 1627 2967 1683 Leone
2996 1643 3131 1700 papa
3154 1628 3241 1694 lll,
3266 1643 3381 1698 cap.
3416 1630 3503 1697 Η,
3537 1640 3767 1684 sanctam

2180 1719 2413 1789 regulam
2443 1718 2715 1789 appellant
2743 1719 2953 1775 Patres.

489 1808 756 1903 tiibusque
784 1810 848 1887 es
880 1831 985 1886 hoc
1036 1788 1180 1885 facto
1214 1826 1573 1901 mirantibus,
1598 1794 1662 1879 ac
1691 1824 1788 1877 viri
1820 1816 1909 1876 Dei
1943 1837 2076 1875 san-
2109 1788 2154 1848 Β
2183 1900 2211 1903 _
2253 1810 2437 1903 Sedet
2464 1810 2689 1903 Carolus
2718 1810 2923 1903 Magiu,
2957 1819 3230 1882 prtecepto
3259 1813 3683 1868 membranam
3704 1812 3766 1867 ad

2181 1900 2530 1957 Benedictum
2578 1901 2801 1956 Arriana:
2848 1901 3098 1958 abbatem
3130 1903 3198 1959 de
3249 1903 3540 1959 donatione
3582 1903 3765 1958 Cedat-

2183 1990 2367 2059 Novae,
2408 2000 2516 2048 etc.
2548 2006 2564 2045 :
2601 2010 2619 2044 ι
2656 1991 2978 2065 Supradicta
3007 1994 3122 2050 loca
3181 1994 3387 2050 habere
3438 1996 3767 2065 dignoscitur

2183 2080 2551 2154 (Benedictus)
2595 2085 2777 2141 denuo
2832 2101 2930 2156 per
2984 2095 3187 2142 nostra:
3231 2088 3587 2141 auctoritatis
3638 2104 3767 2158 pra--

2185 2184 2424 2244 ceptum,
2451 2175 2499 2230 ei
2533 2184 2587 2231 et
2614 2178 2897 2233 monachis
2933 2178 3046 2233 suis
3077 2178 3208 2233 inibi
3241 2177 3343 2234 sub
3363 2189 3558 2235 sancta
3588 2181 3760 2249 regula

2184 2264 2635 2334 consistentibus,
2671 2268 2982 2337 plenissima
3030 2268 3451 2335 deliberatione,
3485 2283 3591 2340 pro
3634 2284 3767 2325 mer-

2180 2354 2315 2413 cede
2343 2355 2539 2413 animae
2582 2367 2781 2414 nostra:
2836 2359 3031 2415 cedere
3073 2368 3127 2414 et
3175 2360 3503 2415 conﬁrmare
3550 2360 3764 2414 debere:

2184 2461 2327 2512 mus,
2370 2464 2389 2500 ι
2417 2456 2526 2503 etc.
2587 2447 2715 2504 Pius
2752 2447 3062 2505 Ludovicus
3085 2449 3265 2505 Caroli
3310 2450 3457 2505 filius
3487 2451 3545 2505 in
3576 2449 3761 2505 contir-

2184 2541 2422 2597 matione
2468 2540 2683 2597 abbatis
2730 2540 2967 2612 ejusdem
3016 2542 3357 2608 monasterii,
3384 2559 3553 2613 quam
3610 2558 3763 2613 supra

2182 2634 2470 2690 retulimus
2531 2652 2546 2689 :
2598 2651 2616 2686 ι
2670 2632 2912 2705 Magistri
2970 2644 3028 2690 et
3089 2635 3344 2691 doctores
3405 2646 3616 2691 sanctze
3660 2653 3761 2691 non

2182 2724 2355 2779 solum
2398 2724 2665 2794 regularis
2706 2725 2853 2792 vita),
2880 2740 3069 2780 verum
3096 2726 3274 2781 omnis
3302 2725 3614 2797 spiritualis
3649 2743 3765 2781 norb

2182 2830 2303 2879 mea,
2339 2834 2359 2866 ι
2415 2825 2523 2871 etc.
2573 2815 2825 2872 Nicolaus
2876 2831 3014 2887 papa
3054 2815 3118 2882 ll,
3167 2817 3514 2887 privilegium
3589 2817 3763 2871 archi-

2180 2906 2466 2961 mandritre
2502 2906 2729 2975 hujusce
2784 2909 3101 2963 monasterii
3153 2907 3355 2964 Poncio
3381 2910 3656 2976 concedit,
3677 2925 3763 2979 ap-

2179 2997 2414 3065 probans
2451 2997 2707 3053 universa
2730 3012 2851 3067 qua:
2881 2998 3225 3054 contulerant
3270 3015 3447 3070 reges,
3476 3001 3763 3069 exterique

2180 3086 2483 3140 Christiani
2510 3102 2524 3140 :
2554 3105 2572 3138 ι
2623 3085 2944 3151 Licentiam,
3002 3088 3192 3157 inquit,
3235 3087 3461 3143 donanti
3495 3089 3760 3157 pmniteuo

2181 3179 2309 3231 tiam
2346 3178 2413 3233 ad
2455 3193 2515 3234 se
2567 3180 2927 3249 undecunque
2976 3181 3254 3236 butuilitcr
3291 3182 3759 3246 concurrentibus,

2178 3268 2796 3339 e’xcommunicandique
2831 3284 3122 3339 perversos
3155 3280 3484 3341 potestatem
3541 3271 3757 3335 habeat,

2178 3369 2230 3412 et
2255 3358 2498 3414 solvendi
2546 3359 2973 3427 satisfacientes,
3000 3361 3329 3415 auctoritate
3353 3361 3653 3430 apostolica
3688 3363 3758 3415 ie-

2179 3450 2482 3520 dulgcmus,
2512 3459 2621 3505 etc.
2657 3451 2725 3506 Et
2746 3467 2815 3507 ne
2849 3457 3074 3521 parvain
3097 3452 3398 3521 quamlibet
3426 3454 3760 3507 occasiuncm

2178 3541 2423 3610 praedicti
2472 3542 2573 3598 loci
2629 3544 2982 3615 congregatio
3051 3544 3369 3599 adinveuiat
3431 3546 3756 3613 exsequendi

2179 3647 2299 3703 qua:
2319 3646 2509 3690 sancta
2529 3645 2655 3690 sunt
2680 3646 2735 3691 et
2756 3635 2924 3706 justa,
2941 3644 2995 3690 et
3017 3644 3219 3690 sancta:
3236 3635 3439 3706 regula:
3459 3651 3715 3705 congrua.
3735 3651 3754 3685 ι

2178 3735 2287 3779 etc.
2348 3724 2424 3780 Ex
2480 3726 2679 3782 tabulis
2742 3725 2989 3795 ejusdem
3051 3726 3399 3782 monasterii.
3466 3726 3760 3781 lustituens

2179 3816 2475 3887 Neuﬁngus
2523 3817 2936 3889 Andegavensis
2979 3818 3223 3887 opiscop.
3270 3817 3597 3883 monachos,
3647 3819 3754 3888 (ex-

2180 3907 2347 3977 pulsis
2369 3907 2665 3979 canonicis)
2703 3908 2756 3961 in
2794 3907 3128 3962 monasterio
3173 3906 3231 3961 S.
3278 3906 3484 3973 Albini,
3537 3908 3619 3962 sic
3657 3906 3758 3961 elo-

2180 3999 2363 4066 quitur
2394 3999 2446 4052 in
2492 3998 2708 4058 schedis
2756 3997 3075 4053 veteribus:
3110 4016 3128 4049 ς
3182 3996 3470 4067 Privilegia
3531 4013 3654 4067 qua:
3697 4010 3756 4050 es

2178 4087 2402 4157 antiquo
2452 4087 2727 4142 canonicis
2763 4087 3003 4157 ejusdem
3049 4087 3296 4143 ecclesiae
3329 4086 3550 4143 fuerant
3580 4087 3759 4143 obtcno

2182 4188 2259 4244 ta,
2288 4176 2450 4249 663
2482 4176 2743 4233 fratribus
2771 4193 2987 4249 quoque
3040 4194 3184 4233 nunc
3214 4178 3323 4234 Deo
3357 4178 3562 4234 ibidem
3606 4193 3756 4248 regu-

2180 4268 2368 4323 lariter
2392 4269 2781 4334 servientibus,
2803 4279 2984 4323 nostra
3011 4272 3336 4326 auctoritate
3363 4272 3706 4326 ﬁrmaremus
3736 4288 3751 4323 :

2178 4359 2321 4428 quod
2353 4376 2452 4415 nos
2484 4361 2730 4417 ordinem
2784 4371 3032 4417 sanctum
3080 4362 3333 4418 attollere
3360 4364 3647 4434 cupientes
3679 4363 3749 4417 fe-

2178 4454 2373 4518 cimus,
2415 4474 2432 4505 ι
2468 4464 2573 4509 etc.

2252 4547 2321 4599 At
2353 4559 2481 4599 vero
2509 4543 2554 4599 si
2598 4544 2740 4600 ultra
2771 4546 3201 4617 progrediamur,
3248 4556 3300 4603 et
3346 4548 3622 4602 anteriora
3654 4561 3752 4601 εεεο

2180 4635 2299 4691 cula
2319 4636 2679 4695 attendamus,
2706 4638 3086 4691 cceuobiticam
3104 4638 3267 4691 vitam
3294 4637 3553 4692 Ecclesiae
3578 4637 3755 4691 Patres

2181 4727 2337 4780 miris
2384 4725 2691 4781 cutnulasse
2742 4726 2989 4781 laudibus
3019 4727 3388 4782 advertemus.
3440 4727 3500 4782 S.
3532 4729 3753 4781 Athana-

2180 4817 2315 4882 sius,
2348 4815 2615 4871 referente
2652 4813 2919 4881 Cedreuo,
2949 4832 3174 4871 numero
3197 4819 3311 4871 sive
3337 4831 3457 4885 cap.
3485 4817 3546 4871 9i
3579 4816 3749 4870 Histo-

2181 4907 2313 4961 riae:
2352 4924 2372 4957 ι
2404 4905 2538 4961 Cum
2570 4905 2810 4961 duo‘sint
2852 4907 2971 4959 vita:
2997 4920 3217 4977 genera,
3268 4907 3546 4960 mediocre
3573 4921 3747 4965 unum.

2178 5012 2234 5059 et
2280 5003 2531 5058 humanae
2567 5005 2691 5059 vitm
2742 5003 3245 5065 accommodatum;
3292 5001 3524 5055 alterum
3566 4999 3751 5068 angclb

2178 5109 2321 5160 cum,
2352 5103 2408 5148 et
2433 5095 2808 5163 apostolicum,
2836 5104 2998 5163 atque
3027 5094 3470 5163 iucomparabile,
3506 5093 3646 5162 quod
3674 5101 3749 5145 est

2178 5185 2510 5255 virginitatis
2553 5194 2716 5255 atque
2744 5186 3059 5240 monasticae
3088 5186 3229 5247 vine,
3261 5204 3280 5235 ι
3308 5194 3413 5240 etc.
3467 5184 3533 5237 Et
3576 5182 3748 5252 pauti;

2180 5275 2481 5344 interjectis
2517 5293 2530 5329 :
2563 5294 2581 5327 ι
2609 5276 2786 5344 Atque
2814 5275 2939 5329 hinc
2967 5274 3253 5345 Dionysius
3276 5273 3367 5327 ille
3395 5272 3746 5342 apostolicus:

2179 5368 2431 5425 Omnium
2472 5382 2752 5424 sacrorum
2799 5367 3050 5421 ordinum
3090 5380 3377 5435 supremus
3418 5373 3473 5419 et
3524 5362 3749 5420 celsissi-

2181 5474 2300 5513 mus
2331 5466 2416 5513 est
2446 5457 2834 5513 monachorum
2864 5458 3015 5517 ordo.
3050 5477 3068 5509 ι
3101 5466 3207 5513 etc.
3242 5456 3356 5524 Qua
3404 5457 3472 5511 de
3501 5471 3558 5510 re
3585 5453 3751 5508 Theo.

2182 5548 2366 5603 dosius
2393 5549 2525 5617 imp.
2560 5549 2859 5602 monachos
2891 5548 3171 5617 alloquens
3199 5548 3398 5602 ibidem
3432 5545 3588 5606 infra.
3632 5559 3741 5611 cap.

2186 5637 2287 5691 130
2326 5651 2341 5691 :
2388 5654 2407 5687 σ
2437 5637 2584 5691 Beati
2617 5651 2680 5690 ac
2713 5635 3007 5690 felicissimi
3043 5636 3303 5705 profccm,
3334 5650 3451 5701 vos,
3485 5650 3619 5688 mon‘
3643 5633 3743 5693 cbi,

2182 5728 2343 5795 estis,
2382 5746 2400 5779 ι
2465 5736 2569 5783 etc.
2626 5727 2682 5782 lu
2735 5726 2946 5781 laudem
3004 5727 3063 5782 S.
3113 5725 3394 5781 Athanasii
3454 5725 3744 5780 orationem
