4032 6336
243 403 373 459 12οι

1375 397 1586 457 DOMNI
1626 400 1687 454 L.
1725 399 2068 458 D‘ACllERY
2115 400 2343 458 ΝΟΤᾸΞ.

3369 414 3513 479 ἢδὶοῶ

241 513 439 569 habuit
484 502 539 565 S.
572 509 798 581 Gregor.
837 508 967 563 Naz.
1015 515 1207 578 estque
1250 511 1427 565 oratio
1452 511 1541 572 2|,
1578 510 1667 564 ubi
1721 509 1821 564 sub
1851 515 1894 573 Α
1926 509 2145 565 Carnot.
2199 510 2457 583 prmdicat
2507 512 2620 568 suis
2680 513 2880 572 litteris
2918 517 2983 572 ad
3041 520 3305 595 abbatem
3344 522 3505 581 Bona:

242 606 388 660 med.
429 620 442 657 :
482 621 499 653 ι
536 603 617 658 Ad
645 617 801 658 sacra
834 602 922 657 illa
954 610 1009 656 et
1038 602 1217 656 divina
1242 601 1462 673 Egypti
1494 605 1820 658 monasteria

240 711 303 751 se
348 692 583 754 confert,
624 692 675 747 in
720 692 916 761 quibus
943 691 1190 747 homines
1216 706 1246 748 a
1290 692 1495 749 mundo
1530 708 1589 749 se
1628 694 1823 749 distra-

240 787 459 851 hentes,
509 784 620 839 Deo
668 785 857 838 vivunt
907 783 1078 855 magis
1132 799 1293 854 quam
1349 786 1533 842 caeteri
1577 776 1826 845 hmnines

239 876 335 945 qui
374 875 428 928 in
458 889 686 944 corpore
717 884 1025 931 versantur.
1067 894 1086 929 ι
1120 875 1294 943 Quam
1320 876 1389 932 ob
1416 875 1619 933 ren‘fS.
1647 878 1823 949 Chry-
1862 886 1865 887 '

236 975 493 1029 sostom.,
519 965 706 1019 homil.
738 964 827 1031 70,
853 964 905 1037 in
935 981 1055 1039 cap.
1094 967 1185 1021 22.
1216 966 1453 1041 Matth._:
1488 988 1507 1020 ι
1534 968 1651 1037 Non
1688 970 1873 1043 emtor,

234 1056 563 1127 diverticula
607 1058 1019 1129 monachorum
1055 1060 1268 1114 minora
1309 1061 1628 1115 :estimanda
1677 1050 1825 1119 sunt.

231 1148 459 1219 Angeli"
490 1150 705 1219 neinpe,
754 1150 879 1204 irno'
909 1154 1038 1206 vero
1084 1152 1199 1222 ipse
1240 1142 1461 1222 quoque
1510 1150 1822 1221 angelorum

233 1237 510 1294 Dominus
545 1255 917 1310 saepenumero
945 1243 1013 1296 ad
1056 1256 1150 1298 eos
1179 1242 1541 1297 divertuntur.
1573 1262 1592 1294 ι
1623 1242 1841 1297 lterum

226 1329 477 1402 Gregor.
530 1330 687 1397 Naz.,
744 1341 884 1386 orat.
939 1333 1007 1387 ad
1054 1332 1326 1388 Iulianum
1374 1332 1529 1387 Trib.
1582 1348 1820 1403 exseq.:

231 1441 251 1475 ι
292 1422 394 1478 Dei
427 1437 616 1477 servos
643 1431 697 1477 et
732 1423 1044 1493 discipulos,
1092 1423 1395 1479 caelestium
1416 1422 1608 1479 rerum
1638 1422 1824 1494 inspe-

221 1522 449 1579 ctores,
483 1514 697 1582 generis
724 1514 892 1568 nostri
936 1515 1227 1584 primitias,
1258 1516 1374 1570 haec
1400 1514 1695 1581 columina,
1724 1515 1825 1572 has

227 1604 360 1658 ﬁdei
418 1615 616 1659 nostrm
654 1619 909 1668 coronas,
967 1605 1067 1659 hos
1124 1604 1307 1676 templi
1356 1605 1585 1681 lapides,
1617 1624 1636 1659 ι
1686 1614 1822 1673 etc.,

231 1694 480 1763 appellat
533 1696 848 1750 monachos.
894 1694 958 1748 Et
1007 1694 1311 1762 Salvianus,
1344 1694 1438 1751 lib.
1468 1712 1563 1751 vnt
1606 1695 1681 1753 De
1722 1714 1822 1769 gu-

226 1783 349 1838 ber.
387 1792 531 1861 post.
562 1784 744 1838 med.:
780 1805 798 1838 ι
834 1784 1065 1839 Sanctos
1094 1783 1208 1838 Dei.
1244 1804 1261 1835 ι

1928 600 2094 656 Vallis
2119 602 2434 658 Bernerium
2469 621 2483 670 ;
2519 604 2602 661 bis
2638 621 2761 662 mox
2803 608 2963 664 linem
3016 612 3217 667 nostris
3256 615 3507 670 observa.-

1928 693 2165 755 tionibus
2210 694 2567 764 imponemus.
2619 696 2677 753 S.
2712 698 3042 767 Bernardus,
3080 718 3246 758 serm.
3281 705 3355 760 De
3384 721 3503 760 ver-

1925 787 2010 843 bis
2053 786 2312 841 Domini:
2350 806 2368 839 ι
2397 787 2538 845 Vere
2584 789 2906 859 claustrum,
2953 792 3154 850 fratres
3201 796 3333 858 mei,
3377 812 3505 851 vere

1926 878 2121 949 religio
2152 882 2257 932 ’es’t
2286 878 2607 948 paradisus.
2642 900 2661 933 ι
2699 881 2890 938 Petrus
2935 883 3202 950 Blesens.,
3250 886 3410 954 epist.
3442 887 3508 941 15

1926 968 2028 1024 sub
2061 968 2223 1039 linem
2250 985 2263 1021 :
2300 986 2319 1037 ι
2357 967 2518 1022 Juxta
2542 973 2865 1027 sententiam
2906 975 3089 1049 cordis
3119 975 3246 1043 mei,
3270 976 3315 1051 si
3346 991 3508 1047 para-

1925 1059 2075 1115 disus
2104 1060 2157 1114 in
2205 1060 2306 1114 hac
2339 1060 2447 1114 vita
2481 1064 2734 1130 praesenti
2768 1074 2871 1130 est,
2904 1066 2986 1121 vel
3032 1066 3086 1123 in
3126 1068 3365 1124 claustro
3402 1077 3505 1132 est,

1926 1148 2009 1205 vel
2044 1150 2096 1205 in
2127 1144 2339 1205 sehola'.’
2364 1148 2493 1206 {Et
2517 1150 2640 1221 pius
2660 1150 2922 1209 ’Joannes‘
2942 1155 3172 1212 Gerson.
3207 1156 3319 1211 lib."
3343 1173 3400 1212 Ill
3438 1158 3511 1212 De

1910 1238 2229 1293 imitatione
2273 1237 2499 1306 Christi,
2537 1254 2659 1310 cap.
2712 1239 2819 1295 56:
2853 1259 2871 1292 ι
2898 1242 3038 1297 Vere
3066 1245 3177 1298 vita
3220 1246 3347 1301 boni
3394 1262 3510 1301 ino-

1926 1330 2087 1387 nachi
2114 1345 2245 1387 crux
2280 1339 2386 1396 est,
2426 1333 2520 1386 sed
2557 1332 2661 1385 dux
2692 1333 2953 1402 paradisi.
2988 1354 3008 1387 ι

1996 1422 2264 1478 Cancrum
2310 1416 2555 1478 eas’SS.
2594 1422 2821 1479 Patrum
2870 1425 3171 1480 sententias
3212 1427 3292 1481 sic
3340 1442 3369 1479 a
3426 1442 3513 1480 me

1925 1511 2200 1582 expositas
2242 1512 2404 1566 velim
2455 1511 2681 1574 credas,
2716 1514 2943 1568 non‘ad
2996 1513 3231 1579 fastum,
3286 1530 3393 1569 non
3446 1515 3511 1567 ad

1925 1606 2274 1677 philantiam;
2324 1606 2436 1660 sive
2474 1612 2533 1659 ut
2564 1604 2686 1659 aliis
2721 1604 3006 1659 ordinibus
3040 1603 3349 1660 institutum
3395 1619 3508 1658 mo-

1929 1696 2221 1760 nasticum,
2271 1695 2413 1764 quod
2458 1693 2508 1748 id
2546 1696 2649 1748 sim
2694 1691 2995 1762 amplexus,
3039 1691 3295 1748 anteferri
3344 1706 3504 1761 appe-

1928 1795 2037 1842 tam
2089 1786 2154 1859 (ι
2180 1785 2340 1841 Absit
2396 1785 2527 1841 mihi
2558 1783 2803 1856 gloriari,
2842 1783 2951 1851 nisi
2982 1784 3036 1841 in
3084 1798 3247 1840 cruce
3293 1782 3510 1839 Domini

303 1873 619 1928 Concilium
644 1873 964 1928 Toletannni
993 1890 1044 1928 tv
1087 1874 1191 1929 sub
1215 1874 1454 1931 llonorio
1494 1875 1598 1930 PP.
1625 1874 1672 1939 l,
1696 1890 1817 1945 cap.
1854 1878 1897 1936 Β
1927 1875 2096 1930 nostri
2135 1873 2262 1930 Jesu
2300 1873 2526 1938 Christi,
2556 1888 2653 1944 per
2690 1888 2853 1943 quem
2890 1871 3305 1927 mihimundns
3330 1872 3513 1927 crueiq

227 1963 303 2020 50
340 1980 356 2018 :
397 1982 417 2015 ι
454 1963 649 2019 Clerici
696 1965 786 2034 qni
839 1966 1228 2020 monachorum
1276 1967 1611 2035 propositum
1662 1980 1827 2035 appe—

231 2063 383 2117 tunt,
414 2056 539 2123 quia
565 2055 844 2110 meliorem
872 2057 1037 2109 vitam
1064 2057 1215 2125 sequi
1247 2058 1487 2126 cupiunt,
1521 2056 1721 2112 liberos
1748 2058 1826 2112 eis

235 2141 308 2219 ab
339 2143 615 2212 episcopis
652 2144 709 2198 in
755 2145 1103 2200 monasteriis
1133 2144 1317 2215 largiri
1359 2155 1572 2216 oportet
1618 2146 1828 2218 ingres-

233 2247 354 2287 sus.
395 2252 413 2284 ι
474 2232 785 2289 Bonifacius
830 2250 966 2305 papa
997 2234 1063 2290 lV
1096 2235 1313 2290 clericis
1354 2236 1691 2306 Anglicanis,
1734 2236 1826 2306 qui

233 2322 389 2376 ornni
418 2322 599 2377 studio
622 2324 859 2393 t0tisquc
882 2324 1087 2380 viribus
1108 2326 1428 2392 monachos,
1456 2325 1598 2395 quod
1627 2323 1826 2379 mortui

234 2424 428 2491 essent
453 2416 676 2493 mundo,
705 2432 735 2470 a
755 2416 1076 2471 clericorum
1108 2415 1300 2472 olliciis
1331 2432 1519 2471 arcere
1550 2415 1815 2471 conaban-

239 2514 353 2571 tur,
384 2507 739 2575 respondens,
773 2507 914 2561 inter
938 2507 1041 2560 alia
1073 2507 1153 2562 sic
1183 2507 1436 2562 rescribit
1463 2526 1476 2561 :
1515 2526 1532 2559 ι
1564 2505 1829 2583 Sacerdos

239 2605 326 2653 tes
368 2598 538 2668 igitur
582 2599 833 2653 monachi
881 2608 934 2654 et
984 2599 1255 2665 canonici,
1308 2599 1399 2669 qui
1450 2597 1690 2668 quotidie
1735 2594 1828 2651 Dei

238 2698 519 2760 praecepta
552 2690 901 2757 annnntiant,
947 2690 1122 2762 angeli
1170 2698 1431 2745 vocantur
1464 2690 1676 2745 ratione
1722 2703 1829 2744 non

239 2780 573 2851 incongrua.
612 2779 720 2836 Sed
749 2780 1123 2851 unusquisque
1154 2782 1433 2852 angelicus
1471 2782 1606 2836 ordo
1625 2788 1830 2855 quanto

241 2872 554 2928 claritatem
603 2874 697 2928 Dei
728 2874 964 2929 vicinius
1005 2873 1423 2943 contemplatur,
1460 2882 1613 2928 tanto
1652 2870 1830 2941 digni-

240 2969 361 3019 tate
428 2963 714 3019 sublimior
760 2963 1120 3020 aﬂirmatnr:
1181 2979 1306 3018 nam
1363 2964 1440 3019 uti
1495 2963 1828 3025 Cherubim,

240 3053 506 3107 monachi
548 3068 642 3108 sex
689 3053 793 3107 alis
829 3054 1144 3119 velantur,»
1198 3064 1307 3109 etc.
1358 3054 1532 3108 llabet
1580 3054 1697 3109 haec
1739 3051 1831 3106 lvo

242 3143 482 3206 decret.,
515 3153 657 3213 part.
701 3160 798 3209 vn,
840 3159 960 3214 cap.
1009 3144 1098 3199 22.
1134 3143 1386 3199 Concinit
1427 3143 1481 3197 in
1528 3142 1669 3199 hanc
1716 3156 1831 3198 rem

243 3251 556 3307 anonymus
587 3246 743 3306 poeta
790 3238 843 3292 in
884 3238 1027 3293 notis
1053 3236 1333 3295 Sirmundi
1382 3236 1451 3292 ad
1488 3234 1587 3291 lib.
1619 3251 1692 3292 tv.
1726 3236 1832 3293 ϐου
1859 3229 1904 3291 C

243 3327 457 3387 defredi
486 3327 683 3393 Vindo,
712 3329 866 3397 epist.
905 3329 930 3383 l
962 3329 1015 3383 in
1050 3329 1178 3384 fine.

314 3417 407 3472 Sic
435 3416 697 3472 Cherubin
725 3420 871 3485 caelo,
901 3420 1145 3474 monac/ti
1171 3418 1355 3475 tellure
1389 3429 1689 3487 manentes,

394 3506 573 3562 Unum
602 3509 728 3563 dant
754 3511 843 3564 uni
868 3511 1135 3564 servitium
1160 3510 1407 3566 Domino.

244 3598 500 3667 Denique
548 3600 905 3668 subsequiora
948 3610 1187 3671 tempora
1257 3602 1533 3673 paululum
1572 3604 1833 3676 inspicia-

244 3704 394 3745 mus.
424 3688 481 3744 lo
524 3690 755 3747 concilio
793 3690 1168 3748 Lentoviccnsi
1197 3710 1286 3749 an.
1322 3695 1481 3763 1034,
1516 3697 1589 3754 ita
1620 3713 1715 3754 eos
1742 3698 1833 3768 qui

244 3779 626 3835 consedebanl
672 3781 871 3845 affatur
905 3798 1106 3854 praeses
1136 3804 1150 3840 :
1190 3805 1209 3839 ι
1238 3787 1316 3844 llli
1360 3790 1503 3845 enim
1536 3790 1833 3863 (monachi)

244 3871 467 3954 nostris.
488 3871 696 3943 legibus
723 3875 1027 3949 constringi
1046 3892 1151 3935 non
1185 3881 1403 3947 debent,
1435 3884 1527 3953 qui
1559 3885 1702 3941 ultra
1734 3902 1837 3944 nos

238 3977 350 4031 per
397 3970 609 4017 arctam
658 3975 713 4020 et
760 3980 1049 4040 angustam
1099 3983 1313 4044 portam
1362 3976 1486 4030 vitae
1526 3977 1837 4047 ingrediun-

247 4062 359 4105 tur.
392 4071 412 4104 ι
447 4051 651 4108 Deinde
677 4064 797 4123 post
825 4073 995 4128 pauca
1025 4080 1041 4115 :
1078 4083 1103 4114 ι
1131 4064 1372 4120 Abbates
1407 4066 1686 4136 regulares
1727 4083 1835 4126 non

239 4140 377 4197 ideo
430 4143 497 4197 ad
553 4148 822 4217 synodum
880 4153 1073 4209 venire
1116 4169 1251 4225 cogo
1319 4155 1478 4225 hujus
1528 4159 1713 4225 sedis,
1779 4168 1840 4216 ut

248 4244 579 4303 arguantur,
618 4239 713 4293 sed
737 4248 795 4293 ut
838 4243 971 4297 mihi
1002 4244 1070 4298 de
1106 4247 1270 4302 rebus
1297 4248 1686 4306 ecclesiasticis
1724 4266 1839 4305 mo-

248 4326 516 4382 derandis
545 4330 849 4389 consultum
875 4335 1183 4403 praebeant;
1211 4347 1480 4408 quatenus
1515 4340 1644 4410 ipsi,
1680 4342 1843 4411 spiri-

250 4418 436 4474 tuales
465 4419 587 4484 viri,
621 4421 675 4475 in
718 4426 1077 4482 retributione
1112 4444 1329 4488 corona:
1374 4447 1586 4488 mecum
1617 4436 1837 4505 partici-

250 4517 477 4580 pentur.
517 4530 535 4563 ι
594 4511 747 4569 Unde
798 4516 857 4570 S.
915 4518 1027 4573 Leo
1078 4520 1180 4576 PP.
1218 4523 1290 4579 1X
1342 4528 1728 4583 monachorum
1780 4530 1836 4585 S.

252 4600 495 4672 Remigii
546 4604 599 4659 in
633 4607 866 4664 concilio
910 4609 1206 4671 Remensi:
1244 4632 1261 4666 ι
1294 4602 1609 4674 sacietatem
1645 4620 1837 4675 devote

240 4692 419 4763 petiit
469 4691 599 4762 (fert
646 4706 802 4753 vetus
839 4700 1052 4774 charta)
1098 4712 1154 4759 et
1197 4706 1430 4774 accepit,
1463 4722 1726 4778 suamque
1759 4710 1839 4766 eis

250 4778 545 4836 humiliter
577 4789 885 4854 petentibus
913 4792 1140 4863 largitus
1165 4805 1270 4861 est,
1304 4815 1323 4848 ι
1357 4806 1463 4852 etc.
1494 4798 1653 4853 Anno
1680 4800 1839 4869 1049,

253 4884 373 4944 quo
430 4870 550 4929 loco
604 4881 917 4940 monasticis
970 4885 1111 4942 votis
1171 4887 1428 4945 astrictos
1470 4889 1699 4947 haberet
1750 4892 1842 4949 lvo

1900 1964 2064 2022 fixus
2080 1973 2193 2021 est.
2226 1973 2279 2019 et
2307 1978 2413 2035 ego
2433 1964 2633 2019 mundo
2669 1961 2868 2021 (Calai.
2906 1978 2981 2029 vr,
3020 1962 3133 2025 14).
3156 1982 3175 2014 ι
3230 1962 3341 2016 lmo
3384 1977 3514 2016 vero

1926 2072 2079 2113 mens
2123 2071 2241 2111 mea
2282 2055 2623 2125 potissimum
2655 2054 2782 2121 fuit,
2814 2068 2935 2123 quae
2977 2053 3109 2109 mihi
3153 2053 3293 2107 inter
3321 2052 3509 2122 legen-

1925 2149 2053 2205 dum
2100 2148 2451 2221 collegeram,
2491 2146 2695 2217 speculi
2756 2146 2951 2212 instar,
2994 2145 3074 2201 viis
3126 2145 3511 2215 qui,terrenis

1926 2239 2090 2295 rebus
2118 2236 2411 2306 despectis,
2443 2236 2648 2291 Christi
2682 2249 2848 2291 suave
2866 2233 3054 2305 jugum
3083 2234 3324 2291 humeris
3367 2234 3508 2289 ultro

1926 2330 2323 2400 imposuerunt,
2367 2328 2634 2400 obiicere;
2692 2335 2964 2398 quatenus
3010 2334 3267 2395 repetere
3308 2334 3515 2395 queant

1927 2421 2110 2476 animo
2146 2419 2290 2491 quod
2312 2418 2571 2486 Gerson.,
2597 2419 2687 2474 ubi
2709 2433 2870 2487 supra
2895 2432 3015 2488 cap.
3042 2416 3134 2480 l0,
3168 2416 3299 2469 tanti
3340 2415 3469 2473 facit
3496 2434 3507 2468 :

1933 2496 2097 2565 «Non
2144 2511 2290 2565 enim
2358 2508 2611 2564 omnibus
2666 2506 2977 2579 (exclamat)
3022 2507 3210 2565 datum
3262 2514 3346 2561 est
3412 2517 3515 2570 ut.

1930 2601 2186 2663 omnibus
2209 2599 2495 2666 abdicatis,
2511 2598 2709 2655 sarculo
2726 2597 3060 2662 renuntient,
3082 2605 3137 2651 et
3156 2588 3516 2651 monasticam

1931 2694 2097 2750 vitam
2154 2698 2457 2748 assumant.
2502 2708 2523 2745 ι
2577 2689 2688 2745 Nec
2735 2704 2848 2744 non
2907 2695 2966 2743 et.
3028 2702 3138 2757 quo
3202 2685 3399 2739 ultima:
3455 2696 3519 2755 ac

1931 2784 2179 2853 corporis
2238 2784 2383 2838 vires
2428 2780 2751 2847 collincare,
2798 2788 2854 2834 et
2896 2791 3159 2850 quantum
3216 2772 3517 2840 virtutum,

1932 2875 2352 2945 sanetitatisque
2377 2873 2652 2944 fastigium
2684 2878 2930 2942 spectare
2961 2869 3211 2933 debeant,
3243 2864 3378 2921 nihil
3413 2880 3519 2953 non

1934 2974 2255 3037 agnoscant.
2297 2967 2477 3033 Atque
2524 2963 2597 3017 illi
2647 2972 2908 3033 praeterea
2938 2956 3263 3030 verecundia
3306 2954 3519 3026 percel-

1934 3059 2136 3123 lantur,
2178 3056 2375 3126 quibus
2404 3054 2554 3109 cordi
2603 3054 2825 3108 minime
2849 3060 2933 3107 est
2959 3040 3128 3105 hocce
3157 3048 3283 3102 vita)
3323 3061 3517 3123 genus,

1934 3154 2144 3211 scilicet
2187 3148 2554 3214 abstinentire,
2599 3146 2838 3217 jejuniis,
2886 3144 3108 3214 vigiliis,
3157 3138 3519 3202 chameuniis,

1935 3244 2175 3310 silentio,
2206 3240 2482 3298 solitudini
2510 3248 2563 3297 et
2592 3239 2826 3303 cmteris,
2850 3251 2971 3307 quae
2993 3234 3178 3305 gravia
3203 3246 3267 3287 ac
3290 3230 3519 3287 ntolesta

1933 3335 2084 3393 carni
2110 3348 2295 3389 revera
2336 3330 2611 3396 videntur,
2643 3324 3081 3384 exercitamentis
3117 3334 3335 3391 operam
3368 3318 3517 3379 dare,

1934 3443 2099 3501 seque
2130 3426 2198 3482 ad
2231 3440 2294 3482 ea
2319 3422 2647 3499 perﬁcienda
2672 3419 2811 3476 votis
2850 3416 3213 3487 obstringere,
3246 3421 3358 3466 tum
3395 3423 3518 3501 ver-

1936 3497 2043 3583 bis,
2090 3526 2205 3571 tum
2243 3516 2409 3570 etiam
2448 3512 2670 3582 scriptis
2706 3508 3031 3578 improbant,
3071 3502 3397 3570 studentque
3444 3497 3522 3551 fa-

1937 3610 2161 3667 stidium
2185 3620 2477 3679 suggerere
2505 3584 2875 3675 praefatorum,
2912 3609 3197 3669 perperam
3229 3588 3522 3649 edocentes

1936 3717 2120 3758 rerum
2144 3715 2299 3755 usum
2330 3695 2464 3753 nihil
2488 3708 2709 3767 prorsus
2732 3702 3003 3747 remoram
3042 3682 3366 3742 Christiana:
3397 3694 3519 3749 per-

1935 3791 2156 3849 lectioni
2202 3788 2427 3850 inferre,
2467 3784 2628 3841 modo
2674 3780 2817 3837 adsit
2868 3777 3136 3842 charitas;
3183 3770 3339 3845 quasi
3392 3784 3523 3823 vero

1936 3887 2055 3942 haec
2083 3885 2196 3954 ipsa
2227 3875 2538 3936 conservari
2570 3873 2764 3947 possit,
2792 3869 3075 3943 (eharitas,
3123 3866 3367 3954 inquam,
3398 3862 3520 3954 qum

1937 3991 2046 4032 non
2097 3950 2294 4043 quierit
2334 3983 2454 4042 qua:
2496 3981 2594 4037 sua
2646 3972 2797 4030 sunt,
2852 3960 2945 4016 scd
2990 3972 3119 4045 qua:
3146 3954 3275 4011 Jesu
3320 3950 3525 4007 Christi

1939 4067 1989 4139 (ι
2031 4064 2155 4123 Cur.
2211 4080 2337 4129 χιιι,
2382 4061 2461 4131 5),
2493 4058 2601 4116 nisi
2646 4070 2844 4127 corpus
2883 4044 3200 4120 castigetur,
3245 4044 3529 4139 redigatur

1936 4137 1994 4219 in
2024 4158 2341 4215 servitutem
2371 4153 2424 4227 (I
2457 4152 2581 4207 Cor.
2614 4167 2691 4216 ιι,
2720 4149 2839 4217 27),
2877 4140 3328 4215 quemadmodum
3382 4137 3529 4227 Apo-

1936 4249 2133 4314 Stolus,
2170 4256 2226 4302 et
2275 4225 2544 4315 quotquot
2580 4238 2890 4297 sanctitatis
2924 4234 3137 4291 nomine
3181 4232 3236 4286 in
3277 4225 3526 4284 Ecclesia

1938 4358 2286 4405 veneramur,
2316 4340 2635 4397 actitavere.

1940 4476 2107 4549 664
2135 4474 2314 4549 leonis
2345 4469 2685 4549 Qamotertsis
2722 4463 2950 4549 episcopi
2984 4458 3300 4549 litterieaa
3328 4455 3517 4511 Bernev

2157 4545 2297 4599 rium
2356 4539 2677 4597 Bomevallis
2711 4530 3014 4591 monasterii
3042 4530 3300 4585 abbatem.

2023 4682 2043 4713 ι
2070 4658 2337 4729 Quoniam
2365 4651 2747 4725 dispositiones
2775 4642 3274 4703 ecclesiasticarum
3320 4650 3525 4703 rerum,

1948 4748 2237 4822 episcopali
2270 4761 2415 4801 curae
2447 4741 2742 4804 faciendas,
2781 4737 3129 4793 decretorum
3163 4738 3527 4822 eteanonum

1950 4818 2160 4914 pagina)
2188 4835 2508 4899 concedunt,
2544 4853 2562 4885 ι
2593 4840 2695 4886 etc.
2736 4828 2866 4886 Vide
2889 4829 3026 4883 inter
3050 4821 3297 4883 epistolas
3326 4818 3535 4880 leonis,

1952 4934 2090 5005 apud
2116 4948 2207 4986 nos
2230 4939 2368 4986 tomo
2396 4946 2519 4985 mox
2554 4923 2777 4981 edendo.

1793 5145 1948 5184 ιἸΝιΒ.

1380 5379 1529 5436 SOLl
1560 5384 1694 5441 Ι)Εο
1732 5383 1968 5443 llONOR
1999 5384 2088 5441 ET
2126 5382 2399 5439 CLOlllA.
