4032 6326
528 364 554 424 ἂ
565 368 672 425 203

1385 370 1479 425 AD
1508 368 1657 427 OPP.
1701 364 1859 431 VEN.
1904 361 2228 420 GUIBERTI
2267 363 2355 418 DE
2380 362 2775 424 NOVIGENTO

3664 368 3781 425 120i

1400 796 1403 799 ‹
1491 668 2620 837 ADDITAMEN
2628 672 2879 837 TA

717 965 927 1115 ΑΒ
992 965 1754 1109 GUIBERTI
1848 962 2364 1097 OPERA
2457 963 3621 1115 ILLUSTRANDA.

1941 1202 2411 1231 ——‘——'F'—Q

1148 1349 1500 1485 VITA
1584 1350 1703 1466 s.
1774 1292 2497 1468 GEREMARI
2584 1352 3189 1471 ABBATIS

1737 1568 2013 1629 ORDINIS
2039 1571 2096 1630 s.
2121 1570 2505 1642 BENEDICTI,

658 1760 1206 1859 AUCTORE
1284 1762 1759 1879 QUIDEM
1833 1760 2437 1855 ANONYMO
2551 1764 2768 1856 SED
2843 1765 3668 1876 PERANTIQUO.

842 2106 1197 2180 665-667
1235 2106 1463 2164 CAPUT
1501 2106 1790 2164 PRIMUM.

595 2198 866 2268 Tempore
897 2196 1184 2268 Dagoberti
1213 2198 1358 2268 regis
1383 2197 1741 2263 Francorum,
1774 2211 1897 2253 cum
1933 2194 2117 2253 ﬁdeles

524 2289 733 2360 Christi
761 2289 943 2348 odium
988 2304 1089 2358 pro
1118 2289 1349 2346 veritate
1384 2290 1748 2355 incurrerent,
1785 2299 1840 2345 et
1876 2304 1973 2360 per
1996 2289 2118 2345 Gal-

523 2385 654 2449 ,iam
700 2397 730 2438 a
778 2380 1038 2437 membris
1068 2380 1267 2436 diaboli
1311 2397 1409 2452 pro
1452 2382 1671 2438 nomine
1700 2380 1917 2437 Christi
1947 2380 2114 2435 multa

526 2476 880 2540 sustinerent,
912 2474 1105 2531 beatus
1142 2472 1470 2538 Geremarus
1509 2473 1577 2529 ad
1611 2472 1992 2552 proterendam
2026 2487 2115 2526 ra-.-

524 2568 669 2635 biem
697 2566 1024 2641 perfidorum
1070 2574 1127 2619 et
1166 2565 1232 2619 ad
1262 2564 1723 2620 corroborandam
1766 2563 1926 2619 fidem
1955 2564 2113 2624 Chri-

524 2659 847 2726 stianorum,
875 2658 1001 2715 villa
1022 2657 1401 2723 Giviarandra,
1424 2671 1547 2726 qua:
1570 2656 1672 2711 sita
1696 2666 1779 2711 est
1801 2656 1856 2711 in
1877 2654 2113 2711 conﬁnio

523 2749 933 2818 Belvacensium
979 2766 1142 2822 super
1188 2748 1410 2805 ﬂuvium
1451 2748 1646 2816 lttam,
1697 2758 1968 2804 annuente
2016 2747 2112 2804 Dei

523 2839 839 2912 clementia,
874 2849 1029 2898 ortus
1057 2848 1160 2897 est.
1202 2839 1432 2897 Genitor
1457 2839 1575 2910 ejus
1605 2839 1820 2895 nomine
1849 2838 2112 2910 Rigober-

523 2939 633 2997 tus,
662 2938 719 2986 et
762 2930 996 3011 genitrix
1031 2930 1175 2993 illius
1216 2930 1437 2986 nomine
1459 2930 1597 3003 Aga,
1637 2944 1703 2985 ex
1736 2937 1894 3000 gente
1936 2929 2112 2984 Fran-

523 3036 711 3085 corum
740 3022 906 3079 uobili
949 3032 1088 3087 orta.
1116 3023 1282 3085 Ortus
1309 3021 1544 3093 denique
1587 3020 1887 3077 illustribus
1915 3034 2113 3091 paren-

526 3113 671 3179 tibus
696 3127 851 3168 sacro
876 3112 1022 3168 fonte
1049 3113 1388 3183 baptizatur,
1422 3122 1478 3167 et
1509 3128 1662 3169 sacra
1694 3113 1799 3166 [ide
1826 3113 2111 3181 consigna-

528 3212 618 3258 tur
653 3221 667 3256 :
704 3204 875 3258 sacris
924 3204 1126 3259 etenim
1174 3203 1450 3274 mysteriis
1497 3202 1820 3258 imbuendus
1859 3202 2109 3256 traditur.

523 3294 678 3359 Hunc
700 3294 967 3373 siquidem
994 3295 1287 3367 genitores,
1316 3295 1463 3352 velut
1482 3295 1698 3351 unicum
1726 3294 1895 3349 tilium
1923 3302 2111 3350 tenere

524 3386 840 3460 diligentes,
890 3387 1229 3444 tradiderunt
1289 3387 1491 3453 scholis
1541 3386 1898 3451 erudiendum
1948 3394 2110 3456 atque

523 3466 905 3545 instruendum
943 3478 1192 3540 doctrina
1223 3478 1447 3534 Christi.

593 3565 724 3624 Post
769 3582 999 3637 quorum
1044 3575 1273 3623 mortem
1308 3567 1495 3623 beatus
1537 3568 1887 3635 Geremarus,
1936 3566 2109 3637 magis

524 3668 590 3710 ac
619 3654 793 3726 magis
824 3654 876 3709 in
909 3654 1110 3710 Christi
1157 3670 1345 3712 amore
1380 3656 1766 3723 exardescens,
1791 3673 1899 3713 non
1928 3672 2109 3712 cessa-

524 3747 616 3813 bat
642 3745 1005 3813 substantiam
1053 3762 1210 3815 suam
1242 3761 1471 3819 erogare
1514 3748 1870 3819 pauperibus;
1904 3746 2111 3803 sciebat

523 3839 669 3905 enim
695 3839 825 3911 quia
856 3838 999 3911 quod
1027 3838 1359 3909 pauperibus
1385 3838 1568 3903 dabat,
1598 3838 1699 3909 ipsi
1728 3838 1953 3893 Domino
1976 3836 2109 3893 Jesu

520 3920 739 3995 Christo
787 3918 1091 3995 tribuebat,
1136 3929 1278 3993 sicut
1336 3929 1480 3985 idem
1539 3929 1800 3986 Dominus
1862 3930 1995 3985 dicit
2052 3930 2109 3984 in

520 4022 818 4094 Evangelia
851 4039 866 4081 :
905 4042 923 4074 ι
958 4020 1114 4087 Quod
1158 4021 1251 4076 uni
1299 4036 1366 4077 ex
1398 4020 1637 4077 minimis
1681 4021 1819 4077 meis
1864 4020 2105 4088 fecistis,

521 4110 656 4175 mihi
685 4108 893 4178 fecistis
922 4107 1143 4170 (Matth.
1168 4122 1299 4176 xxv,
1327 4107 1440 4179 40).
1480 4126 1499 4159 ι
1528 4107 1879 4180 Praeparabat
1911 4108 2011 4162 sibi
2042 4108 2109 4164 de

522 4202 850 4268 transitoriis
877 4209 1105 4267 aeterna,
1135 4211 1191 4257 et
1227 4199 1296 4254 de
1332 4200 1555 4256 caducis
1590 4200 1813 4271 praemia
1839 4201 1959 4254 sine
2002 4199 2109 4255 line

525 4306 801 4359 mansura.
828 4290 923 4353 llis
968 4300 1024 4345 et
1054 4289 1179 4345 aliis
1203 4290 1388 4347 multis
1411 4290 1677 4361 exemplis
1700 4291 2104 4358 corroboratus,

522 4382 783 4453 captivis,
816 4382 1129 4453 orphanis,.
1153 4382 1332 4439 viduis
1352 4423 1367 4444 ,
1414 4382 1740 4452 pauperibus
1771 4382 2109 4447 incessanter

518 4473 879 4540 substantiam
903 4489 1058 4530 suam
1084 4474 1451 4545 impendebat.
1483 4473 1589 4529 Sed
1607 4488 1728 4530 cum
1747 4474 1860 4543 jam
1881 4473 2108 4529 Domino

518 4566 812 4636 placuisset
840 4566 1094 4626 meritum
1122 4567 1375 4627 revelare
1419 4565 1605 4619 multis
1633 4563 1778 4627 beati
1803 4564 2105 4627 Geremari,

520 4658 802 4729 quoniam,
853 4659 996 4715 sicut
1046 4659 1161 4728 ipse
1208 4658 1340 4716 dicit
1376 4657 1429 4712 in
1484 4657 1779 4726 Evangelio
1822 4674 1885 4711 ει
1939 4655 2107 4721 Nemo

519 4748 796 4816 lucernam
843 4749 1111 4817 accendit,
1140 4758 1197 4804 et
1246 4752 1300 4807 in
1350 4749 1670 4805 abscondito
1714 4747 1897 4819 ponit;
1930 4760 2107 4816 neque

519 4843 620 4909 sub
646 4843 849 4910 modio,
892 4844 986 4898 sed
1025 4857 1189 4911 super
1235 4841 1643 4909 candelabrum,
1676 4850 1737 4896 ut
1784 4840 1878 4911 qui
1924 4840 2099 4917 ingre-
2129 4826 2175 4888 C

520 4932 740 4999 diuntur
793 4934 976 4989 lumen
1014 4932 1236 4989 videant
1280 4932 1436 5004 (Luc.
1479 4948 1570 4998 χι,
1616 4933 1732 5001 55),
1761 4951 1779 4983 ι
1822 4939 2106 5001 coeperunt

519 5024 701 5103 plures
730 5024 1068 5089 Francorum
1110 5024 1179 5089 ad
1208 5037 1331 5080 eum
1363 5037 1713 5087 concurrere,
1746 5022 1958 5091 fruique
1987 5020 2105 5088 eius

520 5115 862 5170 sanctissima
911 5114 1267 5181 allocutione;
1316 5130 1455 5185 quos
1500 5128 1640 5184 pane
1681 5111 1919 5168 ccelestis
1951 5112 2102 5175 verbi

519 5205 760 5275 quotidie
785 5219 1034 5276 pascens,
1080 5208 1405 5269 admonebat
1445 5214 1542 5261 eos
1581 5212 1639 5258 ut
1687 5203 1867 5269 ﬁdem,
1926 5202 2107 5257 chari-

522 5309 721 5365 tatem,
780 5299 1123 5356 dilectionem
1196 5300 1295 5356 Dei
1364 5307 1421 5354 et
1453 5296 1818 5355 tdilectionem
1872 5292 2107 5365 proximi

522 5389 900 5459 inviolabiliter
965 5391 1304 5458 retinerent,
1366 5388 1650 5447 et.multa
1704 5387 1810 5441 alia
1862 5385 2106 5441 coelestia

522 5495 693 5547 arma,
726 5483 921 5557 quibus
965 5484 1331 5538 conscendere
1372 5488 1595 5551 possent
1642 5479 1862 5546 malum,
1913 5488 1970 5534 et
2011 5478 2104 5533 de-

524 5570 726 5627 bellare
762 5574 982 5628 humani
1009 5574 1223 5643 generis
1253 5573 1550 5643 inimicum.

598 5662 721 5717 limo
768 5665 841 5717 ita
890 5679 956 5721 eo
1008 5672 1227 5732 agente,
1294 5648 1501 5718 audibit
1556 5662 1757 5716 famam
1808 5661 2113 5717 sanctitatis

532 5754 651 5825 eius
686 5762 848 5831 atque
897 5754 1198 5831 prudentia:
1232 5770 1328 5810 rex
1378 5755 1745 5825 Dagobertus,
1790 5753 2114 5823 mittensque

2142 2091 2189 2151 Α
2219 2107 2437 2163 nuntios
2466 2106 2754 2161 accersivit
2788 2121 2912 2161 eum
2945 2106 2997 2160 in
3024 2106 3287 2177 palatium
3318 2122 3503 2178 suum,
3527 2116 3586 2164 et
3611 2099 3785 2166 videns

2221 2211 2343 2251 eum
2380 2197 2680 2267 elegantem
2727 2205 2782 2250 et
2813 2198 3031 2252 doctum
3083 2198 3135 2251 in
3172 2199 3369 2265 verbis,
3401 2209 3459 2255 et
3500 2209 3788 2270 sapientem

2221 2287 2275 2341 in
2303 2287 2565 2354 consiliis,
2599 2287 2841 2358 praefecit
2878 2301 3002 2342 eum
3032 2287 3274 2343 consiliis
3309 2289 3454 2355 suis;
3488 2289 3646 2360 cujus
3677 2304 3790 2344 con-

2219 2377 2342 2432 silio
2375 2378 2611 2447 quandiu
2657 2378 2946 2448 acquievit,
2974 2378 3161 2445 tandiu
3203 2387 3426 2436 strenue
3467 2378 3789 2436 Francorum

2217 2482 2443 2546 regnum
2479 2469 2732 2527 obtinuit.

2845 2559 3075 2617 CAPUT
3115 2561 3177 2615 ll.

2283 2650 2452 2722 igitur
2494 2667 2601 2707 non
2648 2651 2831 2707 multis
2876 2654 3031 2709 annis
3060 2652 3359 2727 juventutis
3405 2669 3520 2709 suae
3564 2652 3622 2709 in
3665 2655 3792 2724 regis

2215 2741 2502 2814 Dagobcrti
2546 2744 2746 2813 palatio
2795 2743 3060 2813 expletis,
3109 2754 3349 2800 tractare
3404 2760 3595 2800 secum
3644 2746 3792 2813 cmpit

2215 2851 2375 2905 quem
2414 2836 2513 2891 sibi
2546 2836 2598 2891 in
2628 2836 2949 2892 haereditate
2982 2851 3080 2893 sua
3118 2837 3328 2893 sociare
3373 2838 3665 2907 potuisset.
3694 2836 3791 2892 Hoc

2215 2934 2398 2982 autem
2434 2940 2499 2980 eo
2535 2925 2845 2995 cogitante,
2895 2940 3019 2980 cum
3068 2940 3336 2980 consensu
3387 2925 3535 2995 regis
3581 2933 3791 2980 caetero-

2215 3031 2444 3086 rumque
2469 3017 2803 3072 Francorum
2826 3018 3053 3073 sociavit
3070 3017 3170 3072 sibi
3196 3015 3427 3087 puellam
3452 3017 3508 3071 in
3530 3016 3787 3088 conjugio,

2214 3109 2432 3165 nomine
2481 3109 2799 3165 Domanam.
2842 3109 2956 3164 Hoc
3007 3110 3213 3165 idcirco
3262 3109 3500 3164 maxime
3550 3109 3704 3174 fecit,
3742 3120 3793 3163 ut

2214 3201 2337 3257 inde
2375 3211 2687 3272 procrearet
2711 3203 2944 3271 aliquem
2980 3202 3217 3259 futurum
3252 3202 3558 3269 haeredem,
3589 3216 3657 3256 ne
3684 3210 3789 3270 post

2212 3303 2441 3349 mortem
2471 3292 2588 3362 ejus
2616 3294 2801 3363 gravia
2843 3294 3095 3349 scandala
3123 3295 3408 3349 orirentur
3436 3294 3583 3348 inter
3611 3308 3790 3364 paren-

2214 3393 2294 3439 tes
2324 3399 2450 3439 suos
2472 3399 2535 3439 ex
2566 3385 2883 3440 luereditate
2909 3401 3038 3452 sua;
3071 3386 3309 3440 habebat
3345 3401 3583 3456 namque
3610 3401 3787 3456 quam-

2140 3490 2186 3549 Β
2214 3480 2445 3550 plurima
2481 3480 2717 3551 praedia,
2766 3490 3032 3551 erantque
3076 3483 3125 3538 ei
3168 3490 3427 3553 parentes
3472 3482 3691 3552 plurimi
3738 3483 3785 3545 in

2210 3572 2413 3643 palatio
2464 3573 2606 3643 regis
2659 3573 2970 3644 Dagoberti.
3003 3571 3240 3642 Accepta
3282 3587 3410 3626 vero
3451 3587 3627 3627 uxore
3676 3587 3784 3634 sua,

2211 3660 2503 3730 complevit
2530 3660 2676 3716 circa
2713 3675 2837 3715 eum
2864 3660 3129 3715 Dominus
3151 3660 3586 3715 misericordiam
3616 3676 3785 3723 suam;

2211 3752 2494 3822 generavit
2526 3766 2593 3807 ex
2616 3766 2679 3807 ea
2710 3751 2845 3808 duas
2879 3750 3045 3817 tilias;
3085 3766 3314 3821 quarum
3360 3753 3513 3821 prior
3559 3752 3687 3806 dum
3726 3752 3786 3805 ad

2213 3849 2483 3895 maturam
2513 3848 2728 3895 aetatem
2757 3842 3087 3911 perveniret,
3119 3856 3316 3910 sponso
3342 3842 3679 3907 destinatur;
3707 3842 3789 3896 sed

2210 3933 2365 4004 virgo
2402 3934 2718 4003 permansit,
2752 3942 2927 3989 morte
2963 3926 3352 3987 interveniente
3375 3935 3582 3988 carnis.
3613 3932 3788 3987 Junior

2210 4026 2411 4080 tradita
2455 4025 2775 4081 monasticis
2820 4024 3139 4093 disciplinis,
3184 4024 3237 4078 in
3284 4024 3601 4095 virginitate
3642 4024 3794 4095 668

2209 4117 2534 4189 permansit;
2564 4118 2643 4172 sic
2679 4118 2732 4171 in
2761 4116 3071 4185 virginitate
3100 4115 3346 4185 corporis
3371 4116 3550 4170 amba:
3590 4103 3793 4185 perma-

2208 4216 2402 4265 nentes
2439 4216 2757 4262 meruerunt
2801 4206 3104 4277 computari
3140 4209 3280 4260 inter
3311 4205 3613 4279 prudentes
3641 4206 3790 4275 virgi-

2208 4316 2309 4357 nes
2340 4320 2353 4354 :
2384 4301 2631 4371 sepelivit
2666 4310 2850 4355 autem
2880 4314 2973 4355 eas
3014 4300 3075 4353 Β.
3104 4298 3435 4355 Geremarus
3479 4300 3535 4353 in
3578 4298 3793 4354 ecclesia

2211 4390 2275 4446 Β.
2306 4391 2539 4463 Remigii
2583 4392 2639 4446 in
2681 4391 2941 4462 pracdicto
2968 4391 3112 4459 vico,
3143 4390 3233 4445 ubi
3266 4389 3434 4457 multa
3464 4390 3697 4462 largitus
3721 4398 3795 4443 est

2210 4485 2276 4538 de
2304 4483 2538 4553 propriis
2562 4483 2749 4538 rebus.

2283 4572 2520 4643 Expletis
2557 4581 2737 4627 autem
2780 4570 2962 4624 multis
3014 4571 3225 4638 diebus,
3272 4570 3422 4625 dedit
3464 4570 3546 4625 eis
3593 4570 3788 4632 tilium;

2209 4677 2371 4732 super
2399 4677 2558 4731 quem
2584 4660 2827 4732 gaudens
2851 4668 2906 4715 ct
2930 4662 3233 4725 exsultans,
3264 4661 3457 4715 beatus
3479 4658 3793 4715 Geremarus

2212 4753 2512 4809 transmisit
2536 4767 2659 4808 eum
2692 4753 2851 4807 beato
2878 4751 3155 4815 Audoeno,
3188 4751 3279 4820 qui
3320 4760 3447 4806 tunc
3478 4751 3589 4805 illis
3618 4752 3794 4805 diebus

2211 4846 2264 4900 in
2312 4846 2515 4915 palatio
2564 4846 2708 4916 regis
2738 4846 3086 4908 morabatur,
3131 4844 3287 4911 cujus
3331 4844 3562 4900 consilio
3611 4854 3792 4899 cuncta

2212 4940 2433 5008 agebat,
2467 4946 2524 4993 et
2568 4937 2703 4991 nihil
2752 4948 2906 4990 extra
2951 4948 3283 5006 prazceptum
3333 4937 3503 5006 ipsius
3533 4937 3789 4993 faciebat;

2212 5038 2436 5096 eratque
2483 5028 2530 5082 ei
2582 5026 3043 5080 familiarissimus
3086 5026 3315 5089 amicus,
3368 5036 3423 5080 et
3470 5027 3525 5080 in
3557 5027 3791 5079 omnibus

2214 5121 2441 5176 secretis
2476 5120 2590 5174 suis
2639 5119 2743 5172 sibi
2788 5118 3071 5183 conscius;
3122 5118 3479 5187 narravitque
3526 5119 3578 5173 ei
3625 5117 3787 5170 omnia

2214 5227 2335 5281 qum
2366 5210 2706 5273 acciderant,
2740 5217 2795 5263 et
2819 5208 2961 5278 quod
3010 5209 3153 5263 tilius
3194 5208 3266 5262 illi
3304 5220 3668 5265 successerat.
3698 5207 3786 5273 Qui

2216 5305 2447 5361 audiens
2473 5306 2589 5359 haec
2616 5303 2799 5365 omnia
2846 5302 3063 5371 gavisus
3107 5310 3210 5364 est,
3246 5310 3301 5355 et
3335 5301 3641 5369 suscipiens
3666 5313 3785 5370 ριιρο

2216 5411 2334 5449 rum
2369 5392 2721 5448 catechisavit
2755 5408 2915 5457 eum;
2962 5400 3373 5461 praeparatoque
3419 5390 3568 5444 fonte
3598 5389 3786 5457 baptis-

2214 5484 2396 5550 matis,
2430 5482 2725 5551 baptizavit
2754 5497 2876 5536 eum
2924 5482 2977 5536 in
3024 5482 3242 5535 nomine
3275 5489 3479 5535 sanctae
3512 5491 3568 5535 et
3612 5479 3781 5534 inditi

2218 5574 2333 5629 duae
2366 5572 2666 5637 Trinitatis,
2698 5586 2898 5626 vocans
2945 5587 3068 5627 eum
3114 5573 3351 5626 nomime
3400 5573 3778 5625 Amalbertum.

2218 5671 2271 5717 et
2308 5664 2385 5716 sic
2420 5662 2690 5731 mysteriis
2719 5677 2839 5731 qua:
2881 5676 3047 5715 sacra:
3080 5662 3198 5714 ﬁdei
3240 5663 3572 5727 conveniunt
3615 5658 3780 5715 initia-

2223 5766 2371 5820 tum,
2420 5755 2626 5809 remisit
2670 5769 2795 5821 eum
2844 5754 2910 5808 ad
2960 5752 3172 5808 beatum
3227 5752 3603 5817 Geremarum.
3660 5752 3778 5818 Qui,
