4032 6326
251 366 384 424 1205

1335 361 1560 416 ADDIT.
1585 392 1655 402 —
1679 359 1836 414 VITA
1861 362 1919 415 S.
1949 359 2327 416 GEREMARI.

3361 363 3499 416 εεου

246 483 500 526 crescens
547 477 603 524 et
641 471 884 540 quotidie
917 468 1207 540 proliciens
1228 507 1242 533 ,
1270 465 1443 526 factus
1477 477 1560 524 est
1587 470 1820 524 honora-
1853 459 1892 514 Α
1925 477 2242 545 caeterisqne
2267 475 2388 530 aliis
2413 473 2699 532 virtutibus
2723 473 2791 530 ad
2820 471 3014 532 curam
3045 487 3346 531 animarum
3378 489 3500 544 per-

247 560 370 616 bilis
397 563 536 616 inter
569 559 902 616 Francorum
926 559 1214 630 principes.

245 717 251 724 ,
845 649 1073 706 CAPUT
1122 647 1208 703 Ill.

319 739 515 794 Beatus
573 748 750 794 autem
797 737 1151 794 Geremarus.
1201 737 1403 807 Spiritu
1458 738 1548 792 Dei
1598 739 1819 810 plenus,

245 831 426 886 omnia
477 844 596 899 quas
641 830 694 884 in
738 829 939 884 mundo
969 837 1092 883 sunt
1142 845 1240 899 pro
1287 829 1454 884 nihilo
1503 834 1740 900 pendens
1768 839 1824 885 et

247 921 489 976 caelibem
536 921 699 974 vitam
748 919 1090 985 desiderans,
1128 922 1389 976 ctenobiis
1432 922 1820 976 monachorum

246 1010 476 1082 plurima
505 1011 570 1068 de
603 1009 904 1064 substantia
940 1024 1035 1065 sua
1077 1010 1368 1067 tribuebat.
1396 1009 1503 1065 Per
1537 1010 1820 1065 consilium

244 1118 373 1160 vero
421 1103 562 1158 beati
599 1103 842 1158 Audoeni
892 1105 958 1159 de
1003 1099 1222 1177 propria
1273 1105 1530 1161 facultate
1576 1105 1824 1161 fundavit

245 1194 630 1250 monasterium
684 1195 827 1264 quod
897 1196 1097 1251 dicitur
1145 1198 1359 1264 Insula,
1408 1198 1819 1268 construxitque

246 1283 317 1337 ibi
347 1283 528 1337 omnia
557 1284 787 1338 aedilicia
819 1299 1018 1340 sanctae
1059 1279 1256 1353 regula:
1289 1287 1685 1341 convenientia.
1719 1288 1814 1343 Ec-

245 1372 437 1428 clesias
489 1374 684 1427 ibidem
732 1376 1030 1429 construxit
1080 1376 1131 1429 in
1195 1378 1400 1431 honore
1452 1377 1820 1447 apostolorum

243 1461 390 1515 Petri
441 1471 495 1515 et
540 1461 723 1528 Pauli;
756 1464 1155 1532 multorumque
1203 1474 1515 1520 sanctorum
1568 1465 1823 1534 reliquias

245 1551 318 1604 ibi
355 1551 563 1620 posuit;
610 1553 995 1622 constituitque
1025 1553 1095 1607 ibi
1127 1555 1596 1624 congregationem
1630 1571 1822 1610 mona-

244 1641 472 1695 chorum
501 1641 601 1696 sub
629 1651 815 1697 sancta
856 1645 1268 1700 conversatione
1309 1645 1818 1716 degentium;-prae-

244 1730 374 1787 fecit
403 1733 450 1788 ei
498 1734 819 1789 Araharium
863 1736 1134 1801 abbatem,
1172 1737 1349 1806 magni
1401 1738 1575 1794 meriti
1620 1739 1818 1804 virum,

241 1821 398 1892 cujus
426 1824 669 1879 doctrina
697 1832 751 1879 et
779 1825 1044 1895 sapientia
1085 1827 1324 1896 quotidie
1366 1843 1496 1899 grex
1523 1827 1722 1884 Christi
1750 1830 1818 1883 ad

239 1928 486 1984 superna.
527 1915 791 1971 tenderet.
841 1915 958 1986 lpse
1009 1931 1138 1973 vero
1185 1918 1480 1974 Archarius
1533 1935 1705 1989 usque
1764 1919 1818 1974 in

240 2005 402 2060 linem
427 2009 552 2062 vitae
588 2023 698 2062 suae
736 2023 953 2079 gregem
985 2008 1088 2064 sibi
1121 2010 1472 2066 commissum
1503 2010 1821 2082 gubernavit

238 2097 500 2153 decenter
526 2107 580 2154 et
605 2107 845 2156 strenue.

308 2187 446 2242 Cum
471 2201 648 2246 autem
673 2191 964 2261 placuisset
995 2193 1223 2250 Domino
1253 2202 1313 2250 ut
1348 2195 1457 2250 vita
1487 2194 1626 2252 beati
1652 2195 1820 2252 Gere-

239 2277 380 2338 mari
425 2289 569 2342 esset
610 2282 915 2355 exemplum
947 2283 1196 2348 aliorum,
1235 2285 1383 2340 misit
1430 2285 1478 2339 ei
1529 2285 1580 2339 in
1629 2299 1725 2340 cor
1763 2293 1822 2341 ut

238 2378 436 2434 cuncta
467 2370 880 2441 derelinqueret,
914 2375 1121 2444 solique
1146 2389 1205 2430 se
1237 2376 1463 2433 Domino
1485 2376 1550 2430 ad
1583 2377 1819 2432 servien-

239 2459 367 2523 dum
397 2463 653 2518 traderet.
699 2463 988 2534 Postquam
1032 2467 1081 2521 ei
1115 2467 1235 2523 talis
1264 2468 1512 2524 voluntas
1539 2469 1732 2524 cecidit
1767 2471 1818 2538 in

240 2558 504 2617 mentem,
539 2562 825 2622 antequam
857 2557 949 2610 ulli
981 2559 1290 2613 mortalium
1324 2559 1425 2614 hoc
1451 2560 1818 2626 confiteretur,

237 2643 434 2699 adiens
461 2661 660 2716 regem,
689 2649 845 2718 petiit
883 2651 952 2704 ab
990 2666 1055 2706 eo
1099 2660 1159 2705 ut
1183 2666 1365 2708 coram
1389 2653 1599 2708 cunctis
1623 2654 1826 2722 priuci-_

234 2736 400 2813 pibus
432 2736 783 2804 Francorum,
831 2739 943 2796 ﬁlio
987 2755 1086 2796 suo
1126 2741 1438 2798 Amalberto
1481 2751 1673 2797 cuncta
1702 2757 1822 2810 qua:

240 2824 328 2880 sui
358 2823 498 2892 juris
529 2835 685 2887 erant
723 2829 986 2896 traderet;
1021 2830 1181 2900 eique
1217 2831 1430 2886 cunctis
1469 2831 1822 2901 praesentibus

236 2911 472 2969 Francis
519 2913 888 2974 indill'erenter
932 2918 1180 2974 donaret.
1228 2918 1381 2984 Quod
1444 2933 1540 2974 rex
1599 2917 1822 2976 audiens

234 3003 399 3061 Valde
428 3005 612 3059 mirari
643 3008 828 3076 coepit.
873 3007 1110 3062 Tandem
1157 3008 1398 3078 petitioni
1431 3008 1550 3079 ejus
1593 3008 1824 3064 libenter

232 3109 516 3161 annuens,
547 3111 653 3151 non
700 3095 871 3151 solum
917 3097 1062 3167 quod
1107 3097 1336 3168 rogabat
1371 3096 1557 3169 juveni
1604 3095 1817 3165 tribuit,
1847 3119 1894 3184 ο

235 3188 333 3244 sed
369 3190 594 3258 insuper
621 3189 783 3244 etiam
815 3188 981 3244 multa
1004 3188 1053 3245 ei
1083 3189 1252 3244 auxit.

303 3279 610 3351 Arquisitis
635 3294 765 3336 vero
788 3281 1039 3337 omnibus
1074 3295 1185 3336 sua:
1228 3279 1516 3352 potestatis
1559 3279 1669 3336 tilio
1703 3294 1824 3348 suo,

232 3372 374 3428 adiit
402 3371 476 3427 ad
492 3379 738 3426 sanctum
770 3370 1216 3442 Audoenum,qui
1248 3381 1375 3428 tunc
1403 3372 1457 3427 in
1485 3372 1601 3441 ipso
1627 3369 1826 3440 palatio

233 3470 384 3528 erat,
413 3469 476 3516 ut
499 3462 680 3516 omnia
707 3462 886 3518 cordis
905 3462 988 3517 sui
1013 3463 1248 3532 aperiret
1275 3469 1508 3517 secreta.
1534 3461 1600 3515 Et
1628 3474 1825 3516 vocans

231 3569 362 3608 eum
395 3553 464 3607 ad
501 3562 769 3608 secretum
803 3553 890 3608 his
933 3553 1112 3608 verbis
1152 3552 1381 3609 adorsus
1424 3561 1509 3608 est
1555 3570 1570 3606 :
1609 3551 1823 3618 Quaeso,

233 3643 409 3704 Pater
437 3652 652 3708 sancte,
692 3652 748 3698 ut
779 3644 908 3697 mihi
930 3642 1072 3697 viam
1103 3643 1196 3698 Dei
1226 3657 1330 3698 non
1375 3657 1576 3698 renuas
1602 3642 1827 3697 demon-

230 3742 443 3798 strare,
474 3748 575 3802 per
614 3747 776 3802 quam
808 3733 1009 3803 possim
1040 3733 1109 3788 ad
1149 3733 1345 3804 gaudia
1385 3743 1589 3789 :eterna
1638 3746 1827 3803 perve-

231 3825 380 3889 nire,
431 3832 492 3880 et
541 3823 700 3892 hujus
744 3827 930 3878 mundi
981 3823 1323 3896 naufragium
1372 3824 1612 3888 evitare;
1668 3824 1826 3880 video

231 3915 384 3979 enim
413 3914 545 3993 quia
586 3923 780 3973 cuncta
816 3923 1218 3989 pertranseunt,
1249 3925 1306 3970 et
1343 3916 1720 3987 regrediuntur
1757 3914 1824 3970 ad

230 4004 494 4060 nihilum.
531 4002 657 4059 Haec
683 4005 908 4060 audiens
937 4006 1127 4061 beatus
1157 4006 1449 4069 Audoenus
1494 4007 1707 4062 laetatus
1741 4014 1828 4061 est

229 4095 415 4159 valde,
447 4103 504 4149 et
532 4093 755 4149 trahens
782 4096 1012 4165 suspiria
1043 4083 1220 4152 eordis
1242 4137 1258 4162 ,
1287 4097 1372 4153 his
1397 4099 1578 4154 verbis
1605 4111 1826 4168 respon-

231 4188 316 4244 dit
341 4189 392 4244 ei
427 4205 440 4241 :
473 4187 630 4241 Viam
666 4189 756 4243 Dei
782 4204 945 4258 quam
979 4205 1007 4242 a
1033 4205 1140 4255 me,
1175 4191 1343 4245 frater
1372 4191 1625 4261 requiris,
1656 4205 1826 4245 evan-

230 4281 426 4350 gelicis
473 4281 571 4335 tibi
599 4280 1006 4335 demonstratur
1034 4281 1248 4348 verbis;
1280 4283 1356 4336 ait
1386 4283 1530 4338 enim
1567 4282 1826 4338 Dominus

229 4371 401 4426 Petro
429 4369 700 4440 quaerenti
731 4370 797 4424 de
825 4370 1178 4426 retributione
1194 4380 1248 4425 et
1270 4371 1336 4425 de
1360 4371 1542 4426 l'uturo
1567 4372 1820 4440 praemio:

1923 565 2240 621 liuentibus.

2531 653 2761 709 CAPUT
2796 653 2886 709 IV.

1994 740 2196 796 Eodem
2230 750 2470 812 tempore
2521 743 2824 813 Dagoberto
2870 750 3114 808 mortuo;
3152 757 3297 798 anno
3334 742 3502 798 uades

1922 833 2063 889 cimo
2092 841 2349 902 regnante
2391 833 2658 889 Clodoveo
2687 849 2813 903 rege
2833 873 2848 898 ,
2895 842 3172 889 correctus
3200 840 3284 888 est
3312 834 3502 904 beatus

1922 927 2248 984 Geremarus
2298 925 2352 978 in
2400 925 2542 979 viam
2601 926 2792 981 salutis
2842 935 3078 982 aeternae.
3122 925 3323 982 Videns
3370 940 3502 994 ergo

1923 1017 2178 1086 quoniam
2204 1013 2340 1069 nihil
2385 1014 2440 1070 in
2470 1015 2672 1071 mundo
2702 1025 2973 1086 perpetuae
3000 1017 3268 1076 mercedis
3309 1017 3503 1072 anima:

1923 1120 2034 1160 suae
2072 1104 2408 1175 acquirebat,
2437 1104 2532 1161 sed
2575 1107 2747 1175 magis
2775 1107 3156 1164 detrimentum
3182 1116 3503 1178 perpetuum

1923 1193 2000 1248 illi
2046 1195 2402 1266 praeparabat,
2437 1193 2797 1266 (adhortante
2836 1208 2959 1248 eum
3005 1197 3163 1251 beato
3213 1196 3503 1262 Audocno)

1929 1285 2064 1340 adiit
2103 1299 2282 1356 regem
2312 1284 2639 1341 Clodoveum
2673 1301 2686 1338 :
2717 1283 2979 1354 petiitque
3005 1284 3072 1338 ab
3098 1299 3162 1340 eo
3187 1294 3247 1341 ut
3273 1285 3383 1342 lilio
3405 1301 3503 1340 suo

1921 1375 2065 1446 quod
2115 1384 2271 1446 pater
2317 1375 2432 1446 ejus
2478 1374 2772 1438 concessit,
2825 1372 3166 1434 concederet,
3213 1380 3270 1426 et
3312 1373 3504 1441 capitis

1922 1479 2132 1519 comam
2181 1463 2230 1519 ei
2267 1464 2536 1534 deponere
2563 1463 2778 1528 liceret;
2809 1475 2975 1530 seque
3008 1460 3119 1516 Deo
3159 1459 3214 1514 in
3239 1468 3505 1512 monaste-

1924 1556 2062 1608 rium
2091 1555 2156 1610 ad
2183 1555 2528 1610 serviendum
2557 1555 2813 1609 traderet.
2843 1551 2948 1608 Per
2984 1551 3284 1621 jussionem
3325 1559 3504 1606 autem

1922 1643 2100 1714 regis,
2151 1643 2278 1699 licet
2329 1642 2720 1714 abnegantibus
2761 1641 3010 1707 Francis,
3036 1640 3336 1695 tonsuravit
3382 1654 3505 1694 eum

1921 1730 2114 1788 beatus
2139 1732 2454 1797 Audoenus,
2477 1731 2729 1800 deditque
2754 1731 2802 1784 ei
2846 1729 3202 1785 monachilem
3237 1727 3501 1788 habitum,

1922 1831 1977 1878 et
2013 1821 2288 1878 instruens
2315 1821 2465 1876 illum
2491 1821 2803 1879 coelestibus
2846 1820 3178 1892 disciplinis,
3205 1819 3354 1875 misit
3379 1833 3503 1876 eum

1922 1916 1982 1972 in-
2033 1917 2424 1973 monasterium
2471 1915 2701 1972 Pentalli
2749 1915 3012 1971 vocabulo
3053 1915 3504 1971 denominatam:

1922 2015 1981 2062 ut
2011 2006 2081 2062 ibi
2122 2007 2312 2064 fuisset
2348 2008 2402 2062 in
2452 2006 2760 2062 obedientia
2803 2005 2972 2060 abbas
3000 2014 3056 2062 et
3100 2013 3285 2075 pastor
3321 2004 3504 2060 ovium

1923 2096 2164 2162 Christi,
2218 2104 2274 2150 et
2328 2096 2662 2151 illuminator
2715 2095 3041 2149 animarum.
3090 2093 3288 2148 Beatus
3326 2102 3506 2147 autem

1921 2187 2244 2244 Geremarus
2282 2171 2564 2242 revolve'ns
2607 2185 2734 2242 illud
2769 2184 3176 2256 Psalmographi
3217 2201 3231 2238 :
3281 2203 3299 2236 ι
3334 2183 3506 2253 Adju-

1924 2278 2119 2336 torium
2149 2288 2391 2334 nostrum
2418 2277 2470 2336 in
2514 2277 2731 2333 nomine
2773 2277 3005 2344 Domini,
3029 2275 3121 2345 qui
3147 2275 3276 2331 fecit
3309 2275 3506 2331 caelum

1921 2378 1976 2424 ct
2000 2378 2197 2423 terram
2233 2366 2404 2438 (Psal.
2440 2383 2630 2433 cxxni,
2653 2367 2731 2439 8).
2767 2386 2784 2419 ι
2817 2367 3089 2422 Ettritum
3122 2364 3211 2438 [[2,
3241 2364 3462 2436 iterum]
3489 2383 3512 2421 :-

1929 2474 1948 2507 ‹
1987 2455 2246 2510 Dominus
2289 2455 2609 2510 illuminatio
2649 2469 2790 2522 mea,
2844 2463 2895 2509 et
2947 2453 3095 2514 salus
3137 2467 3297 2518 mea,
3345 2469 3506 2523 quem

1925 2547 2156 2603 timebo?
2203 2546 2380 2616 (Psal.
2423 2560 2574 2612 xxvx,
2621 2547 2697 2618 l),
2731 2565 2751 2598 ι
2799 2545 2853 2603 in
2898 2545 3124 2601 Domino
3187 2545 3298 2601 Deo
3339 2553 3508 2600 totam

1922 2652 2072 2710 spem
2111 2653 2263 2695 suam
2307 2653 2534 2711 ponens,
2565 2652 2673 2694 non
2719 2637 2929 2692 distulit
2975 2637 3194 2691 obedire
3238 2644 3510 2706 prtecepto

1923 2731 2095 2786 sancti
2125 2731 2312 2802 669.
2340 2731 2475 2785 Cum
2509 2744 2704 2800 magno
2730 2745 2860 2799 ergo
2905 2729 3107 2800 gemitu
3151 2737 3207 2784 et
3257 2727 3512 2799 lacrymis

1923 2830 1980 2877 et
2035 2821 2283 2892 suspiriis
2337 2819 2518 2877 cordis
2577 2819 2809 2890 suscepit
2877 2817 3168 2890 regendum
3229 2826 3507 2874 monaste-

1923 2910 2088 2966 rium.

1995 3000 2262 3058 Derelicta
2309 3011 2492 3059 autem
2531 3016 2700 3058 uxore
2745 3011 2801 3058 et
2848 3001 2958 3057 lilio
3001 3014 3122 3067 suo,
3161 3007 3217 3056 et
3250 2997 3508 3056 omnibus

1924 3090 2086 3162 hujus
2135 3095 2322 3150 mundi
2371 3095 2552 3162 curis,
2609 3095 2908 3151 secundum
2949 3091 3318 3163 evangelicum
3372 3105 3504 3162 prte-

1926 3193 2166 3256 ceptum,
2196 3195 2416 3243 secutus
2436 3197 2520 3244 est
2545 3185 2744 3244 Christi
2777 3185 2902 3242 Jesu
2939 3185 3186 3256 vestigia,
3214 3193 3271 3240 et
3294 3183 3428 3238 abiit
3453 3183 3508 3238 in

1925 3278 2318 3334 monasterium
2355 3280 2498 3348 quod
2537 3293 2700 3349 supra
2743 3277 3144 3334 nominavimus
3186 3273 3506 3332 Pentallium

1927 3371 1982 3427 in
2032 3387 2170 3443 pago
2218 3371 2642 3442 Rothomagensi
2697 3385 2860 3441 super
2913 3368 3133 3424 ﬂuvium
3190 3367 3504 3424 Lirizinum.

1925 3461 2091 3530 Cujus
2121 3463 2227 3516 vita
2258 3462 2434 3533 qualis
2485 3471 2542 3517 et
2573 3477 2735 3532 quam
2767 3470 2952 3516 sancta
2986 3459 3060 3515 ibi
3091 3457 3307 3514 cunctis
3341 3456 3504 3521 reful-

1927 3553 1997 3610 sit
2027 3563 2295 3610 testantur
2319 3555 2604 3619 sanitates,
2633 3563 2688 3608 et
2721 3552 2967 3623 plurima:
2997 3550 3188 3608 incolis
3223 3549 3379 3606 factae
3402 3548 3502 3604 vir-

1927 3653 2088 3701 tutes.
2119 3645 2317 3701 Diebus
2343 3659 2408 3700 ac
2449 3645 2697 3700 noctibus
2725 3641 2782 3698 in'
2807 3643 3055 3698 oratione
3113 3657 3172 3698 se
3202 3641 3505 3697 macerabat

1927 3733 1980 3789 in
2009 3734 2206 3805 vigiliis
2241 3741 2295 3788 et
2333 3732 2584 3803 jejuniis,
2626 3741 2682 3788 et
2716 3733 2768 3787 in
2799 3732 3050 3787 omnibus
3082 3729 3504 3800 contemplativa

1925 3827 2054 3882 vitae
2081 3827 2522 3899 congruentibus.
2553 3825 2840 3894 Jejunabat
2869 3824 3142 3896 quotidie;
3171 3834 3338 3879 totam
3365 3824 3506 3878 diem

1927 3917 2132 3974 ducens
2177 3917 2229 3973 in
2275 3917 2494 3988 hymnis
2517 3925 2573 3970 et
2602 3917 2850 3971 laudibus
2882 3916 2996 3980 Dei,
3028 3916 3081 3969 in
3114 3929 3394 3984 vesperum
3429 3927 3502 3966 re-

1927 4007 2230 4065 ficiebatur.
2257 4009 2420 4066 Cibus
2445 4009 2520 4064 illi
2550 4009 2703 4078 panis
2737 4007 3094 4078 pasimaticus
3121 4022 3243 4062 cum
3274 4005 3506 4060 oleribus

1927 4100 2196 4170 parvulis;
2227 4109 2283 4156 et
2311 4110 2468 4170 potus
2497 4116 2634 4170 aqua
2661 4101 2980 4168 salsissima,
3014 4112 3073 4154 ut
3100 4099 3356 4154 saturitas
3379 4113 3506 4152 ven-

1929 4195 2027 4245 tris
2075 4205 2181 4246 non
2238 4190 2501 4247 afﬂueret.
2552 4191 2793 4247 Mortuus
2835 4199 2956 4246 erat
3009 4191 3228 4254 mundo,
3269 4198 3325 4244 et
3360 4190 3505 4242 vivus

1927 4279 2162 4335 Christo.
2204 4279 2468 4339 Omnibus
2513 4290 2694 4334 autem
2747 4283 2814 4334 ad
2863 4294 2922 4334 sc
2969 4278 3360 4334 conﬂuentibus
3404 4291 3510 4332 non

1927 4374 2175 4428 cessabat
2228 4372 2606 4430 demonstrare
2663 4371 2804 4427 viam
2859 4371 3078 4436 salutis;
3147 4371 3512 4440 praemonebat

235 4483 254 4516 ι
287 4462 489 4519 Omnis
517 4460 614 4528 qui
657 4460 937 4530 reliquerit
979 4463 1223 4529 domum,
1262 4461 1345 4518 vel
1378 4462 1573 4517 fratres
1611 4472 1704 4517 aut
1733 4477 1823 4517 so-
1847 4461 1901 4520 D
1928 4477 2364 4531 unumquemque
2390 4474 2446 4519 ut
2475 4463 2527 4521 in
2565 4461 2681 4532 lege
2707 4461 2801 4518 Dei
2832 4461 3206 4516 meditaretur.

231 4569 426 4620 rores,
476 4560 575 4608 aut
612 4560 820 4622 patrem
861 4561 955 4608 aut
998 4561 1259 4620 matrem,
1295 4562 1388 4607 aut
1435 4568 1690 4619 uxorem,
1732 4561 1826 4608 aut

226 4643 398 4711 ﬁlios,
427 4653 524 4700 aut
570 4657 753 4714 agros,
797 4651 1020 4716 propter
1044 4658 1240 4700 nomen
1275 4659 1472 4709 meum,
1515 4644 1824 4714 centuplum

230 4736 494 4805 accipiet,
531 4741 593 4788 et
620 4734 786 4787 vitam
816 4743 1074 4794 aeternam
1117 4734 1412 4802 possidebit
1453 4733 1668 4805 (Matth.
1700 4750 1822 4803 xix,

227 4827 348 4892 '29).
402 4844 422 4877 ι
461 4823 812 4895 Audiensque
859 4826 973 4879 haec
1019 4825 1208 4880 beatus
1252 4825 1578 4880 Geremarus
1637 4835 1826 4880 sancto

227 4917 503 4971 Audoeno
527 4912 808 4981 reSpondit
833 4929 847 4964 :
881 4912 1028 4977 Scio,
1057 4911 1219 4967 Pater
1247 4922 1454 4976 sancte,
1481 4913 1605 4982 quia
1643 4911 1823 4967 omnia

227 5019 363 5062 vera
400 5013 532 5070 sunt
560 5017 685 5071 quae
713 5002 872 5057 audio
899 5018 964 5056 ex
987 5017 1081 5058 ore
1105 5012 1225 5070 tuo;
1256 5003 1622 5072 derelinquam
1644 5004 1826 5059 omnia

229 5095 425 5153 mundi
469 5093 822 5157 transntoria,
856 5108 1018 5152 vana,
1053 5093 1253 5148 caduca
1277 5133 1293 5159 ,
1321 5109 1462 5161 quae,
1492 5109 1614 5148 cum
1657 5093 1828 5162 magis

227 5187 494 5244 videntur
533 5190 708 5246 stare,
754 5190 1075 5246 transeunt,
1125 5191 1178 5237 et
1229 5183 1459 5238 miseros
1509 5183 1713 5237 ducunt
1760 5182 1828 5236 ad

225 5277 550 5340 interitum;
579 5281 656 5336 et,
682 5281 743 5326 ut
764 5273 942 5327 verbis
966 5273 1172 5328 Domini
1197 5281 1321 5328 utar
1347 5289 1361 5327 :
1393 5292 1412 5325 ι
1447 5270 1584 5340 Quid
1609 5273 1830 5342 prodest

225 5367 437 5424 homini
469 5365 517 5420 si
551 5362 871 5417 universum
903 5363 1159 5417 mundum
1193 5363 1456 5426 lucretur,
1484 5363 1678 5417 anima:
1699 5377 1828 5416 veto

226 5475 342 5516 sum
369 5456 770 5513 detrimentum
793 5453 1060 5522 patiatur?
1080 5473 1098 5506 ι
1127 5455 1339 5525 (Matth.
1372 5471 1456 5510 xv:
1476 5495 1490 5521 ,
1521 5453 1634 5523 ‘26.)
1662 5452 1827 5509 Com-

225 5551 394 5620 pletis
442 5549 530 5604 his
577 5547 725 5600 inter
781 5560 839 5599 se
889 5547 1090 5602 sanctis
1137 5547 1568 5611 allocutionibus,
1615 5545 1827 5601 rediens

231 5645 456 5701 domum
514 5641 710 5694 beatus
760 5637 1087 5693 Geremarus
1141 5639 1397 5694 instruxit
1448 5637 1614 5694 lilium
1669 5651 1824 5692 suum

232 5743 400 5806 atque
432 5729 702 5786 familiam
734 5743 884 5783 suam
915 5727 980 5784 de
1013 5727 1137 5797 ﬁde,
1185 5730 1251 5785 de
1297 5745 1417 5800 spe,
1444 5729 1510 5786 dc
1537 5728 1821 5794 charitate,

1995 4553 2124 4607 Erat
2141 4565 2320 4607 autem
2344 4553 2396 4611 in
2415 4555 2604 4608 eodem
2623 4552 2950 4607 monasterio
2973 4551 3255 4607 multitudo
3276 4551 3508 4608 maxima

1927 4643 2347 4708 monachorum,
2389 4642 2478 4698 cui
2521 4642 2590 4698 ad
2642 4641 2934 4714 regendum
2979 4640 3142 4696 Pater
3182 4641 3512 4698 Geremarus

1925 4733 2249 4787 constitutus
2292 4741 2430 4787 erat.
2471 4732 2529 4786 lu
2576 4732 2678 4790 hac
2719 4746 2849 4788 vero
2893 4731 3314 4802 congregatione
3359 4731 3511 4786 multi

1926 4832 2173 4880 amantes
2221 4824 2450 4892 bonum,
2503 4833 2557 4878 et
2607 4822 2856 4878 timentes
2907 4820 3227 4886 Dominum,
3281 4819 3513 4876 libenter

1928 4913 2219 4968 audiebant
2269 4929 2392 4969 eum
2422 4923 2476 4969 et
2507 4913 2838 4982 recipiebant
2881 4912 3282 4982 correptionem
3317 4911 3511 4980 ipsius.

1929 5005 2035 5060 Sed
2061 5005 2316 5074 quoniam
2346 5021 2562 5074 semper
2585 5005 2693 5059 vita
2719 5005 2982 5060 bonorum
3004 5003 3192 5059 odiosa
3218 5011 3304 5056 est
3327 5001 3509 5064 malis,

1929 5094 2146 5152 fuerunt
2175 5096 2244 5151 ibi
2271 5097 2510 5154 nonnulli
2540 5097 2796 5153 malitiosi
2823 5097 2906 5152 vel
2937 5096 3105 5165 impii,
3131 5110 3361 5166 quorum
3386 5109 3510 5164 pars

1926 5198 2046 5243 erat
2084 5203 2206 5242 cum
2244 5189 2428 5244 Belial.
2458 5189 2586 5257 Qui,
2619 5189 2865 5244 nolentes
2894 5187 3137 5256 recipere
3171 5185 3511 5258 praedicatio-

1929 5291 2050 5331 nem
2075 5275 2214 5344 ejus,
2242 5287 2523 5347 coeperunt
2543 5287 2778 5332 tractare
2802 5277 2869 5332 de
2896 5286 3072 5331 morte
3098 5275 3289 5345 ipsius,
3314 5288 3509 5344 oppor-

1928 5377 2119 5430 tunum
2161 5367 2337 5426 locum
2381 5376 2684 5437 quaerentes
2735 5377 2793 5423 ut
2839 5382 2935 5436 per
2968 5366 3257 5436 quamdam
3288 5367 3509 5419 dauma-

1928 5455 2126 5511 tionem
2163 5470 2286 5510 eum
2335 5457 2727 5511 interlicerent.
2766 5456 2895 5510 Erat
2931 5463 3110 5510 autem
3161 5454 3238 5508 illi
3279 5470 3507 5508 consue-

1928 5547 2057 5602 tudo
2086 5546 2138 5602 in
2171 5547 2346 5616 primo
2375 5546 2497 5617 galli
2528 5557 2686 5602 cantu
2724 5549 2789 5602 ad
2825 5547 3033 5601 laudem
3059 5545 3156 5601 Dei
3187 5559 3434 5616 surgere,
3455 5555 3505 5601 et

1929 5651 2101 5706 usque
2132 5637 2197 5690 ad
2239 5636 2611 5706 crepusculum
2631 5637 2772 5692 lucis
2816 5639 2866 5690 in
2899 5637 2991 5691 Dei
3019 5637 3265 5694 laudibus
3293 5644 3504 5692 noctem

1928 5728 2240 5799 pervigilem
2287 5730 2513 5790 ducere;
2547 5728 2813 5800 completo
2861 5737 3038 5784 autem
3079 5727 3254 5785 cilicio
3283 5742 3382 5783 suo
3419 5744 3503 5781 re-
