4032 6326
517 364 543 413 1
552 360 657 412 ἳίΓΙ

1370 352 1463 407 Al)
1486 350 1637 407 opp.
1671 325 1837 403 van.
1864 342 2192 405 GUIBERTI
2226 343 2314 400 ne
2353 343 2753 405 nomenve

3650 355 3777 415 1208

518 480 740 526 vertens
779 470 832 525 in
879 466 1256 523 dormitorium
1303 464 1358 519 in
1410 472 1580 520 strato
1609 476 1709 519 suo
1747 457 2018 518 collocare
2048 472 2108 514 se
2135 464 2182 522 Α
2211 458 2449 528 quinque
2499 468 2556 517 et
2593 459 2866 515 mensibus
2910 459 3085 517 tribus
3130 461 3187 517 in
3223 461 3477 521 omnibus
3519 468 3780 533 mandatis

519 568 893 617 consueverat.
920 559 1033 617 Hoc
1061 565 1345 613 noscentes
1372 554 1622 610 invidiosi
1653 563 1815 624 atque
1839 549 2098 622 protervi,
2140 550 2145 555 ’

520 653 806 709 consilium
859 651 1002 706 inter
1056 664 1117 706 se
1165 655 1524 717 acceperunt,
1576 654 1635 701 ut
1681 644 1957 700 cultellum
2004 642 2104 699 sub

520 744 855 800 lectisternio
882 750 1165 813 ponerent,
1204 749 1261 795 ut
1304 749 1530 795 sanctus
1558 754 1643 793 νιν
1672 738 1889 793 rediens
1918 736 1986 791 ab
2015 750 2106 790 ec-

518 837 682 894 clesia
718 851 879 906 super
912 834 1187 890 cultellum
1218 847 1278 888 se
1308 847 1429 887 cum
1464 831 1666 900 impetu
1708 830 1952 898 corporis
1983 828 2105 898 inji-

517 935 687 989 ceret,
718 932 771 979 et
800 924 880 978 sic
910 922 1262 992 semetipsum
1292 921 1623 976 interﬁceret
1651 936 1666 986 ;
1703 920 1846 990 quod
1875 926 1929 973 et
1958 916 2102 972 fece-

518 1025 662 1069 runt.
718 1013 1056 1068 Manubrium
1115 1011 1320 1067 cultelli
1375 1011 1491 1067 sole
1554 1011 1818 1077 ﬁxerunt;
1874 1024 2100 1064 acumen

514 1102 643 1157 ferri
674 1104 872 1157 nudum
904 1102 955 1156 in
985 1102 1128 1158 aeris
1151 1102 1386 1172 spatium
1412 1108 1724 1157 erexerunt.
1750 1100 1794 1156 Ο
1821 1098 2103 1154 infandum

514 1196 685 1260 nefas,
729 1196 781 1249 in
820 1196 963 1249 omni
1010 1204 1254 1265 tempore
1298 1196 1509 1250 cunctis
1555 1193 1913 1249 horrendum!
1956 1191 2105 1247 More

513 1284 676 1339 solito
729 1293 1010 1341 revertens
1054 1284 1117 1339 B.
1166 1284 1494 1340 Geremarus
1544 1285 1614 1338 ab
1651 1283 1883 1339 ecclesia
1925 1283 1991 1337 ad
2031 1282 2105 1337 le-

515 1385 685 1442 ctum,
719 1375 925 1446 Spiritu
961 1384 1151 1433 sancto
1189 1390 1312 1431 eum
1356 1375 1631 1440 hortante,
1666 1374 1793 1429 fecit
1825 1375 1929 1429 hec
1961 1372 2104 1443 quod

516 1465 710 1521 solitus
758 1482 862 1521 non
906 1474 1025 1522 erat
1062 1466 1245 1522 facere
1276 1484 1290 1521 :
1320 1482 1426 1521 non
1469 1468 1613 1521 enim
1660 1466 1712 1520 in
1759 1465 2105 1524 consuetudi-

515 1570 639 1610 nem
673 1555 904 1610 habebat
930 1556 1124 1611 lectum
1157 1566 1398 1627 tangere,
1424 1559 1519 1613 sed
1566 1573 1691 1613 cum
1734 1566 1848 1614 toto
1878 1572 2105 1627 corpore

513 1662 574 1702 se
606 1647 659 1700 in
695 1648 929 1702 medium
959 1648 1085 1703 lecti
1111 1648 1407 1720 injiciebat.
1440 1650 1641 1721 Tetigit
1683 1664 1849 1705 manu
1874 1650 2103 1716 lectum,

513 1744 568 1791 et
593 1736 1006 1793 circnmducens
1031 1753 1274 1804 manum,
1302 1740 1510 1794 invenit
1554 1742 1697 1810 quod
1725 1748 1843 1795 erat
1873 1740 2101 1794 abscon-

2205 549 2415 604 exstitit
2444 550 2692 606 sincerus
2722 558 2776 605 et
2802 551 3048 606 devotus.

2276 638 2413 693 Dum
2457 649 2637 693 autem
2678 639 2805 694 illuc
2843 649 3170 709 moraretur,
3202 643 3427 698 nuntius
3461 645 3509 700 ei
3542 646 3692 701 venit
3723 647 3789 705 ('e

2205 730 2316 785 filio
2362 746 2462 786 suo
2506 731 2848 797 Amalberto,
2900 748 3060 802 quem
3114 733 3165 786 in
3219 734 3422 802 palatio
3472 736 3787 811 reliquerat.

2203 820 2439 877 Rediens
2465 823 2607 877 enim
2636 823 2703 877 de
2730 822 3020 878 Wasconia
3046 838 3167 878 cum
3202 839 3351 893 rege,
3382 828 3533 896 gravi
3566 827 3787 884 inﬁrmi-

2205 920 2313 968 tate
2343 928 2630 983 percussus
2660 923 2926 985 :egrotare
2950 914 3117 985 coepit
3150 932 3165 969 :
3201 915 3367 980 unde,
3394 918 3589 972 morbo
3617 918 3786 988 iugi-ac

2202 1015 2484 1068 Vescente,
2537 1005 2769 1060 evadere.
2814 1020 2922 1061 non
2970 1006 3173 1076 potuit;
3219 1006 3558 1077 subripiente
3605 1011 3786 1065 mortis

2204 1094 2430 1150 articulo
2477 1094 2641 1150 vitam
2685 1096 2934 1165 corporis
2975 1094 3160 1151 amisit
3200 1115 3217 1152 :
3254 1104 3375 1152 erat
3425 1097 3573 1152 enim
3622 1099 3792 1156 adhuc

2202 1185 2383 1258 virgo,
2416 1193 2472 1241 et
2519 1185 2741 1258 ignarus
2787 1187 3074 1246 mundana:
3114 1189 3503 1259 corruptionis.
3556 1188 3624 1244 Et
3666 1206 3790 1260 quo-

2205 1276 2347 1331 niam
2377 1278 2576 1334 charus
2602 1286 2723 1332 erat
2756 1277 2867 1348 regi
2896 1287 2951 1333 et
2979 1276 3227 1345 Francis,
3264 1280 3478 1336 delatus
3508 1287 3599 1334 est
3627 1297 3795 1352 usque

2204 1368 2271 1423 ad
2323 1367 2501 1423 locum
2552 1369 2784 1438 propriae
2823 1370 2989 1441 670
3024 1371 3378 1430 baereditatis.
3429 1374 3571 1430 Cum
3615 1384 3791 1431 autem

2205 1456 2309 1514 hoc
2365 1460 2416 1519 ei
2476 1459 2783 1517 nuntiatum
2838 1461 3061 1531 fuisset,
3128 1478 3414 1521 assumens
3476 1467 3794 1536 patientiam

2203 1548 2345 1609 beati
2375 1547 2498 1616 Job,
2530 1550 2669 1605 dixit
2698 1568 2713 1605 :
2758 1569 2777 1602 σ
2809 1552 3070 1608 Dominus
3096 1553 3267 1625 dedit,
3298 1554 3569 1612 Dominus
3610 1556 3791 1613 abstn-

2204 1639 2301 1704 lit;
2332 1639 2473 1695 sicut
2497 1640 2725 1696 Domino
2759 1640 2965 1710 placuit
3002 1642 3078 1697 ita
3114 1642 3321 1701 factum
3362 1654 3469 1711 est,
3501 1647 3575 1703 sit
3600 1661 3795 1711 nomen

2205 1730 2417 1786 Domini
2453 1730 2796 1798 benedictum
2826 1731 2949 1804 (Job
2979 1749 3020 1798 ι,
3050 1734 3164 1804 21).
3199 1754 3218 1788 ι
3263 1736 3465 1793 Exiens
3506 1744 3692 1793 autem
3729 1739 3791 1794 de

515 1826 707 1884 ditum.
741 1825 938 1882 Statim
980 1836 1041 1883 ut
1078 1830 1249 1885 sensit
1290 1831 1534 1886 fraudem
1567 1809 1687 1886 esse
1716 1838 1984 1900 paratam,
2016 1844 2101 1883 re-
2132 1809 2174 1867 Β
2203 1828 2393 1891 crypta
2422 1820 2535 1886 illa.
2563 1829 2620 1875 et
2646 1836 2838 1877 omnes
2866 1821 3050 1879 clerici
3082 1824 3240 1879 simul
3272 1841 3396 1881 cum
3426 1826 3544 1894 ille,
3570 1827 3626 1883 in
3653 1828 3793 1900 byms

513 1917 643 1972 licto
669 1918 867 1974 lectulo
895 1935 1145 1976 reversus
1174 1930 1257 1976 est
1293 1922 1345 1975 in
1380 1922 1634 1992 templum
1661 1922 1922 1987 amictus;
1958 1921 2099 1990 quod

514 2017 800 2079 supererat
843 2011 1043 2076 noctis,
1079 2010 1349 2081 iacrymas
1393 2010 1645 2075 fundens,
1683 2012 1736 2067 in
1781 2012 1995 2082 hymnis
2047 2019 2103 2066 ct

512 2097 763 2155 laudibus
790 2099 881 2153 Dei
912 2098 1089 2164 duxit,
1111 2109 1167 2154 et
1197 2116 1356 2157 mane
1385 2100 1560 2171 primo
1594 2114 1710 2155 rem
1741 2116 1862 2173 qua:
1887 2099 1935 2155 ei
1972 2114 2102 2157 con-

513 2188 710 2260 tigerat
735 2188 940 2244 nemini
969 2188 1248 2245 indicavit.

585 2279 769 2334 Tertia
800 2294 928 2334 vero
949 2280 1083 2336 hora
1107 2281 1211 2339 diei
1238 2291 1360 2353 post
1384 2281 1634 2338 lectionis
1655 2279 2098 2351 disputationem,

514 2367 572 2425 in
600 2366 835 2437 capitulo
874 2376 1001 2424 ante
1037 2368 1201 2436 pedes
1238 2369 1480 2433 omnium
1524 2378 1831 2439 prostratus
1877 2370 2103 2440 regebat

512 2470 631 2515 uta
660 2459 918 2531 pastorali
952 2474 1084 2515 cura
1124 2459 1274 2516 illum
1315 2460 1684 2528 absolverent,
1714 2471 1770 2518 et
1820 2464 2100 2519 meliorem

515 2566 893 2622 quemcunque
921 2551 1135 2611 Patrem
1166 2567 1330 2622 super
1357 2566 1416 2608 se
1443 2552 1725 2625 eligerent.
1757 2553 1888 2610 Erat
1920 2566 2100 2611 autem

515 2644 765 2711 quaedam
801 2656 991 2717 crypta
1036 2644 1089 2699 in
1136 2654 1290 2699 vasto
1328 2644 1638 2701 solitudinis
1675 2659 1841 2715 super
1877 2647 2101 2702 ﬂuvium

518 2733 850 2804 Sequanam,
895 2736 1036 2791 unde
1068 2734 1126 2790 S.
1160 2735 1368 2793 Sanson
1404 2745 1713 2805 serpentem
1747 2735 2103 2804 ejecit;hanc

514 2825 735 2894 petebat
783 2833 842 2879 ut
893 2826 959 2879 ad
1013 2826 1365 2881 habitandum
1418 2826 1803 2885 concederent.
1858 2827 2103 2895 Quantus

516 2917 753 2972 clamor!
801 2926 1035 2987 quantus
1069 2917 1223 2972 dolor
1248 2926 1366 2973 erat
1408 2918 1481 2973 ibi
1523 2920 1767 2974 omnium
1800 2920 2101 2976 timentium

516 3006 835 3072 Dominum,
878 3014 934 3063 et
972 3022 1131 3077 super
1170 3007 1385 3063 Patrem
1415 3008 1771 3065 Geremarum
1798 3010 2103 3067 lamentan-

518 3098 652 3151 tium
681 3106 735 3152 et
756 3098 1049 3156 dicentium
1082 3116 1095 3152 :
1125 3097 1234 3153 Cur
1264 3114 1382 3162 nos,
1412 3099 1596 3164 Pater,
1627 3100 1875 3157 deseris?
1898 3109 1990 3155 aut
2016 3102 2101 3158 cui

518 3201 619 3241 nos
666 3186 941 3242 desei‘atos
984 3186 1282 3259 relinquis?
1327 3187 1457 3259 quid
1509 3188 1757 3259 egimus?
1800 3189 1926 3258 quid
1962 3190 2015 3243 in
2054 3198 2105 3243 te

518 3276 922 3332 commisimus?
953 3277 1224 3347 quomodo
1270 3274 1473 3331 fuimus
1512 3277 1608 3332 tibi
1648 3276 1945 3333 contrarii?
1988 3277 2106 3346 Ipse

518 3377 700 3421 autem
747 3368 1029 3438 reSpondit
1079 3368 1159 3424 eis
1191 3386 1205 3422 :
1240 3367 1410 3424 Nemo
1432 3371 1683 3439 jvestrum
1725 3369 1933 3425 exstitit
1969 3369 2104 3426 mihi

518 3474 756 3531 unquam
786 3461 1096 3516 contrarius
1136 3461 1188 3515 in
1231 3460 1441 3531 aliquo;
1480 3475 1642 3517 nemo
1681 3462 1911 3528 alienus,
1944 3477 2106 3516 nemo

520 3551 715 3615 malus,
747 3563 906 3605 nemo
950 3550 1148 3617 durus;
1177 3566 1368 3608 omnes
1414 3553 1543 3607 mihi
1576 3563 1633 3609 ut
1658 3564 1861 3622 patres,
1896 3561 1955 3609 ut
1988 3552 2104 3607 fra-

522 3653 652 3703 tres.
678 3650 738 3696 ut
777 3642 1023 3698 veritatis
1052 3651 1324 3699 amatores
1352 3643 1597 3712 (nolebat
1619 3645 1763 3701 enim
1789 3645 2019 3715 prodere
2050 3645 2106 3707 in

520 3730 793 3799 publicum
849 3731 992 3803 quod
1058 3732 1262 3787 invenit
1307 3733 1361 3789 in
1404 3733 1550 3789 lecto
1590 3735 1996 3799 absconditum,
2038 3746 2107 3789 ne

523 3821 669 3876 locus
706 3824 823 3891 ipse
858 3808 1164 3878 verteretur
1206 3824 1259 3878 in
1298 3825 1605 3895 exemplum
1650 3824 1962 3896 malorum).
2002 3825 2108 3881 ile-

524 3926 643 3964 rum
688 3919 848 3981 atque
883 3913 1076 3967 iterum
1110 3923 1414 3983 prostratus
1462 3925 1586 3970 ante.
1621 3917 1784 3986 pedes
1829 3915 2103 3986 omnium,

526 4001 753 4071 rogabat
799 4010 857 4061 ut
905 4017 933 4056 a
980 4004 1238 4077 pastorali
1284 4005 1414 4060 sede
1455 4006 1797 4062 absolverent
1830 4020 1983 4074 eum;
2028 4007 2105 4064 illi

527 4100 710 4146 autem
763 4092 1192 4156 nolebant,-sed
1237 4096 1407 4164 magis
1458 4097 1715 4163 petebant
1757 4104 1815 4150 ut
1859 4112 1953 4153 eos
1998 4113 2105 4154 non

526 4183 820 4238 desereret.
852 4185 1089 4239 Tandem
1120 4185 1248 4238 victi
1284 4187 1635 4257 petitionibus
1669 4197 1911 4258 cryptam
1943 4204 2104 4259 quam

525 4275 827 4344 petebatei
873 4266 1281 4332 concesserunt.
1328 4278 1660 4349 Relinquens
1699 4289 1879 4343 autem
1919 4295 2108 4337 mena-

527 4367 752 4421 sterium
786 4366 845 4419 B.
882 4366 1142 4423 Audoene
1185 4368 1318 4423 abiit
1346 4370 1752 4440 at,praedictum
1785 4372 1983 4427 locum.
2028 4373 2104 4428 lbi

2202 1908 2287 1963 nis
2318 1908 2483 1964 David
2514 1910 2728 1966 laudem
2759 1911 2866 1966 Deo
2891 1912 3107 1968 dicebat
3137 1931 3151 1967 :
3191 1932 3208 1966 ι
3240 1913 3507 1979 Dominus
3535 1915 3664 1985 pars
3692 1915 3790 1969 ha:-

2203 2003 2451 2059 reditatis
2482 2018 2614 2061 meae
2642 2013 2695 2059 et
2726 2003 2913 2061 calicis
2941 2005 3069 2071 mei,
3103 2015 3158 2060 tu
3186 2022 3245 2061 es
3276 2022 3368 2078 qut
3398 2009 3661 2065 restitues
3688 2008 3789 2065 hae-

2202 2094 2487 2150 reditatem
2526 2110 2701 2150 meam
2746 2096 2880 2150 mihi
2924 2094 3101 2165 (Paul.
3149 2113 3240 2163 xv,
3265 2098 3341 2170 5).
3380 2119 3401 2159 ι
3441 2100 3683 2171 Pergens
3706 2117 3791 2155 au-

2201 2191 2308 2238 tem
2340 2199 2462 2238 cum
2497 2198 2693 2253 magno
2729 2182 3070 2255 psallentium
3109 2187 3300 2261 choro,
3326 2189 3584 2257 pervenit
3619 2189 3674 2242 in
3704 2204 3791 2258 pa-

2203 2291 2328 2346 gum
2357 2274 2717 2333 Vilcassinum
2752 2294 2763 2330 :
2798 2291 2958 2346 quem
2997 2281 3368 2348 pertransiens
3407 2280 3643 2336 intravit
3676 2281 3789 2337 Bel-

2202 2381 2489 2422 vacensem
2510 2382 2729 2439 pagum,
2755 2368 2845 2422 ubi
2863 2368 3083 2436 jacebat
3105 2370 3197 2425 lilii
3222 2386 3420 2442 corpus
3450 2371 3785 2438 defunctum;

2202 2457 2427 2514 veniens
2475 2458 2600 2513 illuc
2646 2459 2734 2512 ubi
2760 2458 2999 2525 jacebat,
3034 2460 3164 2516 nihil
3208 2462 3275 2517 de
3315 2472 3493 2517 morte
3522 2462 3695 2533 ipsius
3717 2471 3790 2519 est

2206 2555 2404 2610 motus,
2434 2548 2526 2603 sed
2556 2547 2806 2603 laudabat
2837 2548 3123 2603 Dominum
3156 2549 3345 2615 Deum,
3374 2552 3523 2622 quod
3550 2552 3792 2622 dignatus

2203 2639 2275 2694 sit
2321 2639 2599 2709 suscipere
2652 2640 2705 2694 in
2762 2639 3076 2710 virginitate
3124 2641 3343 2697 unicum
3393 2642 3571 2696 filium
3622 2658 3784 2696 suum.

2204 2730 2492 2789 Elevantcs
2542 2747 2664 2789 eum
2713 2731 2766 2785 in
2810 2733 3093 2798 feretrum,
3132 2731 3377 2787 deferunt
3427 2734 3480 2787 in
3530 2744 3790 2787 monaste-

2204 2820 2344 2874 rium
2392 2821 2535 2890 quod
2572 2821 2762 2876 beatus
2807 2819 3135 2877 Geremarus
3174 2831 3561 2876 construxerat
3605 2824 3659 2876 in
3699 2823 3788 2875 lio-

2204 2925 2336 2966 nerc
2369 2910 2511 2966 Petri
2541 2921 2593 2966 et
2623 2911 2771 2964 Pauli
2812 2912 3199 2980 apostolorum.
3233 2911 3581 2985 Sequebatur
3612 2912 3786 2966 multi-

2206 3003 2333 3059 tudo
2369 3000 2546 3070 pepuli
2594 2999 2728 3057 ﬂens
2768 3009 2928 3069 atque
2966 3001 3155 3077 lugens
3189 3016 3351 3070 super
3376 3016 3524 3057 eum.
3564 3003 3788 3058 Veniens

2206 3102 2384 3147 autem
2425 3092 2490 3145 ad
2518 3092 2695 3147 locant
2743 3093 2834 3162 qui
2883 3092 3319 3161 Baujacus-Pons
3355 3093 3578 3159 dicitur,
3608 3096 3789 3163 paulu-

2206 3185 2316 3237 lum
2351 3183 2466 3239 solo
2505 3184 2888 3239 substiterunt.
2920 3182 3035 3237 Non
3076 3182 3204 3239 illud
3242 3183 3406 3238 silere
3445 3184 3622 3239 debeo
3659 3187 3790 3255 quod

2208 3275 2466 3330 Dominus
2499 3274 2712 3345 operari
2749 3275 2999 3345 dignatus
3034 3266 3136 3328 est.
3180 3273 3256 3329 lbi
3296 3275 3444 3329 circa
3482 3290 3682 3344 corpus
3708 3276 3791 3330 de-.

2208 3365 2401 3432 functi,
2441 3366 2511 3421 ob
2549 3367 2803 3421 meritum
2843 3366 2984 3421 beati
3026 3365 3307 3421 Geremari
3345 3366 3642 3438 (quatenus
3680 3382 3787 3421 om-

2208 3471 2303 3513 nes
2350 3466 2707 3529 agnoscerent
2744 3457 2925 3528 magni
2975 3457 3155 3515 meriti
3195 3470 3315 3511 esse
3355 3472 3480 3511 eum
3540 3465 3596 3512 et
3637 3457 3789 3525 ipsius

2208 3548 2397 3619 tilium)
2447 3549 2502 3605 in
2552 3550 2741 3604 eodem
2793 3549 2912 3604 loco
2943 3549 3023 3603 sic
3066 3555 3419 3618 aggravatum
3472 3556 3555 3604 est
3606 3562 3788 3615 corpus

2207 3639 2351 3696 beati
2386 3640 2706 3707 Amalberti,
2741 3649 2799 3694 nt
2834 3640 2901 3695 ab
2932 3639 3016 3695 his
3067 3640 3158 3710 qui
3202 3655 3324 3695 eum
3355 3638 3651 3708 portabant
3695 3652 3787 3693 non

2206 3730 2469 3800 potuisset
2518 3731 2753 3797 moveri;
2809 3730 2903 3786 sed
2949 3745 3051 3803 nec
3097 3730 3175 3785 sic
3222 3729 3430 3785 moveri
3481 3731 3679 3801 potuit.
3716 3730 3788 3783 l-‘it

2206 3822 2411 3877 clamor
2452 3823 2695 3879 omnium
2748 3823 2990 3876 virorum
3041 3832 3204 3891 atque
3250 3821 3574 3886 mulierum;
3626 3824 3788 3875 tantus

2208 3922 2389 3969 autem
2420 3921 2608 3983 stupor
2635 3913 2831 3968 invasit
2852 3927 3044 3968 omnes
3072 3921 3221 3967 retro
3250 3921 3305 3966 et
3336 3920 3462 3966 ante
3490 3910 3787 3991 incedentes

2207 4015 2266 4059 ut
2294 4005 2385 4058 vix
2414 4004 2692 4059 ambulare
2724 4007 2988 4060 valerent.
3776 4010 3781 4075 ί

2266 4096 2429 4151 ’Τυηο
2459 4097 2646 4152 beatus
2675 4096 3023 4162 Gcremarus,
3047 4094 3287 4150 sentiens
3309 4095 3414 4149 hoc
3447 4106 3575 4150 esse
3613 4086 3785 4149 voluni

2208 4194 2374 4244 tatem
2405 4188 2521 4251 Dei,
2552 4186 2715 4257 jussit
2748 4202 2946 4257 corpus
2985 4188 3177 4257 deponi
3202 4205 3215 4241 :
3242 4202 3347 4255 quo
3377 4187 3650 4256 deposito,
3681 4188 3787 4254 prei

2208 4289 2411 4336 stratus
2446 4281 2563 4336 solo
2595 4281 2821 4349 genibus
2862 4279 3165 4334 orationem
3208 4280 3275 4332 ad
3318 4279 3609 4333 Dominum
3641 4278 3788 4341 fudit,

2208 4381 2264 4427 et
2305 4387 2488 4427 coram
2531 4373 2745 4427 cunctis
2783 4371 3090 4426 diutissime
3128 4371 3324 4424 oravit.
3358 4369 3644 4440 Completa
3681 4376 3791 4423 ora;

527 4473 585 4513 se
629 4458 682 4512 in
721 4460 1058 4513 orationibus
1090 4460 1175 4514 die
1204 4476 1268 4515 ac
1302 4470 1460 4516 nocte
1498 4461 1663 4527 dedit,
1696 4462 1901 4518 faciens
1938 4464 2107 4533 pluri-
2140 4476 2185 4531 1)
2212 4463 2386 4528 tione,
2441 4463 2545 4518 illis
2601 4463 2691 4532 qui
2761 4476 2958 4531 corpus
3034 4460 3290 4515 videbant
3340 4460 3480 4515 dixit
3522 4479 3536 4514 :
3584 4460 3794 4515 Auferte

529 4563 669 4602 mam
697 4550 1099 4614 abstinentiam,
1132 4550 1388 4620 majorem
1417 4568 1578 4621 quam
1605 4554 1786 4607 facere
1812 4568 2111 4609 consueve-

530 4648 630 4693 rat.
672 4639 900 4695 Tantam
948 4642 999 4697 ei
1043 4644 1273 4712 gratiam
1311 4643 1571 4699 Dominus
1606 4644 1771 4700 veluti
1816 4645 1989 4700 electo
2026 4646 2108 4701 fa-

526 4732 675 4787 mulo
709 4747 806 4787 suo
834 4733 1078 4799 contulit,
1106 4744 1164 4791 ut
1189 4744 1385 4790 cuncta
1416 4735 1598 4790 mundi
1630 4745 1808 4791 mente
1836 4745 2112 4792 transcen-

529 4824 701 4892 deret,
731 4835 787 4881 et
822 4827 1018 4896 saepius
1048 4828 1359 4883 coelestibus
1394 4830 1621 4885 secretis
1656 4828 1963 4885 interesset.

1162 4982 1390 5039 CAPUT
1434 4984 1493 5039 ν.

599 5097 795 5153 Beatus
834 5107 1012 5151 autem
1053 5097 1345 5152 Audoenus
1369 5088 1593 5156 audiens
1622 5100 1819 5155 famam
1854 5102 2110 5158 sanctita-

532 5188 597 5241 tis
630 5188 768 5255 cjus,
798 5196 851 5241 et
872 5188 1048 5243 sciens
1088 5188 1338 5243 meritum
1369 5190 1507 5257 ejus,
1538 5192 1588 5244 in
1622 5191 1846 5260 gradum
1880 5192 2107 5263 presby-

532 5280 649 5333 terii
693 5295 816 5334 eum
866 5280 1134 5335 ordinavit
1164 5298 1178 5346 ;
1210 5281 1361 5350 cujus
1400 5284 1661 5337 voluntati
1709 5282 1934 5336 multum
1980 5284 2112 5337 resi-

530 5368 672 5424 stere
713 5369 909 5436 voiuit,
958 5371 1049 5425 sed
1096 5370 1300 5440 Spiritu
1354 5382 1541 5426 sancto
1587 5388 1709 5426 eum
1758 5374 2110 5443 compellente

530 5463 809 5531 prmeeptis
838 5463 1011 5519 sancti
1038 5464 1281 5533 praesulis
1307 5465 1568 5519 obedivit.
1600 5464 1906 5533 Factusque
1935 5480 2113 5519 sacer-

532 5551 652 5617 dos,
685 5553 910 5609 Demino
943 5557 1157 5625 placere
1194 5556 1419 5610 studuit.
1457 5554 1729 5611 Oﬂ‘erebat
1760 5557 1903 5610 enim
1939 5557 2109 5611 sacri-

531 5637 710 5695 ficium
742 5643 815 5697 illi
845 5659 941 5712 per
973 5645 1214 5715 singulos
1244 5645 1359 5700 dies
1398 5660 1519 5699 cum
1551 5644 1804 5723 iacrymis
1831 5655 1885 5701 et
1909 5647 2110 5701 contri-

530 5727 675 5783 tione
703 5732 897 5787 cordis.
929 5731 1003 5786 ibi
1034 5733 1086 5786 in
1122 5734 1422 5804 exemplum
1451 5735 1690 5787 omnium
1716 5735 1922 5803 positus
1954 5736 2115 5790 annis-

2213 4555 2430 4625 pallium
2458 4558 2524 4611 ab
2556 4571 2642 4622 eo,
2681 4570 2788 4624 quo
2825 4560 3111 4622 coopertus
3145 4561 3251 4619 est,
3279 4561 3339 4607 ut
3366 4552 3650 4607 videamus
3677 4550 3792 4620 quid

2214 4646 2521 4715 contigerit.
2558 4645 2802 4715 Cumque
2847 4644 3100 4699 tulissent
3142 4644 3378 4713 gladium
3424 4642 3517 4714 [[.,
3558 4638 3791 4711 pallium]

2212 4747 2268 4793 et
2316 4735 2625 4804 diligentius
2670 4734 3031 4804 aspexissent,
3078 4733 3402 4787 invenerunt
3445 4732 3644 4786 faciem
3690 4731 3791 4800 ejus

2212 4830 2475 4899 sanguine
2514 4827 2809 4896 madidam,
2841 4842 2907 4882 ac
2948 4828 2992 4883 si
3039 4828 3130 4881 illo
3168 4826 3256 4880 die
3294 4825 3437 4880 bello
3484 4827 3791 4880 interfectus

2212 4919 2404 4974 fuisset
2439 4938 2451 4973 :
2483 4917 2681 4973 ﬂuebat
2726 4919 2870 4973 enim
2918 4917 3140 4987 sanguis
3184 4932 3283 4986 per
3327 4931 3523 4981 nares,
3574 4915 3789 4985 irrigans

2212 5017 2379 5064 totam
2410 5010 2600 5063 faciem
2641 5009 2775 5077 ejus.
2812 5008 2982 5063 Valde
3026 5007 3351 5077 stupendum
3392 5015 3478 5060 est
3507 5013 3673 5075 atque
3702 5005 3787 5058 mi-

2212 5101 2463 5167 randum,
2496 5110 2550 5157 et
2582 5101 2637 5156 in
2681 5100 2945 5155 memoria
2979 5099 3188 5153 devotis
3230 5097 3482 5152 laudibus
3515 5110 3784 5150 reservan-

2213 5194 2370 5258 dum;
2414 5191 2524 5262 jam
2566 5192 2795 5246 multum
2824 5191 3052 5244 ﬂuxerat
3090 5190 3349 5259 temporis
3374 5204 3403 5241 a
3426 5204 3535 5257 quo
3568 5188 3674 5240 vita
3702 5178 3784 5239 de-

2213 5291 2451 5337 cesserat
2476 5290 2760 5337 revertens
2790 5297 2818 5333 a
2856 5280 3117 5335 Vasconia
3142 5295 3265 5335 cum
3296 5288 3422 5348 rege
3454 5288 3510 5332 et
3534 5277 3784 5331 Francis:

2214 5374 2340 5443 quiti
2361 5375 2463 5428 hoc
2491 5374 2632 5428 facto
2656 5372 2997 5427 manifestius
3018 5372 3193 5439 potuit
3212 5372 3313 5425 hoc
3335 5371 3635 5439 adimplere
3664 5367 3785 5419 illius

2212 5466 2405 5531 virtus,
2444 5466 2587 5521 beati
2624 5465 2902 5520 Gcremari
2946 5464 3157 5518 meritis
3202 5470 3257 5516 et
3303 5462 3621 5523 virtutibus,
3652 5458 3785 5525 cujus

2213 5558 2453 5627 petentia
2514 5558 2867 5612 resuscitatur
2917 5556 3312 5626 quatriduanus
3365 5552 3649 5607 Lazarus?
3696 5550 3784 5602 De-

2214 5657 2548 5703 monstratur
2578 5652 2681 5706 hoc
2704 5648 2910 5719 judicio
2940 5649 3155 5702 beatum
3184 5645 3562 5702 Amalbertum
3592 5640 3785 5701 meritis

2216 5740 2386 5794 sancti
2418 5739 2695 5797 Geremari
2730 5740 2911 5797 vivere
2938 5754 3063 5797 cum
3093 5736 3331 5794 Christe.
