4032 6336
186 396 324 457 1909

1255 393 1486 451 ADDIT.
1516 425 1584 435 —
1605 392 1763 451 VITA
1790 393 1847 450 S.
1886 394 2272 453 GEBEMARI.

3312 392 3452 467 me

238 512 415 581 ,Tunc
457 508 649 565 beatus
670 504 997 563 Geremarus
1026 507 1079 561 in
1119 508 1307 564 eodem
1341 508 1457 564 loco
1491 508 1774 565 ecclesiam

1912 576 1915 577 γ
1951 511 2107 567 Mane
2148 520 2327 568 autem
2377 512 2542 581 facto,
2582 515 2764 571 retulit
2798 523 3025 589 uterque
3056 521 3198 590 quod
3229 522 3454 592 viderat,

186 600 303 655 fieri
338 596 596 670 praecepit
625 597 678 650 in
710 597 913 654 honore
960 596 1016 651 S.
1060 596 1305 664 Joannis.
1340 599 1632 655 Duodecim
1662 613 1773 653 mo-

192 691 399 745 nachos
436 688 506 742 ibi
549 688 853 752 constituit,
884 701 1115 756 quorum
1150 690 1259 744 vita
1298 689 1442 745 salus
1472 698 1617 744 esset
1644 689 1770 756 sibi,

189 790 246 836 et
284 781 481 835 anima:
520 778 633 832 lilii.
668 776 738 832 Ut
768 793 898 847 ergo
947 779 1063 833 sine
1105 780 1396 850 indigentia
1427 782 1685 842 viverent.
1719 790 1774 835 et

189 871 425 937 Domino
465 870 585 939 sine
623 870 1053 929 murmuratione
1094 872 1388 936 servirent,
1435 872 1653 941 reliquit
1694 872 1775 927 eis

188 960 393 1016 inultas
439 960 615 1020 villas,
648 958 857 1014 scilicet
904 962 1120 1029 propria
1164 963 1381 1032 praedia,
1423 979 1520 1031 per
1555 965 1777 1019 charta-

185 1069 308 1109 rum
343 1053 697 1107 monimenta.
727 1050 822 1106 His
850 1052 924 1106 ita
950 1054 1257 1123 promissis,
1285 1056 1468 1111 statim
1497 1056 1774 1109 inventum

181 1153 270 1198 est
318 1158 522 1213 corpus
570 1152 732 1198 tanta:
781 1142 1037 1210 levitatis,
1068 1152 1129 1200 ut
1166 1147 1237 1200 ab
1279 1161 1388 1201 uno
1426 1146 1644 1203 homine
1680 1159 1778 1214 pob

183 1235 387 1290 tuisset
428 1235 651 1304 portari.
680 1234 958 1291 Moventes
994 1235 1117 1292 inde
1157 1246 1517 1305 pervenerunt
1546 1238 1612 1292 ad
1643 1252 1776 1307 pne-

180 1324 397 1380 dictum
426 1326 840 1392 monasterium,
867 1328 1012 1396 quod
1040 1328 1232 1383 beatus
1249 1327 1574 1383 Geremarus
1600 1329 1776 1385 adhuc

180 1417 238 1471 in
282 1416 492 1471 saeculo
519 1416 727 1486 positus
753 1425 1151 1483 construxerat,
1182 1419 1269 1472 ubi
1301 1417 1597 1483 honorifice
1623 1432 1777 1488 sepe-

179 1506 396 1562 licruut
431 1520 581 1561 eum.
622 1507 776 1562 Tunc
816 1507 1008 1563 beatus
1036 1506 1366 1563 Geremarus
1409 1507 1775 1563 hereditatem

179 1612 341 1652 suam
394 1598 621 1667 recepit,
654 1604 707 1654 et
751 1598 1039 1654 Dominum
1084 1599 1271 1655 Jesum
1312 1596 1587 1655 Christum
1617 1614 1684 1654 ex
1710 1606 1777 1655 ea

1873 613 1931 661 et
1957 608 2161 673 gratias
2205 617 2426 676 agentes
2460 608 2705 676 Domino,
2742 611 2980 669 tendunt.
3010 614 3077 668 ad
3112 612 3286 671 locum
3324 632 3459 686 prae-

1874 692 2076 748 dictum
2116 694 2184 749 ab
2233 695 2444 765 angelo.
2488 696 2622 752 Cum
2669 707 2849 755 autem
2881 710 2985 755 non
3028 700 3187 772 longe
3216 711 3455 759 esseut'a

1877 782 2021 848 vico,
2044 791 2179 836 nutu
2207 785 2297 838 Dei
2326 798 2381 840 et
2406 786 2681 842 voluntate
2703 789 2900 844 deviati
2935 800 3060 845 sunt
3090 808 3120 846 a
3158 803 3307 847 recto
3353 806 3458 848 tra-

1876 872 2024 936 mite,
2052 882 2105 926 et
2126 881 2380 942 gyrantes
2404 885 2569 929 vastae
2616 878 2922 934 solitudinis
2948 881 3241 944 desertum,
3267 898 3459 951 perve—

1876 974 2072 1016 nerunt
2099 962 2165 1014 ad
2196 962 2522 1016 destinatum
2554 963 2728 1019 locum
2755 984 2768 1019 :
2810 968 2897 1022 ubi
2936 985 3058 1023 cum
3089 973 3461 1035 pervenissent

1874 1062 1932 1108 et
1991 1046 2217 1107 multum
2264 1052 2607 1119 dubitarent,
2666 1059 2972 1121 nescientes
3022 1063 3153 1135 quid
3211 1068 3458 1132 agerent,

1872 1151 2004 1196 eice
2032 1140 2223 1195 nebula
2252 1142 2528 1197 descendit
2557 1142 2624 1197 de
2646 1143 2785 1198 ctelo
2819 1154 2873 1200 et
2901 1144 3255 1203 circumdedit
3286 1159 3457 1204 totum

1877 1232 2053 1287 locum
2124 1232 2217 1287 ubi
2270 1234 2695 1289 construendum
2765 1244 2886 1290 erat
2930 1241 3349 1307 menasterium;
3405 1250 3459 1296 et

1872 1336 2001 1378 cum
2030 1321 2226 1376 nebula
2264 1335 2501 1392 superna
2549 1339 2652 1378 vox
2700 1324 2931 1382 dicens:
2972 1326 3139 1382 Electi
3173 1331 3294 1394 Dei,
3333 1340 3462 1386 ecce

1879 1411 2027 1467 locus
2072 1412 2173 1467 iste
2212 1413 2534 1467 metuendus
2577 1423 2717 1481 est,
2745 1416 3098 1487 quadraginta
3136 1421 3260 1473 anni
3295 1420 3460 1473 voluti

1879 1510 2028 1564 sunt,
2051 1515 2119 1554 ex
2156 1501 2354 1570 quibus
2401 1502 2663 1558 Dominus
2704 1504 2850 1561 hunc
2898 1506 3074 1561 locum
3106 1509 3379 1563 benedixit
3409 1512 3463 1564 et

1872 1590 2257 1658 ‘sanctiticavit,
2288 1600 2342 1647 et
2382 1592 2525 1647 ﬁdeli
2563 1608 2661 1649 suo
2686 1593 2982 1650 Gemmaro
3006 1598 3328 1651 destinavit:
3361 1597 3464 1653 erit

181 1690 468 1751 [uer-edem
503 1691 633 1747 fecit
664 1709 679 1745 ε
713 1692 1008 1748 festinabat
1050 1693 1196 1747 enim
1238 1694 1525 1762 pervenire
1562 1690 1629 1746 ad
1669 1690 1781 1747 (τωρ
1870 1681 2026 1735 enim
2055 1680 2368 1737 habitabilis
2395 1684 2781 1738 monachorum
2812 1684 3166 1749 multitudini,
3224 1684 3464 1753 quandiil

182 1779 378 1834 lestem
404 1782 658 1849 patriam,
682 1792 738 1836 et
760 1782 1075 1852 contingere
1098 1778 1522 1836 immortalitatis
1540 1780 1770 1847 stolam;

1872 1773 2179 1841 perstiterit
2198 1773 2253 1828 in
2278 1774 2571 1845 praeceptis
2588 1774 2821 1830 Domini.
2856 1776 3169 1835 Mulierihus
3192 1791 3320 1839 vero
3345 1776 3464 1839 nui?-

181 1847 544 1926 desiderabat
572 1872 841 1926 haeredem
872 1847 1074 1927 habere
1098 1886 1222 1926 eum
1254 1885 1283 1925 a
1311 1886 1437 1940 quo,
1465 1880 1520 1926 et
1561 1874 1614 1925 in
1645 1885 1774 1940 quo,
1810 1847 1853 1901 Β
1875 1862 1962 1917 los
1983 1862 2188 1931 patebit
2211 1863 2279 1919 ad
2300 1878 2426 1919 eum
2461 1876 2700 1935 unquam
2736 1880 3015 1923 accessus.

180 1973 240 2022 et
276 1976 380 2032 per
420 1978 578 2032 quem
611 1972 694 2019 est
722 1978 993 2039 summum
1039 1964 1260 2020 bonum.
1294 1964 1432 2019 ultra
1470 1962 1815 2043 quodnihil”

181 2064 268 2108 est
299 2056 686 2124 appetendum.

818 2167 1046 2225 CAPUT
1086 2167 1176 2227 Vl.
1244 2196 1247 2197 ν

257 2279 560 2348 Postquam
599 2287 779 2333 autem
824 2280 1004 2333 omnia
1048 2279 1164 2334 haec
1190 2287 1318 2334 sunt
1352 2278 1611 2333 divinitus
1640 2291 1784 2332 com-

184 2370 355 2438 pleta,
398 2372 448 2424 in
479 2372 827 2441 semetipsum
869 2385 1118 2426 reversus
1154 2371 1405 2439 cogitare.
1431 2371 1597 2439 coepit
1647 2384 1784 2440 quo-

187 2460 355 2514 modo
384 2460 583 2514 astutia
626 2460 833 2530 antiqui
878 2461 1149 2529 serpentis
1182 2476 1281 2530 per
1318 2460 1461 2514 mille
1505 2468 1651 2514 artes
1689 2475 1784 2513 no—

186 2551 350 2603 ccndi
408 2552 601 2605 nititur
651 2551 968 2606 subvertere
1020 2552 1184 2607 corda
1234 2567 1515 2608 servorum
1556 2553 1678 2616 Dei,
1715 2553 1783 2607 ad

188 2641 478 2694 interitum
505 2651 559 2696 et
584 2642 985 2696 damnationem
1012 2652 1287 2713 perpetuae
1311 2644 1526 2698 mortis.
1550 2643 1785 2710 Quibus-

188 2732 317 2784 dam
362 2733 509 2785 enim
555 2732 756 2786 virtute
794 2733 1100 2786 orationum
1142 2732 1421 2807 perfectis,
1460 2732 1783 2803 quibusdam

183 2821 413 2892 jejuniis
444 2822 659 2888 deditis,
690 2821 810 2877 aliis
838 2822 1095 2877 solitariae
1124 2823 1249 2877 vitae
1278 2823 1433 2878 laude
1472 2821 1781 2888 dill‘amatis,

190 2913 477 2968 multoties
505 2916 791 2983 quamdam
822 2913 991 2969 facem
1016 2913 1288 2982 jactantiaa
1322 2916 1532 2986 ingerit.
1566 2923 1639 2969 et.
1658 2930 1783 2969 eum

190 3004 499 3075 virginibus
553 3006 734 3059 stultis
787 3004 1059 3074 lampades
1107 3021 1293 3060 eorum
1335 3021 1530 3061 vacuas
1587 3007 1783 3061 reddit.

191 3094 230 3148 li
286 3094 426 3148 tales
456 3094 706 3148 veniente
741 3093 953 3164 Sponso
993 3108 1099 3149 non
1145 3096 1421 3150 intrabunt
1457 3111 1580 3149 cum
1613 3110 1680 3150 eo
1716 3096 1784 3149 ad

193 3185 413 3254 nuptias
444 3168 658 3254 (Matth.
688 3199 774 3247 xv,
803 3184 881 3254 2).
926 3184 1038 3239 Hoc
1074 3185 1363 3255 providens
1397 3185 1586 3241 beatus
1617 3185 1787 3241 Gere-
1811 3175 1853 3232 C

191 3292 405 3337 marus,
439 3290 506 3329 ne
552 3290 646 3329 cor
689 3275 806 3345 ejus
858 3276 975 3332 laus
1020 3276 1276 3331 solitariae
1312 3277 1437 3332 vitae
1476 3277 1783 3352 attingeret,

191 3368 361 3437 coepit
396 3367 819 3422 familiarissime
850 3384 978 3424 suos
1009 3368 1207 3437 alloqui
1242 3384 1259 3423 :
1288 3386 1307 3421 ι
1341 3366 1385 3424 Ο
1411 3367 1628 3433 fratres,
1652 3368 1788 3423 mul-

192 3470 277 3514 tos
322 3474 422 3528 pro
463 3458 661 3513 Christi
710 3460 929 3515 nomine
966 3460 1109 3529 passi
1148 3459 1384 3529 labores,
1422 3461 1789 3516 indesinenter

189 3551 259 3605 ad
292 3551 441 3605 viam
475 3551 672 3605 summi
712 3561 768 3606 et
797 3550 1360 3621 incomprehensibilis
1398 3551 1522 3607 boni
1563 3553 1802 3619 currite,

188 3652 248 3698 et
280 3642 335 3697 in
370 3656 537 3711 opere
566 3642 660 3697 Dei
690 3642 835 3711 quod
870 3644 1111 3712 coepistis
1145 3651 1477 3714 permanete.
1520 3642 1786 3699 Utendum

188 3739 352 3792 nobis
392 3746 478 3791 est
518 3739 622 3793 hoc
664 3738 917 3806 consilio;
966 3755 1321 3810 properemus
1364 3742 1430 3797 ad
1483 3741 1541 3797 S.
1578 3743 1790 3799 Αυὰοθο

190 3846 349 3905 num,
384 3837 741 3900 petamusque
770 3832 840 3886 ab
868 3847 933 3887 eo
973 3842 1032 3887 ut
1062 3849 1156 3888 sua
1183 3835 1427 3890 oratione
1453 3835 1790 3895 demonstre-

192 3930 285 3974 tur
323 3921 485 3974 nobis
513 3920 580 3973 ad
610 3920 959 3976 habitandum
1003 3923 1171 3989 locus,
1201 3925 1289 3980 ubi
1324 3941 1492 3996 usque
1528 3926 1596 3982 ad
1626 3926 1788 3987 tinem

188 4011 321 4064 vita:
354 4011 409 4063 in
442 4002 598 4066 bonis
627 4013 882 4080 operibus
911 4028 1342 4082 perseveremus.
1375 4037 1395 4070 ι

263 4097 482 4156 Placuit
524 4102 775 4157 omnibus
820 4104 1100 4159 consilium
1138 4105 1278 4160 beati
1315 4106 1618 4173 Geremari,
1665 4120 1789 4177 per-

184 4207 447 4264 gensque
491 4193 558 4247 ad
605 4192 663 4247 S.
702 4194 1038 4261 Audoenum,
1067 4196 1148 4251 sic
1183 4212 1308 4251 eum
1357 4198 1621 4254 allocutus
1661 4208 1786 4253 est:

195 4304 217 4336 ι
250 4285 534 4352 Deprecor
566 4289 637 4346 te,
662 4292 846 4338 sancte
876 4284 1059 4349 Pater,
1090 4294 1151 4338 ut
1177 4286 1477 4340 orationem
1508 4287 1574 4341 ad
1604 4287 1790 4347 Domis-

190 4387 330 4428 num
365 4385 468 4441 pro
500 4386 586 4425 me
624 4370 819 4432 facias,
848 4372 1087 4441 mihique
1128 4372 1305 4427 locum
1342 4375 1408 4428 ad
1441 4375 1790 4429 habitandum

191 4470 308 4519 tuis
348 4462 605 4532 precibus
643 4461 983 4517 demonstres
1014 4480 1027 4515 :
1062 4463 1277 4518 confido
1304 4465 1448 4518 enim
1477 4465 1617 4534 quod
1654 4465 1791 4520 Deus

191 4563 249 4608 te
275 4553 559 4615 exaudiet,
583 4553 798 4622 etquod
828 4553 1100 4621 rogaveris
1122 4554 1469 4623 impetrabis.‘
1492 4575 1511 4606 ι
1550 4554 1791 4611 Audiens

190 4648 315 4702 lucc
344 4645 537 4700 beatus
557 4644 847 4699 Audoenus
872 4644 1148 4713 respondit
1171 4647 1220 4700 ei
1255 4661 1268 4699 :
1307 4664 1326 4696 ι
1352 4645 1492 4711 Noli,
1520 4648 1649 4711 noli,
1680 4647 1792 4702 fra-

194 4745 281 4793 ter
310 4737 420 4790 ista
451 4734 685 4798 referre;
733 4735 855 4804 quis
888 4750 989 4804 ego
1030 4749 1147 4789 sum
1197 4742 1255 4789 ut
1289 4736 1405 4791 haec
1449 4738 1639 4808 agam?
1686 4752 1791 4791 non

192 4826 336 4879 meis
363 4824 598 4889 meritis,
627 4824 720 4878 sed
750 4834 838 4877 tua
865 4824 968 4879 ﬁde
990 4825 1093 4879 hoc
1115 4825 1515 4895 adimplebitur.
1547 4826 1603 4882 Si
1634 4826 1791 4887 ﬁdem

194 4914 480 4974 habueris.
516 4914 773 4992 quidquid
802 4915 1050 4983 petieris,
1081 4917 1459 4986 consequeris;
1488 4917 1590 4972 fide
1620 4920 1795 4974 Abra-

194 5004 326 5057 ham
357 5003 568 5058 amicus
599 5003 696 5058 Dei
726 5003 904 5059 factus
934 5014 1044 5073 est;
1076 5005 1181 5061 fide
1207 5006 1399 5061 Petrus
1426 5008 1663 5063 salvatus
1687 5018 1790 5064 est.

194 5092 598 5159 Exspectemus
620 5092 1046 5147 misericordiam
1091 5092 1187 5149 Dei
1225 5095 1402 5150 triduo
1426 5112 1548 5151 cum
1574 5096 1793 5166 jejuniis

195 5193 253 5237 et
295 5183 673 5247 orationibus,
717 5185 759 5238 si
808 5183 948 5239 forte
997 5186 1245 5255 respiciet
1291 5187 1649 5242 humilitatem
1700 5206 1795 5243 no-

198 5282 398 5327 stram.
432 5292 450 5326 ›
494 5273 589 5329 His
617 5274 759 5335 inter
784 5290 842 5330 se
872 5275 1295 5340 familiarissime
1327 5279 1509 5344 dictis,
1534 5281 1792 5345 indictum

196 5363 367 5435 671
413 5373 498 5417 est
549 5365 727 5419 triduo
780 5364 1048 5434 jejunium
1100 5368 1337 5436 cunctis;
1400 5370 1555 5425 tertia
1613 5380 1792 5437 autem

201 5465 368 5510 nocte
398 5452 617 5523 jejuniis
659 5464 714 5515 et
749 5456 1086 5511 orationibus
1126 5457 1349 5531 positis,
1401 5462 1651 5530 apparuit
1697 5477 1794 5531 per

199 5547 385 5601 visum
430 5549 674 5616 utrisque
716 5547 939 5618 angelus
976 5548 1209 5617 Domini,
1244 5550 1429 5607 dicens
1466 5553 1586 5620 eis;
1621 5554 1795 5610 Exau-

202 5638 343 5692 divit
394 5637 653 5695 Dominus
700 5654 891 5709 preces
936 5648 1179 5706 vestras;
1233 5641 1307 5699 ite
1360 5644 1427 5700 ad
1476 5644 1651 5701 locum
1699 5647 1789 5718 qui

202 5725 492 5804 Flaviacus
531 5739 888 5803 nuncupatur,
927 5739 983 5795 et
1029 5731 1101 5791 ibi
1146 5732 1434 5794 invenietis
1468 5738 1789 5794 desiderium

200 5826 471 5872 vestrum.

1950 1951 2246 2008 Audientes
2292 1961 2471 2031 autem
2527 1954 2711 2029 ambo
2740 1955 2838 2033 viri
2888 1954 3062 2013 sancti
3112 1954 3265 2033 valde
3300 1953 3463 2033 lmtati

1834 2032 2024 2096 isunt.
2057 2040 2301 2112 Cumque
2326 2028 2556 2098 Aobtutus
2585 2028 2712 2099 suos
2742 2028 2795 2098 in
2828 2030 3106 2115 aspectum
3140 2029 3346 2101 nebulae
3371 2022 3459 2098 de-

1882 2131 2346 2201 figerent,,statim
2374 2133 2442 2190 ab
2472 2135 2781 2204 aspectibus
2810 2150 2997 2191 eorum
3036 2135 3309 2191 subtracta
3358 2144 3461 2190 est.

1883 2220 1963 2280 Ex
1991 2225 2179 2282 eadem
2203 2232 2382 2279 autem
2412 2223 2627 2291 nebula,
2658 2226 2709 2279 in
2732 2225 2959 2281 circuitu
2986 2225 3113 2291 loci,
3139 2225 3292 2296 quasi
3322 2228 3471 2293 quae.~

1883 2312 2007 2369 dam
2038 2302 2191 2385 virga
2235 2302 2632 2384 geometricalis
2683 2325 2855 2371 totum
2898 2316 3076 2372 locum
3124 2316 3467 2371 circumdatis

1884 2403 2169 2468 remansit,
2200 2412 2259 2458 ut
2287 2403 2509 2459 daretur
2553 2404 2774 2475 intelligi
2806 2419 2995 2461 verum
3030 2419 3153 2460 esse
3202 2404 3343 2473 quod
3373 2419 3466 2459 su.

1884 2508 2050 2563 perna
2070 2507 2175 2548 vox
2204 2494 2421 2549 cecinit.
2454 2494 2606 2549 Tunc
2650 2497 3051 2552 circumeuntes
3103 2496 3276 2549 locum
3318 2510 3463 2564 repe-

1886 2594 2079 2641 rerunt
2122 2585 2332 2656 signum
2383 2586 2626 2643 coe'lesﬁs
2680 2588 2819 2644 roris
2867 2588 3212 2657 impressum.
3272 2587 3471 2645 Beatus

1886 2678 2067 2731 autem
2096 2676 2388 2732 Audoenus
2430 2684 2614 2732 certus
2656 2676 2724 2731 de
2750 2676 2991 2748 angelica
3037 2677 3246 2732 visione
3278 2687 3334 2730 et
3376 2690 3470 2729 su-

1885 2780 2053 2835 perna
2077 2780 2230 2833 voce,
2254 2766 2535 2838 accipiens
2560 2768 2767 2838 virgam
2800 2768 2854 2823 in
2904 2782 3086 2834 manu,
3126 2782 3224 2836 per
3250 2766 3472 2835 vestigii

1886 2856 2097 2911 nebula:
2117 2870 2337 2912 mensus
2361 2864 2447 2912 est
2476 2843 2707 2927 plateam
2733 2857 2784 2911 in
2814 2857 3068 2922 circuitu,
3110 2857 3197 2911 ubi
3245 2855 3471 2911 ecclesia

1886 2946 2273 3013 ted'iIICarctur,
2303 2947 2394 3002 ubi
2416 2945 2643 3001 oliicinze
2671 2954 3140 3005 construct-entur.
3174 2954 3227 3000 et
3276 2954 3471 2999 cretera

1888 3034 2279 3089 monachorum
2308 3035 2434 3089 vita":
2457 3035 2644 3100 utilia;
2677 3035 3100 3106 consignataque
3130 3034 3248 3089 loco
3276 3033 3339 3087 B.
3368 3032 3475 3088 Ge-

1888 3138 2128 3189 remaro,
2156 3124 2230 3178 ita
2261 3125 2514 3180 discessit
2545 3126 2613 3180 ab
2639 3139 2725 3180 eo.

1957 3208 2112 3269 Tune
2158 3214 2351 3271 beatus
2405 3214 2736 3271 Geremarus
2774 3229 2883 3269 una
2925 3214 3333 3271 cum-omnibus
3369 3214 3473 3269 sibi

1886 3304 2214 3370 commissis,
2248 3304 2315 3359 ad
2337 3304 2714 3361 aedificandum
2734 3304 2918 3361 locum
2956 3306 3195 3361 advenit.
3218 3305 3479 3361 Ediﬁca—

1887 3393 1966 3447 vit
2020 3393 2094 3449 ibi
2139 3393 2429 3450 ecclesiam
2468 3394 2523 3450 in
2566 3394 2786 3452 'honore
2839 3405 3040 3452 sancta:
3085 3404 3140 3450 et
3191 3395 3477 3452 individua)

1888 3482 2187 3549 Trinitatis,
2229 3494 2541 3557 sanctasque
2567 3485 2751 3542 Maria:
2772 3487 3019 3558 virginis,
3044 3495 3100 3544 et
3130 3486 3192 3543 S.
3224 3486 3474 3551 Joannis,

1889 3574 2172 3646 sanctique
2203 3575 2350 3633 Petri
2379 3577 2750 3647 apostolorum
2791 3579 3072 3649 principis,
3122 3587 3177 3634 et
3206 3577 3281 3633 ibi
3310 3587 3476 3637 totam.

1890 3668 2258 3729 luereditatem
2300 3683 2452 3725 suam
2499 3668 2745 3725 tradidit.
2796 3670 3115 3726 Coustruxit
3171 3670 3245 3725 ibi
3282 3669 3477 3724 “omnia

1889 3761 2201 3815 necessaria
2254 3762 2573 3817 monasticae
2622 3761 2748 3816 vita:
2792 3776 3052 3832 congrua,
3099 3759 3187 3816 vel
3218 3768 3366 3815 artes
3392 3758 3478 3814 di-

1890 3870 2097 3921 versas,
2138 3871 2274 3926 quas
2317 3856 2459 3911 intra
2512 3856 2899 3912 monasterium
2943 3855 3183 3912 exerceri
3212 3855 3345 3909 utile
3371 3862 3480 3924 est,

1891 3952 1951 3999 ut
1990 3960 2099 4000 non
2146 3953 2295 4002 esset
2342 3934 2627 4002 monachis
2676 3946 2979 4002 necessitas
3014 3946 3244 4017 vagandi
3284 3945 3429 3999 foras
3461 3961 3475 3997 :

1895 4051 1915 4085 ‹
1952 4033 2088 4099 Quia
2121 4033 2291 4102 (sicut
2340 4034 2894 4091 beatus‘Benedictus
2925 4032 3327 4105 dicit)‘omnino
3356 4032 3479 4087 aui»

1891 4139 2081 4180 manus
2116 4139 2306 4180 eorum
2347 4140 2455 4180 non
2501 4127 2716 4196 expedit
2765 4125 2969 4198 (Regni.
3006 4140 3126 4194 cap.
3160 4125 3271 4193 66).
3310 4143 3330 4175 ι
3364 4124 3477 4177 At».

1892 4214 2105 4269 dientes
2157 4224 2337 4269 autem
2374 4216 2798 4285 circumquaque
2844 4215 3092 4270 monachi
3137 4214 3480 4267 continebant

1892 4305 1960 4356 ad
1987 4318 2136 4368 eum,
2164 4305 2317 4374 quasi
2344 4304 2411 4359 ad
2452 4305 2666 4359 hortum
2713 4306 2953 4360 omnium
3004 4305 3291 4369 virtutum;
3342 4317 3485 4372 quos,

1892 4392 1982 4447 ille
2007 4394 2161 4447 verbi
2189 4394 2283 4449 Dei
2312 4394 2488 4463 gratia
2520 4394 2774 4449 reficiens
2795 4394 3124 4450 admonebat
3150 4402 3209 4448 ut
3253 4394 3307 4448 in
3354 4406 3481 4461 pro-

1822 4484 2071 4567 Dposito
2110 4499 2208 4539 suo
2255 4495 2684 4553 perseverarent,
2711 4495 2767 4542 et
2795 4501 2826 4540 a
2872 4485 3242 4557 voluptatibus
3291 4484 3478 4539 mundi

1894 4573 2100 4628 alienos
2127 4590 2187 4629 se
2221 4574 2485 4631 facerent.

1964 4664 2350 4720 Consummato
2398 4674 2582 4729 autem
2614 4666 2761 4721 omni
2800 4681 2965 4736 opere
3002 4680 3121 4731 suo,
3151 4665 3270 4720 fixit
3310 4680 3370 4723 se
3427 4681 3480 4725 In

1890 4755 2157 4820 oratione,
2190 4765 2352 4825 atque
2380 4757 2680 4828 permansit
2714 4757 2767 4811 in
2794 4756 2886 4811 Dei
2913 4772 3075 4827 opere
3120 4759 3279 4812 annis
3307 4759 3483 4813 tribus

1893 4854 1949 4901 et
1978 4848 2253 4903 mensibus
2280 4864 2401 4914 sex,
2453 4858 2510 4904 et
2555 4849 2634 4904 sic
2668 4849 2721 4903 in
2748 4849 2978 4904 Domino
2999 4849 3176 4905 emisit
3200 4850 3478 4919 spiritum,

1896 4938 2253 5008 transivitque
2297 4940 2364 4994 ad
2419 4940 2613 5009 gaudia
2680 4940 3018 5011 angelorum.
3068 4940 3348 5009 Sepultum
3398 4950 3483 4994 est

1893 5043 2090 5097 corpus
2117 5027 2236 5096 ejus
2265 5030 2318 5083 in
2369 5031 2558 5085 eadem
2605 5030 2834 5086 ecclesia
2872 5046 2996 5085 cum
3029 5044 3226 5100 magno
3275 5030 3482 5085 honore

1892 5130 1948 5175 et
1978 5120 2303 5186 reverentia,
2330 5121 2416 5176 ubi
2454 5136 2552 5190 per
2568 5122 2826 5177 meritum
2856 5120 2974 5190 ejus
3019 5120 3187 5175 multa
3215 5120 3480 5175 beneficia

1893 5219 2237 5280 praestantur.
2267 5211 2350 5266 Ad
2401 5212 2705 5282 sepulcrum
2731 5211 2848 5281 ejus
2885 5211 3012 5283 aegri
3043 5212 3266 5265 veniunt
3303 5217 3362 5264 et
3387 5223 3477 5263 sa»-

1892 5314 2126 5372 nantur;
2160 5305 2289 5360 caeci
2322 5304 2723 5371 illuminantur;
2762 5305 2938 5360 claudi
2990 5303 3265 5376 gressibus
3310 5294 3482 5355 refor-

1892 5407 2143 5464 mantur;
2194 5398 2373 5454 surdis
2437 5398 2654 5454 auditus
2704 5404 3028 5468 reparatur;
3093 5395 3366 5451 dannoncs
3411 5392 3489 5451 ab.

1890 5488 2129 5543 obsessis
2159 5488 2478 5559 corporibus
2505 5488 2830 5557 ell'ugantur,
2855 5496 2910 5544 et
2933 5487 3085 5543 multi
3114 5500 3144 5540 a
3171 5483 3340 5539 variis
3366 5482 3481 5540 lan-~

1892 5578 2148 5649 guoribus
2201 5586 2486 5643 sanantur,
2530 5588 2827 5648 praestante
2871 5578 3099 5633 Domino
3128 5583 3314 5632 nostro
3351 5566 3480 5628 .lcsit

1890 5667 2128 5735 Christo,
2156 5669 2240 5725 cui
2276 5677 2357 5727 est
2382 5671 2554 5723 honor
2576 5678 2631 5726 et
2658 5669 2850 5740 gloria,
2881 5669 2999 5724 laus
3018 5676 3074 5723 et
3102 5675 3349 5738 potestas
3382 5676 3479 5734 per

1892 5752 2101 5817 inﬁnita
2131 5760 2326 5818 secula
2353 5761 2691 5817 sarculorum.
2727 5763 2921 5817 Amen.

2177 5851 2406 5921 Explicit
2446 5851 2558 5908 Vua
2582 5851 2639 5909 S.
2670 5848 2937 5908 Ceremari
2959 5850 3179 5907 abbatis.

1843 5942 1931 5960 λυ..-
