4032 6326
521 341 721 433 om

1588 336 1680 394 AD
1716 334 1868 393 OPP.
1896 332 2056 390 VEN.
2090 328 2415 389 GUlBERTl
2454 327 2543 384 DE
2569 328 2965 389 NOVIGENTO

3700 332 3822 391 ιω

604 476 3806 510 W

590 621 995 685 PROLOGUS
1037 620 1119 682 IN
1162 619 1423 681 VITAM
1468 619 1535 679 Β.
1577 618 1897 680 SIMONIS
1939 616 2271 678 COMITIS
2312 614 2909 692 CRESPElENSES,
2968 616 3070 679 ET
3115 616 3491 681 MONACHI
3524 618 3829 685 ORDINIS

1966 718 2028 777 S.
2073 715 2524 779 BENEDICTI.

654 1008 918 1075 Quoniam
949 1008 1304 1079 quorumdam
1335 1007 1574 1063 virorum
1603 1007 1698 1063 Dei
1750 1004 2058 1062 obsecratio
2104 1012 2161 1060 et
2186 1008 2402 1076 Aquos
2443 1018 2733 1076 perversos
2784 1009 3008 1079 reperit,
3056 1024 3086 1064 a
3138 1010 3498 1079 perversitate
3557 1012 3831 1081 divertens,

580 1096 884 1159 necessitas
933 1096 1102 1150 instat
1145 1104 1205 1151 ut
1249 1096 1315 1152 de
1353 1096 1495 1151 beati
1527 1094 1625 1148 viri
1660 1091 1897 1148 Simonis
1925 1092 2155 1158 actibus,

582 1186 651 1239 ad
691 1185 979 1241 utilitatem
1020 1186 1378 1264 audientium,
1409 1185 1611 1254 aliquid
1642 1184 1954 1254 loquamur;
2007 1192 2158 1252 gesta

583 1275 727 1332 illius
764 1277 973 1347 singula
1003 1275 1337 1346 colligentes,
1374 1284 1427 1329 et
1450 1283 1596 1330 certa
1636 1282 2010 1344 agnoscentes,
2035 1286 2157 1325 ver-

584 1364 668 1419 bis
706 1366 979 1435 explicare
1033 1366 1365 1428 curavimus,
1409 1375 1464 1419 et
1493 1364 1708 1432 scriptis
1732 1374 1788 1419 et
1816 1363 1995 1418 verbis
2025 1361 2160 1417 assi—

582 1469 766 1524 gnare.
791 1457 1017 1527 Dignum
1042 1458 1240 1527 quippe
1267 1464 1371 1522 est,
1403 1455 1546 1525 quod
1567 1469 1730 1525 opere
1756 1456 1941 1526 gessit,
1966 1454 2160 1510 litteris

580 1546 867 1610 ostentari,
925 1543 1078 1614 cujus
1121 1546 1231 1601 vita
1282 1544 1414 1601 nulli
1444 1544 1725 1600 hominum
1783 1553 2023 1615 tempore
2055 1545 2159 1600 isto

581 1633 754 1701 potuit
774 1636 1102 1705 comparari.
1129 1635 1321 1693 Merito
1345 1637 1626 1704 Dominus,
1658 1644 1719 1690 ut
1762 1633 2024 1705 scriptum
2055 1644 2157 1702 est,

579 1723 844 1781 mirabilis
889 1727 1211 1796 praedicatur
1260 1729 1317 1784 in
1368 1730 1572 1786 sanctis
1622 1729 1796 1794 (Paul.
1846 1746 2012 1790 vatt.
2045 1732 2156 1801 36).

588 1832 608 1867 ι
639 1814 875 1886 Spiritus
904 1819 1047 1876 enim
1081 1820 1247 1891 ipsius
1269 1820 1358 1877 ubi
1386 1821 1503 1877 vult
1524 1821 1696 1893 spirat
1720 1822 1899 1892 (Joan.
1936 1838 2019 1886 tu,
2046 1821 2154 1894 8);»

2264 1110 2428 1166 opere
2456 1096 2751 1167 simplices,
2776 1099 2957 1154 animo
2998 1100 3335 1166 innocentes,
3392 1103 3616 1173 eloquio
3647 1107 3834 1173 dulces,

2264 1185 2530 1255 simulque
2556 1197 2760 1243 saneta:
2786 1190 2877 1245 Dei
2910 1190 3168 1246 Ecclesia:
3212 1193 3393 1248 socios
3419 1195 3600 1248 reddit
3648 1198 3837 1264 pariter

2262 1286 2318 1334 et
2344 1277 2641 1348 adjutores.
2694 1279 2802 1335 Sed
2856 1280 2909 1335 in
2957 1295 3065 1350 quo
3118 1283 3291 1349 magis
3346 1298 3514 1354 quam
3547 1284 3602 1338 in
3635 1285 3837 1345 Simone

2264 1369 2526 1425 Dominus
2568 1369 2835 1425 mirabilis
2863 1370 3252 1427 denuntiatur?
3278 1372 3468 1442 lupum
3515 1387 3749 1443 namque
3773 1377 3837 1430 vi-

2265 1465 2364 1532 dit,
2386 1473 2441 1521 et
2471 1480 2669 1536 agnum
2698 1466 3195 1523 mansuetissimum
3233 1467 3501 1531 reddidit,
3560 1476 3836 1537 raptorem,

2262 1563 2319 1611 et
2367 1570 2525 1612 ovem
2576 1556 2903 1613 innocentiae
2960 1556 3255 1613 destinavit
3305 1549 3647 1629 (Autumn.
3700 1575 3835 1614 sem.

2261 1646 2352 1713 M,
2382 1646 2460 1702 De
2488 1645 2731 1719 Sancta).
2765 1647 2830 1703 Et
2855 1647 2983 1717 quia
3010 1648 3064 1703 in
3095 1647 3319 1704 Simone
3353 1648 3719 1703 denuntiatur
3750 1649 3835 1702 mi-

2262 1737 2493 1805 rabilis,
2544 1738 2812 1794 mirabilia
2864 1738 2982 1808 ejus
3025 1754 3147 1811 quae
3175 1738 3230 1794 in
3272 1737 3507 1794 Simone
3556 1748 3838 1794 monstrare

2263 1828 2517 1899 dignatus
2542 1836 2647 1895 est,
2671 1842 2894 1885 nwesse
2917 1837 3021 1898 est,
3054 1828 3271 1886 silentio
3308 1843 3422 1884 non
3451 1827 3807 1899 reprimenda.

583 1977 3822 2019 mw

1375 2142 1768 2277 VITA
1860 2143 2347 2274 BEATI
2446 2149 2716 2277 SIlVl
2724 2152 2930 2276 ON
2944 2150 3085 2278 IS

1850 2378 2126 2437 COMITIS
2150 2380 2640 2438 CRESPEIENSIS

1328 2555 2000 2651 AUCTORE
2126 2553 3099 2649 SYNCHRONO.

1540 2748 1754 2830 Hujus
1778 2751 2003 2827 festum
2038 2752 2125 2809 est
2161 2764 2208 2809 ιι
2237 2743 2557 2808 Kalendas
2590 2744 2908 2814 Octobris.

1093 3090 1319 3149 CAPUT
1354 3087 1645 3146 PRIMUM.

652 3186 774 3241 Fuit
803 3184 967 3257 igitur
993 3183 1075 3238 vir
1100 3183 1319 3252 quidam
1361 3181 1549 3237 Simon
1584 3177 1821 3243 nomine,
1850 3174 1961 3231 vita
1990 3172 2155 3230 mira-

577 3275 724 3343 bilis,
760 3275 999 3331 moribus
1055 3273 1324 3344 egregius,
1384 3279 1437 3326 et
1492 3270 1655 3342 672
1689 3282 1883 3340 genere
1906 3264 2154 3336 insignis.

578 3365 777 3421 Consul
832 3366 1084 3433 primum,
1133 3372 1189 3419 et
1245 3363 1387 3433 regis
1429 3360 1761 3416 Francorum
1819 3356 2152 3427 primipilus,

579 3455 772 3509 deinde
797 3456 1095 3511 monachus
1125 3452 1539 3522 probatissimus
1567 3448 1791 3505 ell'ectus
1845 3457 1946 3501 est.
1994 3446 2155 3500 Pater

578 3560 696 3614 ejus
744 3545 1075 3615 Rodolphus,
1102 3544 1305 3599 divitiis
1350 3551 1406 3598 et
1451 3542 1655 3597 viribus
1702 3538 2149 3610 potentissimus;

579 3643 753 3689 mater
793 3636 963 3690 Adela
1012 3635 1327 3690 vocabatur.
1373 3632 1617 3700 Qualiter
1660 3645 1790 3701 ergo
1820 3627 2150 3699 propositum

579 3724 702 3780 ﬁdei
749 3726 817 3779 ad
864 3725 1164 3796 proiectum
1208 3723 1462 3795 produxit
1504 3721 1773 3787 actionis,
1826 3718 2152 3774 narrationis

576 3816 712 3870 ordo
738 3817 1052 3871 enucleatus
1081 3816 1377 3871 exhibebit.

648 3906 700 3960 ls
726 3906 907 3974 itaque
935 3921 1059 3960 cum
1078 3905 1193 3973 jatn
1249 3906 1302 3958 in
1352 3918 1609 3974 primaevo
1660 3900 1959 3970 iuventutis
2001 3898 2150 3960 ﬂore,

578 4004 696 4050 arte
726 3994 949 4049 militari
978 3994 1177 4049 multos
1199 3993 1509 4061 excelleret,
1540 4002 1594 4048 et
1619 3994 1670 4046 in
1704 3991 1789 4046 bis
1816 4006 1935 4059 qua.-
1967 3988 2150 4042 mundi

577 4094 706 4140 sunt
730 4099 867 4156 pene
914 4094 1058 4149 totus
1098 4085 1354 4151 inhiaret,
1388 4084 1525 4140 forte
1570 4082 1659 4138 die
1690 4082 1923 4153 quadam
1949 4079 2001 4133 in
2024 4093 2154 4148 agro

575 4179 644 4232 ad
663 4176 1008 4248 spatiandum
1037 4192 1374 4246 progressus,
1401 4191 1562 4230 manu
1596 4184 1788 4231 tenens
1812 4172 2151 4243 accipitrem,

575 4279 634 4322 ut
670 4283 825 4345 avem
850 4269 1111 4339 capiendo
1135 4269 1427 4337 deciperet,
1478 4267 1717 4338 impegit.
1771 4266 1841 4321 At
1880 4265 1995 4335 ipse
2022 4262 2152 4318 nihil

574 4358 845 4427 accipiens
891 4358 1148 4426 deceptus
1189 4368 1291 4412 est.
1344 4356 1498 4425 Quod
1545 4356 1768 4422 factum,
1819 4365 1876 4409 ut
1924 4356 2153 4423 ipsemet

577 4447 865 4514 referebat,
899 4446 1021 4503 talis
1050 4458 1103 4503 et
1130 4457 1237 4503 tant
1264 4460 1514 4515 perversa
1556 4447 1809 4519 cogitatio
1858 4444 2147 4499 subsecuta

575 4550 677 4603 est,
708 4550 769 4594 ut
814 4556 974 4597 omne
999 4544 1141 4612 quod
1166 4542 1365 4597 bonum
1397 4549 1501 4605 est,
1536 4546 1862 4609 proponeret
1906 4552 2009 4591 non
2033 4535 2151 4590 dili-

574 4646 724 4699 gere,
755 4630 953 4686 malum
991 4646 1121 4687 vero
1147 4630 1293 4686 nullo
1318 4630 1478 4685 modo
1506 4627 1703 4690 odisse,
1738 4627 1876 4682 sicut
1904 4626 1970 4681 de
1996 4626 2150 4679 beato

573 4720 868 4778 Benedicto
893 4724 1150 4791 scriptum
1189 4722 1458 4791 reperitur
1481 4719 1746 4790 (Gnscon.
1786 4718 2012 4787 Dialog.,
2055 4717 2146 4769 lib.

574 4825 639 4873 tt,
668 4825 719 4866 c.
743 4810 836 4880 2);
865 4812 989 4880 quia
1019 4827 1114 4868 ave
1142 4811 1834 4881 recedente,'suggestionis
1864 4809 2150 4863 inmmnda:

574 4903 734 4958 dente
757 4905 1021 4959 acerrime
1053 4905 1350 4959 mordetur.
1380 4903 1485 4958 Sed
1507 4901 1683 4958 saneti
1721 4900 1953 4972 Spiritus
1973 4901 2146 4971 gratia

574 5002 681 5047 tam
706 4996 885 5049 subito
910 4995 1237 5065 perversitas
1269 4992 1355 5047 illa
1384 4993 1675 5061 disparuit,
1724 4990 2147 5074 et.diabolicutn

573 5081 725 5148 illud,
758 5091 818 5137 ut
851 5084 995 5153 quod
1039 5084 1191 5152 prius
1237 5080 1513 5151 diligebat,
1558 5080 1779 5134 omnino
1818 5078 2147 5146 displiceret,

573 5171 755 5241 ibique
776 5183 981 5228 sancta:
1006 5171 1433 5227 conversationis
1462 5170 1674 5224 initium
1699 5184 1918 5223 sumens
1949 5169 2146 5222 bontnn

568 5262 769 5333 iugiter
794 5264 849 5318 in
879 5262 1154 5317 voluntate
1183 5262 1389 5327 habuit,
1418 5262 1542 5317 licet
1580 5260 1927 5315 saecularibus
1976 5259 2149 5313 immi-

574 5362 693 5407 stus
718 5367 883 5421 opere
907 5351 1132 5422 implere
1158 5352 1424 5422 nequiret.

645 5443 875 5499 Parente
902 5459 1031 5500 vero
1065 5453 1294 5514 utroque
1334 5445 1607 5513 orbatum,
1661 5457 1756 5498 rex
1811 5442 2147 5498 Francorum

573 5531 852 5602 Philippus
896 5535 1249 5607 malignitatis
1300 5535 1492 5605 spiritu
1528 5545 1824 5605 permotus,
1856 5550 1976 5605 quae
2027 5534 2148 5602 jure

573 5633 913 5678 successerat
960 5625 1118 5694 hujus
1169 5625 1531 5681 hmrcditatent
1581 5626 1858 5694 subripere
1887 5624 2144 5694 gestiens,

576 5724 756 5784 utpote
772 5714 1024 5781 juvenem
1043 5718 1210 5773 solum
1232 5718 1349 5772 sine
1375 5717 1617 5783 consilio,
1637 5717 1839 5787 absque
1861 5726 2142 5785 parentum

2187 3064 2235 3125 Β
2262 3080 2559 3151 adjutorio,
2610 3080 2801 3136 leviter
2843 3094 3151 3154 expugnare
3198 3083 3552 3155 existimans,
3615 3087 3822 3159 primum

2260 3173 2471 3229 insidiis
2503 3174 2723 3229 molitur
2750 3185 3034 3245 appetere;
3086 3176 3210 3231 dein
3243 3177 3297 3231 in
3326 3187 3524 3248 aperto
3549 3178 3671 3236 belli
3700 3196 3829 3236 com-

2257 3272 2437 3320 movet
2486 3273 2882 3333 tempestatem.
2931 3263 3106 3335 Coepit
3136 3282 3373 3336 namque
3405 3268 3526 3339 ipse
3568 3284 3659 3325 rex
3696 3272 3823 3341 igne,

2254 3353 2458 3423 przeda,
2493 3353 2689 3420 gladio,
2723 3354 2877 3409 villas
2905 3354 3219 3422 destruere;
3244 3358 3475 3425 pradia,
3526 3361 3825 3431 municipia,

2256 3453 2309 3499 et
2338 3459 2457 3513 quae
2485 3443 2602 3512 ejus
2631 3445 2974 3510 videbantur,
3001 3455 3160 3516 prout
3210 3458 3450 3518 poterat,
3483 3454 3704 3507 omnino
3727 3452 3825 3507 dis-

2229 3535 2452 3603 ~sipare.
2485 3536 2532 3590 ls
2561 3551 2688 3592 vero
2717 3537 2984 3608 intrepide
3011 3538 3248 3594 conlisus
3279 3540 3332 3594 in
3356 3541 3612 3608 Domino,
3630 3545 3826 3612 erigens

2255 3641 2314 3683 se
2343 3636 2533 3683 contra
2564 3642 2641 3695 se,
2677 3630 2743 3684 ad
2784 3629 2887 3685 hoc
2912 3630 3056 3684 enim
3098 3639 3157 3684 ut
3194 3630 3395 3687 malum
3421 3644 3613 3702 ageret
3646 3635 3825 3688 invitus

2258 3718 2593 3786 trahebatur,
2626 3719 2906 3791 prmcingit
2936 3734 3015 3788 se,
3047 3729 3101 3776 et
3131 3733 3403 3792 praeparat
3441 3723 3660 3780 fortiter
3705 3726 3823 3780 resi-

2256 3819 2422 3867 stere.
2454 3812 2698 3867 Coneitat
2725 3826 2956 3881 namque
2986 3820 3200 3881 gentem
3228 3828 3405 3879 suam,
3432 3824 3490 3869 et
3520 3817 3667 3871 velut
3688 3817 3824 3870 [τρη-

2256 3903 2390 3960 dens
2425 3905 2532 3971 leo,
2561 3905 2689 3960 licet
2740 3905 2904 3960 corde
2935 3904 3144 3971 dolens,
3192 3906 3479 3974 perturbat
3512 3918 3568 3963 et
3595 3910 3827 3963 devastat

2254 3995 2397 4063 quod
2446 3994 2497 4049 in
2532 3996 2672 4064 regis
2700 3994 2900 4063 reperit
2924 4002 3213 4064 potestate,
3255 4003 3311 4048 et
3360 4000 3533 4052 donec
3562 3999 3823 4068 proprium

2253 4083 2547 4153 possideat,
2578 4084 2772 4139 asserit
2797 4083 2942 4138 nullo
2970 4084 3129 4139 modo
3174 4085 3422 4140 retroire.
3457 4087 3659 4157 Ecquis
3686 4089 3826 4142 boni-

2258 4175 2381 4230 tatis
2414 4176 2622 4231 Domini
2657 4175 3044 4245 plenitudinem
3095 4190 3201 4230 non
3252 4177 3561 4232 admiretur
3612 4179 3664 4232 in
3710 4179 3824 4233 illo?

2254 4278 2382 4319 ecce
2413 4264 2553 4318 inter
2578 4272 2657 4318 tot
2682 4263 2889 4336 ﬂagella
2918 4264 3151 4334 positus,
3174 4263 3440 4319 bellorum
3478 4268 3712 4336 negotiis
3737 4267 3821 4319 im.

2253 4357 2484 4427 peditus.
2515 4366 2692 4411 tamen
2716 4357 2853 4425 patri
2880 4357 3176 4412 condolens
3196 4357 3309 4427 jam
3339 4357 3601 4413 defuncto
3620 4358 3824 4428 (quippe

2253 4463 2437 4518 quem,
2470 4448 2593 4502 dum
2625 4448 2802 4502 adhuc
2828 4448 3053 4510 viveret,
3073 4449 3233 4502 nimis
3254 4448 3637 4504 saecularibus'
3657 4449 3821 4502 inten-

2253 4547 2387 4603 tum,
2444 4537 2627 4591 mundi
2685 4537 3067 4607 cupiditatibus
3128 4546 3353 4593 noverat
3389 4539 3631 4609 graviter
3657 4538 3822 4593 irreti-

2253 4632 2389 4690 tum,
2419 4623 2697 4678 castellum
2725 4626 3020 4694 quoddam,
3053 4640 3159 4693 quo
3187 4626 3288 4681 sibi
3315 4625 3610 4695 sepulturae
3656 4628 3819 4681 locum

2226 4724 2668 4786 .przeparaverat,
2722 4716 2839 4783 ejus
2898 4716 3197 4785 possessori
3254 4716 3305 4770 vi
3370 4718 3733 4786 subripuisse,
3774 4728 3819 4770 et

2252 4805 2395 4860 velut
2431 4808 2707 4876 proprium
2765 4808 3061 4862 detinuisse
3104 4808 3473 4878 meminerat),
3528 4808 3817 4863 Romanum

2248 4899 2558 4971 pontiﬁcem
2578 4900 2703 4970 quid
2722 4915 2883 4969 super
2914 4901 3015 4955 hoc
3044 4910 3265 4955 acturus
3294 4910 3463 4966 esset,
3485 4910 3540 4955 et
3566 4900 3820 4970 quomodo

2249 4992 2388 5062 patri
2415 4995 2493 5047 sic
2523 4989 2776 5048 defuncto
2818 4993 3105 5048 subvenire
3150 4993 3437 5063 potuisset,
3464 5009 3563 5063 per
3587 4996 3814 5048 nuntium

2250 5082 2499 5139 contulit.

2876 5172 3105 5228 CAPUT
3144 5174 3201 5229 ΙΙ.

2318 5261 2463 5331 Papa
2507 5276 2634 5317 vero
2664 5260 2977 5331 Gregorius,
3009 5265 3099 5331 qui
3133 5264 3486 5320 lldehrannus
3516 5266 3692 5319 dictus
3720 5274 3813 5329 est,

2252 5354 2320 5407 ab
2357 5368 2421 5407 eo
2448 5368 2607 5422 quem
2661 5351 2855 5421 injuste
2890 5354 3187 5408 abstulerat
3224 5355 3341 5407 loco
3372 5357 3592 5423 penitus
3635 5357 3812 5407 tolleno

2251 5444 2397 5509 dum,
2428 5453 2483 5498 et
2505 5459 2602 5513 pro
2624 5445 2801 5497 anima
2832 5443 3117 5499 missarum
3150 5442 3432 5504 solemnia,
3460 5452 3816 5502 eteemosvna-

2248 5551 2477 5605 rumque
2525 5536 2847 5607 largitatem,
2878 5536 2989 5591 Deo
3031 5536 3345 5605 suppliciter
3387 5540 3686 5599 oll'erenda,
3734 5541 3814 5603 pie

2251 5630 2508 5683 mandare
2550 5630 2779 5684 curavit.
2833 5629 3017 5686 Simon
3070 5644 3199 5686 vero
3238 5629 3470 5699 benigne
3510 5629 3813 5684 mandatum

2251 5719 2563 5789 suscipiens,
2601 5720 2653 5775 in
2690 5720 2935 5775 omnibus
2988 5733 3106 5790 quae
3155 5718 3256 5774 sibi
3306 5731 3676 5789 proposuerat,
3720 5719 3811 5779 ob-
