4032 6336
187 423 326 482 1213

1078 421 1207 480 Dl'l‘.
1235 455 1305 466 —
1335 423 1497 481 VITA
1536 425 1597 480 Β.
1627 424 1899 483 SIMONIS
1928 427 2087 485 COM.
2117 426 2623 485 CRESPEIENSIS.

3303 432 3392 487 121
3407 433 3438 487 4

183 535 533 613 icmperavit;
568 548 766 607 corpus
797 535 1002 593 scilicet
1029 552 1335 605 removens,
1364 547 1419 595 et
1446 538 1755 607 ecclesiam,
1785 549 1832 606 Α
1856 549 1913 595 et
1955 539 2252 596 obeditioni
2278 540 2551 611 subjectus
2605 540 2722 614 lege
2773 528 2951 599 divina
2998 540 3315 599 redderetur
3351 545 3437 599 in-

175 649 299 705 qua:
349 630 494 689 beati
544 628 807 699 Arnulphi
872 628 1107 696 dicitur,
1168 629 1308 699 apud
1358 629 1750 700 Crispiniacum

175 735 446 789 castrum,
505 722 595 777 ubi
642 720 959 777 translatum
1008 731 1113 786 est,
1138 721 1205 776 de
1243 721 1498 777 facultate
1539 719 1754 792 propria

173 812 487 883 largissime
532 810 766 875 dotavit;
822 811 1019 877 viduis,
1068 810 1347 881 orphanis,
1399 822 1454 865 et
1506 808 1757 864 omnibus

172 903 547 975 indigentibus
570 903 745 958 victus
782 904 1085 958 necessaria
1116 903 1446 966 amplissime
1494 902 1755 971 erogavit.

171 994 299 1049 llrec
333 991 470 1048 ﬁdes
498 1007 651 1053 vera,
694 999 749 1045 et
784 991 899 1046 haec
936 1000 1017 1046 est
1066 992 1283 1047 dilectio
1334 991 1667 1055 ﬁrmissima,
1705 990 1757 1044 in

169 1097 279 1153 qua
312 1097 423 1137 non
468 1080 709 1137 carnalis
755 1081 850 1136 sed
884 1080 990 1135 vita
1026 1091 1287 1151 perpetua
1329 1081 1620 1150 cogitatur,
1650 1094 1757 1132 non

168 1186 302 1226 caro
332 1171 567 1227 moritur
591 1171 685 1226 sed
708 1170 761 1225 in
788 1179 1048 1226 aeternum
1071 1171 1276 1226 victura
1307 1185 1483 1223 anima
1507 1168 1763 1237 proponi-

168 1270 280 1321 tur.
314 1259 453 1314 Erat
482 1260 567 1314 vir
601 1259 695 1315 Dei
726 1260 829 1315 hoc
872 1260 925 1313 in
971 1259 1117 1314 facto
1140 1259 1459 1329 perterritus
1494 1259 1686 1313 timore
1714 1256 1759 1309 si

168 1350 438 1404 mundum
491 1359 650 1404 antea
711 1350 1215 1419 contemptibilem,
1273 1358 1401 1404 tunc
1444 1348 1761 1404 horribilem

166 1440 467 1510 pidicavit;
511 1452 566 1497 et
611 1442 658 1497 si
700 1442 755 1497 in
802 1442 986 1512 aliquo
1025 1441 1309 1507 dilexerat,
1339 1443 1494 1512 quasi
1529 1454 1760 1511 anguem

167 1544 514 1588 venenosum
547 1531 859 1602 fugiendum
889 1533 1194 1604 perdocuit,
1225 1541 1280 1587 et
1323 1532 1451 1589 licet
1501 1532 1761 1595 mundiali

166 1622 478 1677 certamine
512 1631 568 1678 et
592 1622 719 1679 belli
764 1624 997 1694 negotiis
1023 1625 1358 1680 detineretur
1397 1624 1757 1689 extrinsecus,

168 1711 383 1767 militiae
404 1711 621 1767 Domini
653 1714 1018 1770 interveniens
1042 1728 1191 1769 arma
1220 1714 1495 1769 Dominica
1517 1714 1763 1787 gestabat

169 1803 530 1861 intrinsecus.
562 1804 695 1860 Nam
738 1821 862 1862 eum
891 1806 1004 1861 fere
1035 1806 1289 1872 triennio,
1326 1806 1511 1868 labore
1542 1805 1760 1860 militari

1856 640 2115 688 Sll‘UClllS.

1928 720 2223 775 Revertens
2247 722 2411 792 igitur
2443 731 2631 779 sancta
2657 722 2997 794 jncunditate
3024 724 3281 793 repletus,
3313 740 3436 784 rur-

1857 825 1949 866 sus
1988 825 2167 881 regem
2206 814 2543 881 aggredicns,
2586 823 2860 871 certamen
2910 824 2969 869 ut
3006 815 3161 869 miles
3202 814 3440 883 optimus

1859 901 2217 971 amplexatur,
2254 914 2308 956 et
2342 903 2515 959 donec
2542 906 2716 959 victor
2739 906 3017 971 existeret,
3069 905 3191 959 licet
3236 906 3439 958 invitus

1860 1009 1890 1047 a
1917 993 2036 1048 belli
2069 993 2283 1062 negotio
2308 994 2533 1048 minime
2564 996 2858 1050 relaxatur.
2905 995 2987 1050 Ad
3030 995 3273 1050 ultimum
3312 1010 3441 1049 vero

1859 1082 2077 1152 regione
2104 1081 2446 1151 depopulata,
2475 1090 2531 1134 et
2562 1084 2838 1151 utriusque
2881 1084 3083 1139 laboris
3120 1084 3243 1156 [al.,
3271 1094 3327 1139 et
3356 1085 3438 1137 vi-

1860 1182 1977 1228 ctus
2008 1170 2336 1245 laborisque]
2364 1173 2513 1241 gravi
2556 1164 2792 1242 pendere
2819 1175 3127 1243 depressus,
3156 1176 3439 1230 consilium

1860 1262 1925 1317 de
1953 1276 2085 1331 pace
2107 1262 2427 1331 concipitur,
2458 1262 2895 1331 colloquiumque
2924 1262 2991 1315 ab
3025 1273 3254 1334 utroque
3284 1281 3439 1320 man-

1860 1354 2040 1406 datur.
2072 1349 2212 1417 Quid
2237 1350 2423 1419 plura?
2452 1353 2513 1405 lit
2537 1360 2833 1406 conventus
2862 1351 3151 1417 nobilium;
3180 1354 3439 1422 judicium

1861 1445 1976 1499 ﬁta
2004 1443 2369 1513 sapientibus;
2398 1457 2516 1513 quae
2551 1443 2674 1511 jure
2702 1444 3003 1514 contigerat
3041 1444 3329 1499 baereditas
3358 1444 3441 1498 Si-

1860 1536 2006 1590 moni
2030 1534 2302 1602 iudicatur
2331 1543 2386 1589 et
2414 1534 2691 1601 redditur;
2728 1549 2833 1605 pax
2886 1543 2941 1590 et
2983 1535 3271 1591 concordia
3310 1550 3439 1591 con-

1864 1627 2170 1687 ﬁrmantur.

2469 1716 2699 1774 CAPUT
2738 1719 2827 1774 IV.

1933 1809 2073 1865 Pace
2119 1809 2283 1879 igitur
2334 1811 2605 1878 restituta,
2661 1818 2717 1865 et
2767 1825 2888 1880 qua:
2940 1809 3069 1865 belli
3112 1809 3445 1881 longitudine

168 1897 498 1966 implicitus,
536 1912 664 1953 caro
695 1899 835 1954 illius
868 1899 1108 1975 requiem
1158 1915 1261 1954 non
1309 1899 1555 1965 haberet,
1602 1906 1761 1954 nocte
1793 1893 1835 1947 Β
1864 1898 2165 1953 inordinata
2216 1891 2557 1961 videbantur.
2613 1899 2775 1955 rebus
2824 1899 3077 1955 omnibus
3123 1899 3398 1954 collocatis
3426 1939 3441 1961 .

172 1995 387 2053 tamen,
417 2003 692 2043 armorum
734 1988 1051 2060 fatigatione
1083 1990 1305 2046 minime
1344 1992 1611 2057 detentus,
1645 1988 1762 2046 solo

171 2085 387 2130 tantum
410 2079 608 2133 comite
635 2090 921 2135 contentus
942 2079 1292 2136 ecclesiarum
1315 2080 1497 2135 limina
1520 2080 1762 2148 subiens,

173 2164 465 2222 Matutinis
485 2183 698 2239 semper
728 2171 990 2226 interesse
1018 2171 1305 2242 gaudebat.
1335 2171 1392 2225 Si
1414 2171 1760 2236 monachum,

175 2254 464 2323 clericum,
515 2272 609 2312 seu
640 2261 987 2330 peregrinum
1037 2262 1346 2332 quempiam
1393 2261 1658 2331 religione
1685 2260 1764 2316 fa-

177 2360 393 2401 mosum
430 2348 624 2404 alicubi
658 2351 967 2419 reperisset,
1011 2352 1133 2409 vitze
1179 2352 1533 2422 corporaliter
1580 2367 1766 2409 neces-

176 2437 322 2491 saria
357 2439 626 2508 praebens,
672 2455 731 2496 se
782 2440 897 2509 ejus
944 2443 1285 2498 orationibus
1328 2436 1761 2498 commendabat.

177 2526 381 2596 Jejunii
437 2545 567 2586 vero
612 2540 667 2587 et
718 2532 1179 2604 clecmosynarum
1212 2534 1460 2605 largitate
1498 2534 1761 2605 pollebat;

179 2633 404 2673 carnem
456 2635 710 2690 namque,
768 2623 1014 2679 conditos
1059 2624 1227 2688 cibos,
1273 2624 1543 2694 pigmenta
1575 2633 1629 2677 ct
1658 2639 1761 2679 cae-

180 2717 298 2761 tera
334 2709 642 2779 huiusmodi
673 2727 793 2781 qum
840 2714 1249 2783 apponebantur
1293 2715 1346 2767 in
1386 2727 1597 2778 mensa,
1644 2713 1765 2766 aliis

181 2798 327 2853 hunc
351 2800 585 2853 saturari
601 2803 947 2857 credentibus
974 2802 1239 2868 esuriens,
1265 2803 1460 2872 quibus
1490 2817 1764 2872 nunquam

181 2889 384 2953 caruit,
425 2892 756 2960 pauperibus
797 2892 1056 2963 erogabat
1088 2907 1105 2950 :
1137 2892 1365 2948 vestium
1400 2905 1616 2961 quoque
1668 2905 1763 2945 va-

182 2981 381 3035 rietate
411 2981 643 3052 desuper
674 2983 914 3051 indutus,
942 2984 1121 3040 cilicio
1141 2999 1339 3055 corpus
1363 2998 1559 3054 aspero
1582 2998 1766 3038 mace-

183 3070 363 3127 tabat.

801 3205 1028 3263 CAPUT
1068 3205 1151 3261 Ill.

257 3343 472 3399 Interea
510 3341 635 3397 dum
662 3342 811 3413 regio
837 3341 980 3412 regis
1005 3352 1061 3398 et
1093 3340 1260 3411 ipsius
1308 3340 1599 3395 vallatione
1641 3355 1767 3394 con-

174 3437 459 3500 sumitur,
510 3435 757 3489 homines
807 3450 837 3488 a
886 3432 1118 3504 propriis
1174 3433 1391 3486 sedibus
1442 3432 1765 3499 effugnntnr,

190 3528 447 3582 timorem
478 3526 546 3582 de
577 3525 895 3581 malefactis
928 3526 1293 3595 amplectitur.
1345 3522 1468 3578 Mox
1495 3524 1619 3578 belli
1647 3538 1768 3578 cer-

191 3620 395 3675 tamina
421 3618 489 3673 ad
518 3626 731 3689 tempus
757 3616 1029 3681 differens,
1060 3623 1371 3672 sanctorum
1398 3615 1770 3687 apostolorum

191 3711 341 3766 Petri
381 3711 632 3767 videlicet
655 3719 710 3765 et
732 3709 884 3765 Pauli
934 3707 1239 3764 habitacula
1274 3707 1471 3773 visere,
1505 3715 1560 3763 et
1600 3707 1771 3763 domi-

190 3818 319 3857 num
352 3815 548 3872 papam
578 3800 920 3871 Gregorium,
952 3808 1011 3853 ut
1036 3799 1137 3855 sibi
1166 3799 1545 3867 pmnitentiam
1571 3798 1773 3853 indice-

189 3903 297 3959 ret,
338 3893 492 3948 adire
514 3893 783 3962 proponit.
810 3890 920 3946 Nec
945 3906 1118 3958 mora,
1150 3891 1354 3961 paratis
1382 3890 1633 3947 omnibus
1655 3905 1774 3959 qua

190 3986 390 4040 viatori
441 3985 751 4039 necessaria
796 3992 951 4049 sunt,
1005 3983 1231 4038 Romam
1272 3984 1502 4039 ducente
1548 3984 1775 4039 Domino

191 4076 468 4147 pervenit,
505 4075 725 4145 illicquc
748 4083 952 4129 sanctae
978 4073 1121 4129 sedis
1148 4073 1458 4145 apostolicae
1488 4074 1773 4143 praesulem

193 4165 495 4235 reperiens,
526 4164 657 4234 quid
682 4171 950 4234 quaereret
974 4163 1251 4219 indicavit.
1282 4163 1355 4217 At
1404 4162 1495 4219 ille
1528 4161 1776 4233 petitioni

190 4255 311 4323 ejus
340 4269 451 4310 non
484 4254 669 4308 statim
704 4253 996 4323 acquievit,
1030 4253 1136 4306 nisi
1175 4252 1327 4322 prius
1358 4267 1509 4307 arma
1544 4252 1778 4321 depone.

192 4354 299 4412 ret,
324 4343 581 4414 inquiens
606 4361 618 4396 :
652 4344 831 4398 Inanis
860 4343 1002 4398 foret
1028 4342 1295 4397 absolutio
1324 4342 1632 4397 renitentia.

263 4420 433 4507 673
472 4432 623 4489 Tunc
656 4433 739 4488 vir
775 4432 985 4488 Domini
1033 4432 1220 4488 Simon
1278 4432 1666 4503 aliquantulum
1723 4433 1779 4489 in

1863 2005 2001 2044 uxor
2030 1991 2077 2045 ei
2107 1990 2337 2061 eleganti
2391 1990 2587 2055 forma,
2647 1989 2786 2045 facie
2833 1989 3219 2062 pulcherrima,
3251 2002 3446 2058 genere

1864 2080 2082 2145 nobilis,
2113 2096 2233 2150 quze
2286 2081 2417 2135 nulli
2466 2081 2520 2135 in
2581 2089 2691 2136 tota
2744 2081 2963 2151 regione
3017 2079 3312 2134 Arvernica
3363 2093 3445 2132 se-

1866 2172 2041 2227 cunda
2090 2174 2382 2236 videretur,
2433 2172 2667 2242 eligitur.
2718 2173 2836 2242 lpsc
2871 2186 2999 2227 vero
3046 2170 3202 2241 quasi
3252 2170 3446 2225 talibus

1866 2264 2198 2335 adgaudens,
2239 2270 2300 2318 ut
2344 2264 2546 2319 bonum
2596 2264 2739 2335 quod
2788 2264 2838 2317 in
2887 2277 2946 2319 se
2990 2262 3189 2317 latebat
3234 2260 3447 2331 penitus

1866 2353 2119 2424 operiret,
2171 2369 2231 2409 se
2272 2369 2338 2410 eo
2380 2353 2579 2409 iturum
2635 2353 2939 2418 denuntiat,
2997 2352 3291 2419 statimque
3342 2350 3447 2403 iter

1867 2446 2133 2515 arripiens
2171 2445 2443 2516 profectus
2489 2454 2590 2499 est.
2635 2443 2772 2510 Quo,
2806 2443 2914 2499 Deo
2946 2442 3283 2511 disponente,
3325 2453 3447 2509 pcr-

1869 2538 2090 2595 venicns
2119 2553 2147 2591 a
2171 2552 2382 2607 sponsa:
2411 2537 2672 2608 genitore,
2707 2536 3015 2593 llildebcrto
3048 2533 3299 2591 videlicet
3321 2546 3449 2585 con-

1869 2628 2006 2695 sule,
2058 2628 2357 2684 honoriﬁce
2392 2628 2705 2697 suscipitur,
2738 2629 2916 2695 ibique
2958 2624 3270 2696 aliquandiu
3298 2637 3448 2676 (om-

1870 2729 2114 2775 moratur
2147 2737 2159 2771 :
2198 2728 2317 2789 post
2361 2718 2524 2772 verba
2577 2717 2670 2771 tali
2724 2717 2863 2772 facto
2894 2730 3151 2786 congtua,
3186 2713 3311 2768 data
3349 2711 3452 2764 fide

1868 2817 2187 2878 ctaccepta,
2224 2822 2282 2864 sc
2323 2823 2444 2863 eam
2473 2818 2841 2877 accepturum,
2886 2806 2939 2860 ni
2975 2819 3132 2863 secus
3178 2812 3450 2873 ageretur,

1870 2897 2133 2959 aflirmat;
2162 2906 2218 2951 et
2244 2896 2322 2951 sic
2348 2896 2654 2964 nuptiarum
2684 2896 2771 2950 die
2815 2894 3129 2955 constituto,
3169 2906 3292 2945 cum
3323 2905 3450 2954 gau-

1870 2990 1958 3044 dio
1994 3003 2241 3043 reversus
2266 2996 2353 3042 est
2386 2987 2439 3044 in
2473 2988 2709 3056 propria.

1940 3079 2080 3133 Ecce
2110 3084 2343 3132 statutus
2371 3077 2485 3132 dies
2506 3077 2926 3146 appropinquat,
2970 3082 3280 3144 magnatnm
3313 3071 3447 3125 mul-

1875 3169 2046 3223 titudo
2074 3168 2378 3232 mandatur,
2400 3179 2623 3222 ornatus
2659 3167 2944 3221 diversitas
2979 3163 3265 3233 appetitur.
3298 3161 3362 3216 Et
3386 3176 3453 3215 ex

1874 3258 2066 3313 ordine
2113 3255 2386 3326 dispositis
2433 3256 2706 3320 omnibus,
2753 3253 3025 3322 regionem
3068 3259 3317 3319 repetens
3355 3246 3455 3301 Ar-

1872 3350 2254 3413 vernicam,ut
2282 3347 2524 3414 decebat,
2568 3347 2634 3400 ad
2666 3346 2866 3400 foedera
2915 3343 3178 3415 promissa
3232 3330 3457 3396 reverti-

1873 3447 1980 3493 tur.
2018 3437 2138 3491 Mox
2171 3437 2280 3491 illis
2320 3435 2897 3513 apprOpinquantibus,
2930 3432 3135 3487 clamor
3159 3431 3327 3485 turba:
3357 3444 3452 3481 vo-

1874 3528 2148 3585 ciferantis
2175 3528 2460 3597 excipitur,
2512 3539 2709 3594 sponsa
2746 3522 2981 3579 venienti
3036 3519 3242 3575 Simoni
3274 3516 3454 3573 oscula

1871 3621 2157 3691 porrigens
2177 3618 2532 3689 amplexatur.
2565 3615 2696 3682 Quis
2718 3614 2901 3670 auditu
2936 3628 3041 3667 non
3070 3608 3456 3679 Obstupescat?

1875 3713 1996 3783 quis
2026 3712 2115 3766 tali
2152 3710 2434 3764 dulcedine
2496 3716 2801 3763 commotus
2852 3720 2957 3761 non
3010 3703 3222 3775 lugeat?
3261 3699 3456 3756 Oscula

1876 3803 2140 3859 dabantur
2164 3800 2447 3856 sanctitate
2468 3798 2707 3863 condita,
2736 3797 3015 3867 amplexus
3042 3793 3458 3865 implicabantur

1876 3894 2091 3949 luxuria
2143 3900 2373 3957 semota,
2424 3890 2652 3960 aliisque
2693 3887 3039 3945 credentibus
3082 3900 3268 3940 eorum
3316 3882 3457 3939 dicta

1876 3984 2074 4040 lasciva
2090 3981 2428 4051 jncunditate
2460 3979 2789 4051 repleta,vir
2813 3977 3027 4033 Domini
3058 3972 3459 4047 praedicationis

1876 4074 2102 4130 verbum
2153 4082 2208 4127 et
2253 4071 2433 4129 dulcia
2464 4070 2590 4125 vitae
2631 4069 2922 4142 colloquia,
2961 4076 3022 4121 ut
3055 4067 3214 4121 ambo
3262 4062 3461 4119 saeculo

1878 4163 2273 4228 renuntiarent,
2304 4160 2457 4217 cordi
2486 4159 2629 4214 illius
2658 4159 2953 4213 inserebat.
2985 4154 3095 4210 Nec
3118 4169 3267 4208 mora
3294 4152 3461 4221 ipsius

1882 4254 2101 4313 monitis
2153 4252 2528 4323 acquiescens,
2578 4248 2853 4319 religionis
2893 4246 3136 4301 habitum
3191 4244 3459 4313 accipere,

1880 4355 1935 4401 et
1954 4341 2417 4399 sanctimonialem
2451 4340 2566 4396 fieri
2592 4338 2824 4396 devovit.

1953 4435 2121 4491 Nocte
2160 4434 2322 4504 igitur
2366 4431 2713 4501 subsequenti
2757 4429 2841 4483 vir
2877 4429 3087 4493 beatus,
3117 4433 3269 4498 patre
3301 4432 3460 4479 caete-

195 4529 362 4584 dubio
392 4527 712 4592 subsistens,
732 4541 939 4582 memor
956 4535 1134 4581 tamen
1156 4526 1461 4598 Evangelici
1485 4525 1736 4598 praecepti
1761 4541 1776 4580 :
1806 4558 1858 4618 υ
1883 4527 2067 4597 risque
2094 4523 2484 4597 ignorantibus,
2512 4518 2984 4594 junctislsponsatj
3013 4518 3085 4571 illi
3112 4515 3465 4571 conversione

202 4640 222 4671 ι
272 4621 375 4687 Qui
432 4635 538 4673 non
578 4620 851 4675 renuntiat
892 4619 1143 4675 omnibus
1194 4636 1314 4690 quae
1361 4620 1621 4689 possidet,
1670 4636 1779 4675 non

196 4723 378 4782 potest
400 4725 553 4766 meus
578 4727 696 4765 esse
718 4712 1012 4782 discipulus
1044 4711 1196 4782 (Luc.
1244 4728 1358 4778 xrv,
1396 4712 1509 4783 55),
1551 4732 1569 4764 ι
1608 4727 1666 4767 se
1703 4712 1782 4766 fa-

199 4814 418 4859 cturum
459 4804 719 4873 quidquid
768 4805 1087 4873 praeciperet
1131 4805 1275 4859 illico
1320 4804 1587 4873 promisit.
1643 4804 1786 4857 Prae-

200 4907 355 4966 ccpta
382 4895 547 4965 igitur
568 4895 763 4964 prresul
786 4912 1057 4951 armorum
1085 4898 1386 4952 redditione
1412 4898 1784 4966 paenitentiam

205 4986 418 5049 indicit,
449 4993 504 5059 et
552 4986 764 5041 indictae
802 4995 1010 5057 partem
1060 5002 1224 5057 super
1268 5002 1327 5042 se
1356 4988 1609 5051 detinuit,
1651 4988 1787 5040 duo-

205 5079 415 5146 busqtte
448 5077 865 5149 religiosissimis
886 5080 1036 5144 viris,
1060 5081 1151 5150 qui
1182 5088 1311 5135 tunc
1337 5090 1633 5150 praesentes
1658 5081 1787 5135 ade-

206 5180 352 5235 r.:nt,
383 5180 589 5238 partem
616 5171 922 5238 distribuit;
950 5183 1005 5229 ct
1028 5174 1107 5228 sic
1127 5174 1430 5229 absolutum
1460 5175 1700 5229 reatibus
1722 5174 1789 5228 ad

208 5261 425 5330 propria
486 5260 768 5314 remittens
792 5303 806 5326 ,
850 5261 977 5317 huic
1013 5263 1207 5332 quibus
1263 5262 1607 5331 spoliaverat,
1639 5277 1791 5317 arma

212 5359 465 5422 reindnit,
514 5368 820 5429 terramque
845 5361 1247 5430 gubernandam
1295 5361 1463 5415 donec
1501 5375 1622 5414 cum
1672 5375 1795 5428 rege

215 5464 404 5517 pacem
462 5449 830 5517 rcformaret,
896 5452 1091 5507 lterum
1142 5451 1581 5518 commendavit,
1639 5451 1793 5505 adhi-

216 5539 349 5595 bens
388 5541 549 5595 etiam
588 5540 714 5596 boni
746 5542 1039 5597 testimonii
1117 5551 1172 5596 et
1215 5557 1439 5597 summa:
1500 5541 1796 5595 auctorita-

221 5632 288 5687 tis
341 5635 672 5700 custodiam,
755 5634 1031 5705 Hugoncm
1103 5634 1308 5688 scilicet
1378 5634 1627 5688 Dicnsem
1683 5635 1797 5702 epi-

219 5737 458 5792 sc0pum,
487 5725 577 5793 qui
633 5734 756 5780 tunc
810 5726 862 5778 in
907 5725 1093 5780 Galliis
1122 5724 1404 5792 legationis
1452 5730 1665 5778 tunctns
1715 5732 1797 5777 est

221 5810 409 5879 cilicio,
437 5814 793 5885 abbatemque
822 5814 1271 5880 Cluniacensium,
1289 5828 1515 5884 quorum
1540 5812 1796 5869 doctrinm

1880 4628 1937 4673 et
1960 4617 2172 4689 generis
2192 4614 2591 4685 propinquitate
2614 4612 2830 4683 collegis
2858 4610 3087 4675 duobus,
3114 4608 3462 4673 monasterio,

1883 4711 2024 4779 quod
2060 4708 2321 4765 Casa—Dei
2359 4715 2719 4773 nuncupatur,
2755 4703 3148 4767 transmittens,
3210 4700 3317 4754 illic
3372 4700 3466 4753 lia-

1886 4800 2059 4853 bitare
2093 4797 2374 4868 disposuit.
2425 4796 2502 4850 lbi
2553 4794 2698 4848 illico
2751 4801 2956 4846 mutata
3000 4800 3149 4845 veste
3195 4787 3465 4850 smcnlari,

1888 4901 1999 4946 tres
2038 4891 2241 4962 pariter
2276 4896 2495 4943 sumunt
2542 4886 2781 4941 habitum
2835 4883 3145 4938 monasticm
3179 4880 3469 4949 professio-

1890 4984 1996 5047 nis,
2027 4996 2254 5051 quorum
2285 4980 2421 5034 alter
2467 4977 2817 5047 religiositate
2841 4974 3070 5045 pollens,
3102 4982 3287 5041 postea
3316 4969 3467 5023 Bitti—

1892 5077 2017 5130 rica:
2045 5074 2280 5129 civitatis
2320 5072 2604 5127 ordinatur
2642 5070 2956 5140 episc0pns;
3008 5066 3143 5119 alter
3193 5065 3243 5117 in
3295 5062 3472 5117 burni-

1894 5166 2043 5219 litate
2074 5164 2374 5220 subsistens
2414 5162 2504 5216 diu
2548 5162 2601 5214 in
2653 5158 2981 5213 monasterio
3023 5155 3281 5226 perstitit,
3338 5153 3474 5208 dans

1894 5275 2114 5332 operam
2155 5257 2417 5327 religioni.
2469 5254 2673 5307 Domna
2703 5267 2835 5306 vero
2886 5251 2994 5305 Deo
3025 5252 3218 5304 devota
3248 5246 3474 5302 sanctis-

1896 5354 2031 5409 sime
2064 5353 2263 5422 degens
2288 5348 2468 5402 multis
2492 5355 2611 5417 post
2645 5344 2799 5398 annis
2825 5342 3110 5413 superfuit.

1970 5446 2054 5500 Ad
2088 5447 2205 5499 haec
2234 5453 2384 5514 pater
2411 5455 2600 5495 somno
2623 5424 3091 5501 excitus,ercdcns
3120 5432 3282 5486 filiam
3298 5444 3474 5484 amore

1902 5538 2211 5594 meretricio
2253 5537 2550 5595 detentam,
2596 5530 2843 5584 lenonum
2877 5525 3180 5596 quempiam
3230 5536 3468 5591 prosccu-

1901 5641 2033 5694 tam,
2068 5642 2124 5681 se
2153 5625 2396 5681 delusum
2430 5621 2751 5676 aestimabat.
2788 5616 2937 5671 Tunc
2968 5615 3137 5669 tristis
3172 5621 3224 5668 et
3252 5611 3463 5681 cjulans

1904 5722 2178 5776 Simonem
2230 5715 2564 5776 accersicns,
2610 5710 2761 5781 quasi
2824 5707 3100 5763 commissi
3150 5722 3275 5761 rcus
3329 5704 3474 5769 hnjm

1903 5813 2251 5884 alloquitur:
2308 5827 2324 5859 ‹
2366 5805 2408 5862 Ο
2467 5804 2778 5860 dulcissime
2836 5800 3069 5870 juvenis,
3129 5796 3258 5868 quid
3310 5808 3463 5863 agant
