4032 6326
625 351 760 407 1215

1647 339 1737 394 AD
1772 339 1921 396 OPP.
1963 340 2123 395 VEN.
2156 337 2479 396 GUIBERTI
2520 336 2608 393 DE
2644 337 3034 395 NOVIGENTO

3736 347 3853 404 {alii

592 467 748 535 'quid
781 465 969 519 faciam
1001 461 1238 516 funditus
1275 458 1500 530 ignoro?
1532 467 1582 524 te
1628 458 1860 527 prodidi,
1919 459 2014 513 tibi
2065 460 2184 516 fidei
2214 476 2263 534 Α
2290 466 2345 516 et
2370 474 2555 529 grave,
2597 468 2652 514 et
2680 460 2986 530 scrupulum
3022 460 3339 532 cogitationi
3369 474 3505 514 mea:
3549 458 3761 517 videtur
3784 461 3854 520 in-

622 568 753 605 meze
776 551 1084 614 commisso,
1115 548 1377 617 longoque
1406 554 1671 603 terrarum
1704 547 1877 613 spatio
1908 548 2063 603 nobis
2102 564 2188 619 ac-

620 641 745 702 cito,
775 640 997 693 insidias
1030 638 1205 703 intuli.
1240 638 1314 691 De
1340 637 1535 707 ,pretio
1573 635 1853 692 fraudatus
1898 654 2016 693 sum
2046 641 2188 708 quod

617 728 873 797 promisi;
937 728 1259 797 promissum
1320 742 1550 795 namque
1610 726 1878 785 sublatum
1933 738 2036 793 est,
2093 729 2186 785 sed

614 818 840 871 nescivi.
876 817 1059 872 Parce'
1098 818 1282 887 igitur,
1314 831 1473 885 parce
1504 817 1687 872 nescio
1725 816 2077 887 delinquenti.
2117 819 2189 874 At

614 906 702 961 ille
730 908 891 961 corde
932 906 1169 961 laetitiam
1203 908 1511 983 restituens,
1557 908 1793 962 dolorem
1828 909 2184 978 extrinsecus,

613 997 765 1065 quasi
794 997 1078 1051 consolans
1103 996 1281 1052 aiebat
1313 1016 1326 1051 :
1356 1015 1375 1049 ι
1405 996 1547 1063 Noli,
1583 998 1797 1053 domine
1825 998 1919 1064 mi,
1962 1000 2067 1054 noli
2094 1003 2188 1058 tri-

610 1090 766 1155 stari,
792 1106 951 1159 quem
981 1092 1159 1160 potius
1182 1093 1453 1161 dilexerit,
1493 1093 1799 1165 diligentius
1841 1098 2184 1165 exsequitur;

611 1192 666 1236 et
697 1182 741 1236 si
775 1182 867 1237 tibi
891 1183 1109 1237 charior
1137 1183 1310 1238 factus
1335 1200 1474 1248 sum,
1512 1184 1632 1238 vilis
1670 1183 1895 1240 forsitan
1932 1186 2025 1240 illi.
2066 1206 2084 1239 ι
2117 1187 2185 1242 lis

610 1273 789 1338 dictis,
843 1284 1063 1343 accepta
1115 1274 1184 1327 ab
1228 1289 1292 1328 eo
1328 1274 1566 1338 licentia,
1598 1274 1828 1331 festinus
1873 1277 1924 1330 in
1956 1276 2183 1357 Galliam

610 1363 907 1432 repedavit.

683 1452 820 1518 Quid
870 1451 975 1505 filia
1008 1451 1122 1520 ejus
1161 1462 1368 1524 egerat,
1410 1455 1865 1524 quemadmodum
1893 1460 2187 1515 sanctimo-

608 1542 804 1597 nialem
835 1543 1140 1609 devoverat,
1170 1543 1479 1601 llildeberto
1509 1562 1605 1615 per
1635 1549 1879 1602 nuntium
1923 1553 2181 1607 mandare

606 1633 835 1685 curavit.
864 1634 907 1688 Ο
936 1635 1111 1689 virum
1159 1650 1256 1704 per
1299 1637 1478 1691 omnia
1530 1638 1686 1693 laude
1728 1638 1976 1710 dignum!
2032 1642 2184 1713 cujus

602 1721 795 1777 melius
850 1722 1103 1790 similem,
1156 1728 1315 1794 quam
1360 1736 1548 1782 sancto
1601 1728 1789 1784 Alexio
1837 1730 2178 1787 dixerimus?

2290 548 2462 616 ferre;
2495 549 2711 613 domina
2754 565 2872 604 mea
2917 565 3145 619 namque
3183 551 3390 621 regina,
3437 563 3582 604 uxor
3626 547 3858 604 videlicet

2294 648 2405 705 tua,
2431 648 2486 694 et
2529 654 2649 710 ego,
2694 648 2753 693 ut
2802 639 2996 704 fertur,
3026 648 3346 711 cognatione
3371 638 3661 710 jungimur
3682 653 3860 707 parea-

2291 729 2405 795 tali,
2436 738 2491 784 et
2519 729 2733 800 generis
2771 730 3195 801 prepinquitate,
3225 731 3584 802 quamobrem
3611 744 3644 784 a
3670 729 3859 798 sapien-

2292 820 2435 876 tibus
2481 821 2859 889 inquirendum
2935 822 2979 876 si
3036 836 3143 892 quo
3192 822 3356 877 modo
3412 820 3531 875 ﬁeri
3586 820 3775 888 possit,
3812 830 3859 874 et

2290 925 2394 980 qua
2438 912 2667 968 ratione.
2704 931 2723 965 ι
2756 911 2838 967 Ad
2880 912 2996 968 haec
3026 929 3165 968 rex:
3227 930 3248 965 ι
3292 912 3353 969 Si
3402 912 3475 967 ab
3524 910 3765 981 antiquis
3812 921 3859 965 et

2288 1001 2508 1057 senibus
2559 1001 2739 1072 populi
2777 1002 2946 1057 nostri
2994 1003 3245 1074 cognatio
3279 1018 3412 1058 vera
3463 1002 3855 1071 comprobatur,

2288 1092 2613 1163 episcOpos,
2666 1092 2887 1149 abbates
2942 1102 2998 1149 et
3053 1094 3282 1151 clericos
3343 1094 3491 1149 viros
3539 1093 3858 1165 prudentes,

2289 1182 2525 1241 scientes
2555 1183 2729 1254 legem
2770 1192 2825 1238 et
2849 1184 2957 1238 alta
2986 1185 3286 1255 sapientes,
3314 1186 3359 1240 si
3401 1185 3858 1257 eleemosynarum

2287 1270 2559 1341 largitate,
2588 1287 2683 1327 seu
2719 1284 3174 1331 monasteriorum
3204 1276 3589 1339 aulificatione,
3634 1290 3729 1330 seu
3776 1275 3860 1330 ali-

2292 1377 2392 1430 qua
2422 1378 2482 1419 re
2510 1377 2751 1432 congrua
2789 1364 2841 1419 id
2861 1365 3103 1420 ordinari
3135 1374 3319 1435 queat,
3352 1367 3604 1422 adunare
3643 1374 3702 1421 et
3725 1380 3862 1421 seru-

2286 1449 2389 1507 tari
2414 1466 2637 1511 necesse
2662 1461 2766 1505 est.
2812 1471 2833 1505 ι

2357 1539 2544 1599 Simon
2571 1550 2751 1599 autem
2776 1536 2924 1613 spem
2958 1536 3110 1600 su'am
3141 1561 3358 1620 semper
3382 1562 3601 1618 ponens
3626 1547 3857 1615 Domino,

2286 1627 2361 1681 ait
2390 1645 2404 1682 :
2452 1647 2470 1679 ι
2499 1629 2688 1691 Adhuc
2722 1642 2970 1702 superest
2999 1632 3169 1700 aliud,
3208 1644 3422 1690 tantum
3450 1635 3710 1692 voluntas
3737 1637 3859 1695 adsit

2288 1726 2400 1783 tua,
2429 1720 2571 1789 quod
2605 1724 2974 1779 necessarium
3000 1732 3084 1781 est
3108 1725 3450 1794 etsalutare;
3472 1727 3603 1783 volo
3624 1743 3855 1798 namque,

604 1825 838 1881 namque
867 1829 987 1867 cum
1032 1830 1224 1884 sponsa
1258 1832 1377 1882 sua,
1412 1816 1670 1886 cumojam
1706 1820 1998 1876 thalamum
2048 1823 2167 1879 sub-

2280 1810 2323 1864 si
2356 1809 2550 1881 placet,
2608 1811 2835 1879 Romam
2882 1815 3096 1881 adiens,
3132 1825 3447 1873 sanctorum
3503 1819 3854 1890 apostolorum

604 1902 898 1958 intrassent
921 1905 1079 1959 ambo
1128 1907 1329 1975 pariter
1351 1908 1604 1976 quieturi,
1647 1912 2097 1979 quemadmodqu
2127 1922 2182 1969 et

603 1993 796 2061 Simo,
864 1997 1086 2052 verbum
1167 1999 1562 2068 prmdicatiouis
1630 2001 1850 2058 intulit:
1911 2004 2177 2061 luxuriam

601 2082 975 2139 declinandam
1004 2127 1018 2151 ,
1069 2103 1391 2143 conservare
1445 2104 1783 2156 praemonens
1825 2092 2174 2159 castitatem;

601 2171 692 2227 illa
736 2188 863 2228 vero
900 2176 1057 2231 dictis
1084 2177 1463 2247 obtemperans
1510 2180 1883 2247 admunentis,
1925 2198 1982 2237 se
2016 2184 2179 2253 virgi-

600 2278 722 2319 nem
767 2265 1065 2335 devovens,
1112 2269 1291 2324 carnis
1337 2269 1655 2325 munditiam
1702 2271 1933 2329 Domino
1986 2289 2177 2331 conse-

598 2352 797 2407 cravn.

670 2441 745 2496 Ita
774 2442 961 2500 beatus
987 2445 1149 2501 homo
1181 2461 1342 2501 manu
1387 2456 1588 2504 sancta:
1632 2449 1971 2507 allocutionis
2014 2451 2179 2508 ferale.

599 2533 906 2603 contagium
968 2534 1191 2590 detersit
1260 2536 1548 2594 immundae
1611 2541 1914 2609 pravitatis.
1974 2541 2178 2599 Deinde

601 2622 755 2688 ipsis,
797 2638 1024 2692 quarum
1074 2626 1387 2695 magnitudo
1436 2628 1645 2684 infinita
1676 2630 1980 2700 videbatur,
2009 2633 2177 2702 patris

599 2710 860 2780 neglectis
888 2712 1113 2779 deliciis,
1144 2717 1242 2770 sub
1277 2718 1390 2787 ipsa
1420 2719 1594 2774 noctis
1622 2720 1754 2775 liora
1795 2720 2027 2778 latenter
2055 2727 2178 2782 abs-

596 2802 783 2855 cessit.
816 2800 922 2857 Sed
969 2804 1036 2859 ad
1072 2819 1132 2860 ea
1161 2820 1281 2877 qua:
1310 2808 1375 2863 de
1417 2808 1637 2865 Simone
1678 2811 1901 2867 dicenda
1928 2822 2058 2868 sunt
2090 2831 2174 2871 rc-

596 2888 838 2945 deamus.

1123 2983 1288 3058 674
1324 2983 1550 3043 CAPUT
1588 2986 1655 3045 V.

667 3068 874 3124 Simoni
899 3085 1026 3127 vero
1052 3072 1103 3126 in
1129 3077 1344 3145 prepria
1368 3078 1451 3131 vix
1477 3080 1543 3132 ad
1566 3079 1834 3136 modicum
1848 3096 2171 3153 QUICSCt‘nll,

594 3176 721 3215 ecce
776 3176 868 3216 rex
916 3162 1209 3232 Anglorum
1263 3169 1688 3237 potentissimus,
1729 3173 2035 3233 Willeltnus
2078 3194 2171 3233 no-

593 3251 759 3317 mine,
791 3254 881 3323 qui
909 3268 1030 3308 eum
1062 3256 1345 3327 nutrierat,
1389 3261 1453 3314 ad
1483 3275 1542 3315 se
1582 3262 1903 3320 veniendum
1942 3269 2042 3323 sub
2080 3285 2171 3325 ve-

595 3342 810 3398 locitate
861 3346 1156 3401 mandavit.
1203 3346 1433 3404 Additur
1479 3351 1643 3407 etiam
1689 3364 1749 3410 ut
1800 3358 2019 3416 castello
2069 3376 2171 3417 nec

592 3432 739 3499 villa,
766 3434 865 3488 nisi
900 3436 1067 3492 solius
1092 3438 1268 3494 noctis
1295 3440 1529 3509 quietem
1574 3455 1897 3512 assumeret,
1942 3464 2167 3506 uxorem

590 3526 693 3580 sibi
730 3526 963 3581 debitam
1014 3529 1322 3587 nullomodo
1359 3534 1731 3605 desponsaret,
1782 3541 1955 3607 quoad
1998 3557 2169 3613 usque

591 3619 658 3671 ad
707 3618 787 3672 sui
829 3620 1153 3691 colloquium
1200 3622 1647 3682 Nortltmanniam
1703 3628 1934 3688 festinus
1976 3647 2168 3690 occur-

591 3716 753 3763 reret.
804 3707 954 3764 Tunc
980 3710 1065 3766 ille
1096 3712 1237 3784 regis
1268 3723 1511 3771 metuens
1539 3716 1795 3779 edictum,
1829 3722 2033 3793 absque
2084 3740 2167 3780 re-

590 3796 974 3853 crastinatione
1009 3798 1210 3870 aliqua,
1242 3802 1329 3857 ubi
1373 3806 1727 3862 constituerat
1769 3808 1939 3875 abire,
1986 3811 2167 3882 dispo-

590 3895 717 3937 SUII.

662 3974 861 4029 Videns
882 3991 1009 4046 ergo
1039 3993 1131 4032 rex
1167 3981 1233 4037 ad
1260 3996 1318 4036 se
1348 3985 1674 4051 venientem,
1705 3988 1862 4044 laetus
1910 3988 2159 4062 ellicitur,

578 4066 800 4120 ‘secreto
819 4082 1017 4123 vocans
1045 4082 1190 4135 eum,
1218 4082 1273 4126 et
1297 4073 1480 4129 dicens
1505 4091 1519 4129 :
1556 4095 1575 4129 ι
1616 4076 1879 4145 Quoniam
1924 4081 2082 4136 ﬁdem
2108 4091 2164 4138 et

587 4156 927 4213 dilectionem
962 4168 1106 4217 tuam
1137 4178 1219 4219 ex,
1252 4163 1412 4238 longo
1440 4179 1697 4239 expertus
1734 4186 1874 4238 sum,
1904 4182 1957 4228 et
1991 4175 2164 4232 nutri-

589 4259 833 4303 mentum
867 4265 1070 4317 meum,
1091 4254 1233 4322 quod
1258 4256 1310 4311 in
1343 4267 1393 4310 te
1420 4267 1503 4313 est
1533 4271 1885 4331 augmentare
1917 4265 2159 4333 cupiens,

584 4340 673 4410 qui
727 4356 826 4410 pro
875 4343 983 4396 filia
1028 4359 1149 4401 mea
1195 4349 1431 4418 mgaturi
1462 4349 1553 4403 diu
1598 4367 1807 4407 mecum
1856 4350 2158 4411 conversati

583 4442 727 4495 sunt,
778 4435 921 4503 regis
950 4435 1329 4506 Hispaniarum
1371 4441 1589 4497 Anfursi
1637 4442 1724 4515 [μ

581 4522 803 4577 lloberti
849 4526 1107 4598 principis
1138 4528 1344 4597 Apuliae
1374 4531 1630 4603 neglectis
1658 4535 1881 4603 nuntiis,
1913 4538 2006 4591 tibi
2033 4553 2153 4594 eam

580 4616 797 4683 tradens
823 4616 874 4682 in
904 4634 1124 4673 uxorem
1150 4628 1200 4674 te
1225 4620 1383 4691 elegi,
1402 4631 1453 4678 te
1473 4624 1805 4681 ittereditatis
1827 4643 1958 4684 meae
1986 4629 2152 4686 filium

577 4705 862 4779 adoptans.
890 4709 1103 4765 Deliciae
1124 4727 1257 4767 mea:
1280 4712 1374 4768 tibi
1406 4716 1827 4785 reputabuntur;
1854 4720 2014 4776 amici
2047 4722 2151 4777 mei

577 4799 650 4852 tui
677 4808 859 4864 erunt,
892 4809 947 4853 et
976 4801 1179 4856 inimici
1216 4803 1482 4861 similiter.
1516 4824 1534 4858 ι
1566 4806 1649 4861 Ad
1691 4807 1807 4865 haec
1839 4809 1923 4863 vir
1964 4812 2153 4867 betttts

576 4890 715 4943 banc
744 4890 940 4944 diaboli
972 4892 1198 4955 credens
1242 4896 1684 4965 prosperitatem,
1731 4900 1821 4969 qui
1853 4901 2149 4957 electorum

574 4979 733 5033 corda
780 4981 963 5043 multis
1014 4983 1317 5039 circumdat
1370 4987 1598 5054 insidiis,
1657 4988 1784 5045 licet
1832 4993 2057 5046 nihiltnu
2097 5002 2152 5069 et

524 5090 531 5099 ι
573 5064 731 5139 inane
760 5071 922 5124 corde
943 5080 1220 5142 reputans,
1250 5076 1453 5145 gratias
1477 5086 1654 5134 tamen
1690 5097 1821 5137 voce
1849 5066 2146 5138 humillima

572 5156 833 5225 referens,
862 5162 1079 5217 aiebat:
1130 5183 1149 5219 ι
1182 5165 1429 5236 Magnum
1459 5179 1515 5223 et
1556 5181 1800 5239 apertum
1834 5183 1917 5229 est
1946 5176 2147 5230 benefi-

571 5248 712 5303 cium
768 5252 907 5320 quod
933 5256 1179 5322 pueritia:
1205 5271 1338 5313 mea:
1358 5260 1687 5329 praesutisti;
1718 5265 1814 5320 sed
1843 5274 2022 5337 grates
2052 5267 2147 5324 tibi

570 5340 749 5396 refero
779 5343 946 5398 multo
975 5345 1167 5402 melius
1208 5349 1504 5419 pollicenti.
1552 5354 1799 5424 Dignitas
1839 5364 1960 5427 tua,
2007 5360 2149 5417 sicut

570 5432 828 5504 scriptum
859 5447 961 5505 est,
1006 5441 1058 5494 in
1092 5442 1395 5500 humilitate
1422 5441 1724 5516 descendit,
1761 5458 1823 5506 ut
1854 5454 2141 5511 exaltetur.

569 5519 856 5581 Humilitas
886 5544 1024 5594 mea,
1055 5531 1159 5586 nisi
1178 5533 1230 5587 iu
1260 5535 1557 5604 gratiarum
1587 5539 1800 5596 actione
1826 5542 1919 5598 tibi
1940 5542 2143 5613 jugiter

568 5613 905 5684 subjiciatur,
950 5632 1191 5677 meretur
1229 5634 1287 5681 ut
1315 5626 1555 5683 deterius
1585 5640 1824 5687 corruat.
1865 5634 1938 5687 At
1962 5635 2143 5689 obsta-

567 5706 743 5761 culum
795 5709 949 5763 nobis
1000 5714 1305 5782 opponitur,
1340 5718 1501 5785 quod
1532 5720 1684 5776 valde
1716 5725 2022 5793 ambiguum
2059 5734 2139 5782 est

2280 1899 2423 1957 Petri
2447 1909 2502 1957 et
2524 1900 2696 1969 Pauli,
2724 1914 2780 1957 ct
2802 1904 2982 1971 domui
3014 1906 3325 1975 apostolici,
3364 1922 3537 1978 super
3561 1909 3669 1964 hoc
3700 1912 3856 1964 consi-

2280 1990 2411 2045 lium
2441 2000 2497 2047 et
2533 1992 2857 2064 adiutorium
2899 1994 3169 2066 ﬂagitare,
3212 2007 3292 2065 ut,
3323 2009 3555 2070 accepta
3606 2002 3852 2071 spirituali

2280 2080 2518 2149 licentia,
2548 2084 2808 2154 quidquid
2832 2086 2883 2143 in
2917 2088 2985 2145 iis
3008 2090 3162 2152 nobis
3186 2090 3454 2161 agendum
3481 2101 3568 2148 est
3594 2108 3718 2148 cum
3744 2093 3854 2150 ΜΕ*

2280 2172 2364 2229 cia
2393 2184 2755 2244 perpetretur.
2783 2196 2804 2229 ›
2851 2177 2953 2237 Cui
3004 2196 3099 2235 rex
3141 2195 3425 2241 assensum
3474 2184 3749 2255 praebens,
3781 2201 3851 2244 re-

2280 2262 2496 2334 spondit
2519 2279 2535 2325 :
2560 2284 2578 2317 ι
2603 2265 2869 2338 Quidquid
2899 2286 3063 2341 super
3084 2272 3257 2329 hacre
3280 2274 3485 2328 bonum
3512 2275 3612 2330 tibi
3640 2278 3849 2343 videtur,

2279 2352 2493 2412 favente
2521 2356 2630 2412 Deo
2652 2368 2705 2413 et
2729 2376 2847 2414 mea
2882 2362 3178 2431 voluntate,
3202 2364 3454 2436 dispone;
3479 2385 3499 2420 ι
3528 2375 3586 2421 et
3611 2368 3695 2422 his
3714 2369 3853 2433 dictis

2279 2449 2484 2518 pariter
2509 2451 2913 2511 abscesserunt.

2896 2565 3125 2625 CAPUT
3158 2570 3239 2625 Vl;

2350 2653 2552 2711 Deinde
2586 2671 2705 2725 qua:
2749 2660 2932 2728 parari
2972 2661 3295 2716 videbantur
3321 2660 3579 2717 omnibus
3607 2676 3704 2733 per
3723 2663 3859 2719 ordia

2277 2759 2401 2801 nem
2424 2747 2720 2817 dispositis,
2748 2750 2815 2804 ad
2838 2751 3245 2817 ambulandum,
3274 2753 3464 2807 relicta
3492 2754 3676 2818 domo,
3698 2756 3845 2809 omis-

2274 2832 2353 2891 sis
2399 2833 2627 2903 deliciis,
2664 2851 2892 2907 quarum
2938 2839 3161 2894 ubertas
3192 2849 3339 2895 tanta
3390 2841 3464 2896 illi
3514 2840 3765 2896 aﬂluebat
3795 2851 3849 2897 ut

2268 2938 2417 2994 pene
2453 2937 2575 2996 post
2613 2942 2796 2997 regem
2835 2929 2890 2985 in
2936 2938 3046 2986 tota
3074 2932 3296 3002 regione
3322 2932 3504 2988 nullus
3532 2932 3725 2999 ditior,
3762 2948 3847 2989 nec

2277 3015 2437 3070 rebus
2465 3016 2768 3085 opulentior
2790 3018 3107 3088 videretur;
3138 3037 3263 3077 cum
3297 3021 3529 3077 Romam
3557 3023 3641 3079 ire
3661 3024 3846 3087 debuit.

2276 3108 2681 3173 se,mouaclium
2713 3108 3007 3178 devovens,
3050 3124 3294 3171 sanctum
3345 3114 3666 3186 Eugendum
3717 3118 3849 3170 adire

2275 3194 2575 3265 disposuit:
2602 3212 2709 3266 quo
2730 3208 3012 3269 postquam
3041 3212 3359 3271 perventum
3385 3212 3490 3270 est,
3534 3204 3737 3274 junctis
3758 3206 3848 3260 sibi

2271 3281 2339 3337 de
2393 3282 2598 3343 familia
2652 3288 2975 3357 quibusdam
3032 3292 3165 3347 viris
3230 3292 3627 3362 nobilissimis,
3676 3310 3849 3352 omnes

2271 3374 2479 3441 pariter
2519 3391 2642 3431 cum
2690 3379 2886 3448 gaudio
2936 3392 3143 3438 sancta:
3192 3383 3482 3440 Trinitatis
3511 3424 3527 3451 ,
3586 3385 3848 3457 religionis

2268 3465 2516 3521 habitum
2542 3481 2919 3539 susceperunt.

2337 3557 2471 3613 Nam
2487 3574 2610 3615 cum
2638 3562 2765 3617 olim
2797 3565 2975 3622 adhuc
3014 3565 3067 3623 in
3099 3568 3296 3623 sacculo
3328 3570 3538 3638 positus
3585 3569 3641 3624 in
3668 3570 3846 3626 febrim

2270 3657 2568 3717 teneretur,
2599 3651 2790 3708 beatus
2827 3654 3162 3725 Arnulphus,
3213 3667 3267 3713 et
3316 3660 3430 3729 ipse
3476 3670 3707 3716 sanctus
3754 3662 3843 3715 Eu-

2262 3742 2495 3810 gendus,
2533 3742 2778 3814 aliusque
2805 3745 2959 3815 cujus
3004 3762 3200 3803 nomen
3232 3759 3287 3803 et
3316 3751 3511 3805 faciem
3552 3752 3843 3823 ignorabat,

2266 3828 2552 3884 dormienti
2588 3830 2661 3885 illi
2695 3832 2748 3886 in
2778 3832 3037 3890 viridario
3064 3847 3461 3905 apparuerunt,
3496 3839 3844 3895 admonentes

2262 3926 2330 3981 ιιι
2359 3916 2483 3971 illuc
2506 3919 2701 3982 abiret.
2735 3920 2917 3990 ibique
2943 3921 3056 3979 Deo
3077 3925 3317 3981 militans
3346 3936 3718 3997 permaneret,
3737 3944 3839 3999 per:

2263 4021 2490 4062 manens
2529 4010 2629 4064 sub
2654 4011 2852 4068 abbate
2907 4015 3209 4072 monachus
3233 4018 3588 4077 ordinaretur
3618 4030 3673 4078 et
3692 4032 3825 4077 esset

2263 4096 2365 4164 Qui
2397 4100 2582 4156 statim
2610 4116 2639 4155 a
2684 4102 2881 4160 lectulo
2924 4120 3154 4178 surgens
3200 4109 3269 4164 ab
3302 4110 3625 4168 infirmitate
3654 4127 3836 4168 coma.

2260 4193 2383 4261 luit,
2413 4204 2468 4249 et
2515 4211 2873 4267 vocemagna
2904 4200 3160 4256 clamavit
3202 4202 3434 4260 dicens:
3470 4203 3655 4260 Sanus
3688 4194 3832 4269 'sum;

2260 4292 2317 4339 et
2350 4284 2385 4338 ii
2413 4286 2502 4354 qui
2528 4287 2613 4341 hic
2640 4288 2869 4345 aderant
2905 4299 3014 4347 tres
3053 4290 3282 4357 domini,
3318 4292 3409 4348 ubi
3462 4303 3615 4359 sunt,
3661 4303 3719 4351 et
3744 4311 3834 4365 quo

2260 4374 2553 4431 abierunt?
2605 4378 2705 4444 Qui
2760 4394 2889 4436 vero
2937 4382 3003 4438 de
3052 4381 3254 4439 familia
3304 4394 3605 4453 prmsentcs
3660 4385 3831 4465 adfue-

1778 4446 2061 4547 ﬁ'l’hf’f'ﬁ]
2103 4457 2234 4527 et1)
2260 4474 2383 4520 rant
2430 4468 2743 4536 ignorantes
2793 4471 2924 4541 quid
2966 4473 3210 4540 diceret,
3253 4446 3319 4530 se
3360 4477 3578 4533 nescire
3621 4448 3831 4547 professi

2257 4564 2404 4611 sunt.

2323 4648 2489 4715 Igitur
2523 4650 2806 4718 Flandriaa,
2843 4653 3269 4720 Nortbmanuim,
3294 4657 3622 4727 creterisque
3642 4657 3826 4713 Gallia-

2255 4754 2374 4794 rum
2413 4741 2658 4810 partibus
2691 4758 2861 4813 usque
2900 4745 2969 4799 ad
3013 4745 3149 4801 lines
3188 4744 3513 4810 Germania},
3571 4750 3705 4803 tanti
3744 4749 3826 4802 viri

2254 4845 2470 4887 rumore
2499 4845 2750 4905 suscepto
2769 4844 2987 4906 stupore
3017 4838 3205 4906 repleti
3235 4839 3616 4907 mirabantur;
3649 4844 3823 4910 quippe

2253 4921 2342 4989 qui
2371 4932 2528 4978 notus
2554 4925 2864 4994 regionibus
2906 4926 3009 4981 illis
3058 4928 3289 4983 dilectus
3332 4928 3591 4995 Domino,
3640 4940 3696 4985 et
3734 4942 3823 4983 tam

2251 5010 2450 5068 cbarus
2488 5015 2738 5070 omnibus
2791 5027 2931 5082 erat,
2986 5027 3249 5087 quatenus
3301 5018 3458 5090 Hugo
3515 5022 3819 5093 Burgundiz

2250 5101 2379 5169 dux,
2413 5118 2701 5175 comesque
2750 5105 3179 5175 Matisconensis,
3228 5109 3584 5179 ejusdemque
3633 5113 3818 5167 ordinis

2248 5192 2613 5260 quamplures,
2632 5195 2848 5264 pietatis
2873 5196 3067 5252 affectu
3089 5206 3144 5252 et
3166 5198 3311 5255 illius
3328 5201 3538 5256 amoris
3556 5201 3817 5254 dulcedine

2248 5275 2587 5348 inflammati,
2615 5298 2765 5338 arma
2802 5285 3408 5355 deponerentsmculum
3443 5289 3812 5359 relinquentes.

2247 5366 2377 5433 Quis
2404 5369 2545 5425 enim
2576 5371 2718 5428 illius
2757 5374 3003 5445 exemplo
3044 5376 3451 5431 conversionem
3496 5394 3706 5433 morum
3737 5394 3811 5449 pe-

2245 5458 2390 5515 nitus
2417 5476 2522 5516 non
2557 5473 2857 5533 appeteret,
2888 5479 2954 5520 ac
2981 5465 3108 5520 vitze
3144 5467 3481 5536 prapositum
3527 5469 3583 5522 in
3637 5468 3809 5522 melius

2244 5565 2351 5605 non
2389 5554 2660 5608 mutaret?
2701 5554 2917 5611 Nobiles
2946 5557 3149 5626 pariter
3197 5566 3251 5612 et
3303 5559 3587 5627 ignobiles,
3645 5559 3805 5612 audito

2243 5639 2358 5709 ejus
2383 5641 2621 5707 nomine,
2643 5644 3011 5702 mutabantur.
3029 5644 3177 5703 Nunc
3203 5650 3268 5701 ad
3296 5662 3356 5703 ea
3380 5663 3501 5719 quze
3528 5649 3803 5704 monachus

2241 5729 2471 5798 explevit
2509 5733 2809 5790 redeamus.
