4032 6326
94 556 162 668 ."\

178 367 310 427 £217

762 464 986 524 CAPUT
1025 462 1135 519 γη.

241 571 341 628 Hic
367 576 448 623 est
477 563 663 620 Simon
707 559 984 620 obediens,
1015 555 1109 611 sed
1141 567 1248 607 non
1278 549 1364 605 ille
1392 549 1615 620 primus.
1646 543 1745 598 llic

179 670 239 720 ut.
264 656 494 716 nominis
534 653 614 708 sui
652 652 823 705 fratres
867 646 1148 709 existeret,
1181 654 1467 710 nunquam
1511 638 1565 691 in
1612 635 1744 689 obe-

174 749 367 809 diemia
390 745 584 802 dicitur
604 740 902 803 restitisse;
933 735 1024 790 ubi
1054 747 1183 788 vero
1217 728 1568 786 monasticum
1601 739 1747 779 sum-

175 840 277 910 psit
305 835 701 894 indumentum,
719 832 949 881 stratum
976 835 1132 876 suum
1165 819 1217 872 in
1248 815 1543 871 secretario
1575 811 1749 866 eccle-

174 902 263 1003 siae
292 938 513 996 ponens,
543 927 700 974 nocte
744 916 843 970 sub
880 912 1057 967 silenti
1095 907 1290 963 lectulo
1327 920 1573 974 surgens,
1601 902 1748 956 solus

175 996 226 1073 ιίι
254 1012 495 1070 oratorio
529 1007 759 1064 orationi
784 1003 1028 1058 vacabat.
1056 996 1282 1068 Jejuniis
1313 1010 1438 1050 vero
1476 1003 1582 1049 tam
1612 1005 1748 1062 prae-

174 1118 363 1180 potens
382 1112 523 1165 erat,
559 1108 619 1153 ut
648 1108 889 1163 tempore
919 1091 1029 1156 illo,
1056 1105 1176 1145 cum
1208 1102 1315 1158 prae
1346 1093 1606 1156 egestate,
1630 1095 1748 1151 qute

175 1174 447 1267 regionem
472 1191 612 1246 illam
640 1187 801 1260 675
828 1186 1173 1241 vehementer
1198 1176 1483 1246 affligebat,
1510 1174 1749 1227 triticum

176 1298 234 1358 ut
262 1283 417 1354 panis
448 1282 599 1335 fieret
628 1288 789 1333 etiam
815 1277 881 1331 ad
902 1288 1037 1345 opus
1073 1271 1212 1326 illius
1243 1268 1520 1328 defuisset,
1554 1277 1748 1332 panem

173 1352 355 1434 avenae
384 1374 589 1430 siccum
614 1381 671 1425 et
707 1368 911 1441 gratias
953 1378 1115 1437 agens
1144 1362 1198 1416 in
1246 1358 1541 1414 refectione
1569 1352 1749 1424 perci-

208 1471 337 1520 cret.

208 1482 337 1520 cret.

172 1482 205 1538 Ρ
240 1555 489 1623 Cumque
503 1564 732 1621 genuum
763 1544 1069 1610 inflexione,
1087 1540 1413 1614 ieiuniorum
1442 1536 1750 1604 afflictione,

173 1643 483 1709 infirmitas,
514 1655 634 1710 qua:
682 1638 972 1692 vehemens
1016 1635 1272 1697 irrueret,
1330 1644 1490 1685 crura
1545 1626 1754 1697 turgida

173 1736 516 1800 reddidisset,
548 1744 601 1789 et
629 1730 784 1802 quasi
806 1729 1000 1799 sopita,
1031 1725 1163 1780 adeo
1205 1730 1263 1777 ut
1294 1719 1433 1793 ignis
1481 1720 1753 1781 ardorem,

172 1831 297 1884 licet
353 1827 467 1901 pati
500 1825 793 1889 videretur,

177 1934 308 1981 voce
339 1898 643 1973 humillima
690 1911 1011 1984 precabatur
1048 1916 1107 1962 ut
1133 1902 1394 1977 levigandi
1423 1900 1594 1972 gratia
1625 1898 1757 1953 cali-

170 2025 268 2087 gas
297 2007 677 2063 abstraheret:
714 2010 768 2058 at
817 2001 926 2066 ille,
960 2007 1019 2054 ut
1061 2002 1178 2053 erat
1222 1993 1367 2049 mitis
1397 1989 1630 2063 eloquio,
1663 1989 1761 2043 hu-

172 2079 376 2155 ntiiitrr
407 2097 707 2166 abnegans,
729 2109 787 2149 se
822 2091 888 2147 ad
923 2089 1189 2146 modicum
1222 2084 1429 2156 perpeti
1460 2079 1761 2152 respondit,

170 2198 229 2244 et
277 2190 381 2243 hoc
426 2185 622 2241 leviter
665 2198 822 2254 posse
874 2181 1160 2238 sustinere.
1212 2175 1380 2231 Nocte
1410 2185 1536 2227 vero
1570 2168 1760 2225 subse-

172 2280 388 2350 quenti,
438 2275 669 2332 Domino
719 2272 1063 2345 propitiante,
1109 2268 1200 2324 illo
1248 2265 1565 2333 caeterisque
1616 2262 1764 2331 igno-

173 2372 452 2436 rantibus,
489 2371 777 2424 abstractae
805 2375 932 2422 sunt
976 2363 1179 2433 caligae.
1236 2358 1479 2427 Cumque
1517 2369 1584 2409 ex
1616 2366 1764 2407 more

171 2471 232 2518 ut
261 2463 332 2517 ad
380 2460 680 2516 Matutinos
712 2472 944 2528 pergens
998 2450 1158 2508 mane
1206 2448 1551 2512 surrexisset,
1606 2458 1763 2499 crura

171 2552 464 2619 sensisset,
499 2558 553 2605 et
576 2548 864 2619 caligasin
909 2544 1161 2601 cruribus
1203 2540 1424 2595 minime
1452 2536 1762 2606 reperisset,

176 2642 465 2698 admirans
492 2642 635 2711 quod
665 2639 953 2701 acciderat,
990 2649 1172 2691 coram
1214 2646 1273 2686 se
1301 2632 1352 2684 in
1380 2627 1575 2682 lectulo
1604 2627 1768 2696 plica-

176 2744 260 2803 tas
283 2733 513 2799 invenit,
537 2746 671 2801 quas
693 2729 886 2784 iterum
911 2725 1202 2795 accipiens,
1226 2721 1367 2775 sicut
1390 2724 1762 2779 consueverat,

178 2825 444 2883 reinduit.

772 2908 998 2968 CAPUT
1040 2907 1170 2963 Vlll.

249 3009 352 3064 Est
401 3017 459 3063 et
501 3006 646 3062 aliud
698 3002 970 3059 memoriae
1027 3001 1269 3069 dignum,
1328 2995 1470 3066 quod
1510 2994 1769 3049 Dominus

947 347 1170 405 anmr.
1202 375 1271 388 -
1309 342 1471 400 νιτΑ
1496 339 1558 394 n.
1588 335 1861 394 smoms
1882 330 2045 391 con.
2082 322 2597 389 CRESPEIENSIS.
2686 301 2691 305 ’

1772 459 1818 516 Α
1848 458 2009 505 ventu
2037 447 2194 502 taedio
2219 448 2536 502 viderentur
2559 440 2920 506 incommoda,
2962 436 3132 493 eremi
3177 434 3424 492 solitudi-

3284 322 3424 379 1218

1849 556 1968 595 nem
1995 538 2341 607 concupivit:
2375 536 2515 591 unde
2546 532 2855 589 monasterii
2885 531 3099 587 Patrem
3127 528 3333 592 adiens,
3366 538 3424 583 ut

1848 630 1970 684 illuc
2016 627 2297 698 gradiendi
2354 627 2574 682 licentia
2623 626 2677 681 ei
2722 625 2964 687 daretur,
3006 636 3166 691 prece
3195 634 3298 674 non
3330 621 3428 673 mi-

1847 719 1991 774 nima
2019 716 2285 787 deposcit,
2314 724 2371 771 et
2395 716 2622 787 adeptus
2647 722 2752 770 est.
2792 713 2909 781 Qua
2945 720 3187 782 accepta,
3214 725 3422 763 assum-

1846 806 1952 879 ptis
1975 820 2157 861 secum
2186 804 2374 874 paucis
2398 803 2465 859 de
2493 803 2772 870 fratribus,
2808 817 3037 872 quorum
3068 801 3176 857 vita
3212 799 3427 870 religio-

1847 900 2006 954 sitate
2027 894 2281 966 pollebat,
2308 909 2428 948 cum
2459 894 2760 949 humilitate
2777 883 3015 948 'recedit.

1919 986 2058 1053 Quid
2110 983 2183 1039 ibi
2241 983 2532 1037 adveniens
2577 983 2742 1052 gessit
2778 983 2834 1036 in
2887 995 3070 1053 opere,
3123 986 3432 1049 quantaque

1849 1094 1947 1149 pro
1973 1076 2175 1132 Christi
2205 1074 2421 1130 nomine
2449 1087 2734 1142 perpessus
2766 1082 2870 1137 est,
2902 1082 2961 1127 ut
2985 1072 3292 1141 exemplum
3342 1070 3431 1122 ﬁat

1850 1168 2220 1233 audientibus,
2266 1164 2554 1234 propalare
2581 1176 2803 1217 necesse
2834 1171 2936 1216 est.
2978 1162 3156 1232 Coepit
3202 1175 3435 1227 namque

1850 1270 1911 1315 ut
1946 1263 2011 1315 de
2042 1258 2259 1330 proprio
2303 1270 2558 1325 manuum
2607 1252 2834 1316 viveret,
2889 1250 2980 1305 ubi
3038 1251 3227 1306 novale
3281 1250 3437 1304 fieret

1852 1347 2098 1403 scindere
2122 1360 2244 1400 cum
2275 1342 2475 1399 securi.
2504 1340 2670 1397 Cibus
2698 1347 2818 1395 erat
2867 1338 3066 1403 tenuis,
3105 1338 3257 1406 panis
3308 1352 3434 1392 cum

1854 1452 2013 1507 aqua,
2046 1434 2292 1505 legumen
2325 1438 2380 1487 et
2408 1445 2565 1500 poma
2597 1429 2869 1485 silvestria
2901 1441 3021 1483 cum
3056 1426 3241 1481 labore
3263 1426 3437 1494 gravi,

1856 1524 1912 1579 et
1939 1525 2039 1578 hoc
2070 1520 2235 1575 semel
2271 1514 2323 1575 in
2360 1510 2468 1584 die,
2514 1526 2737 1587 excepta
2784 1515 3060 1571 Dominica
3107 1523 3163 1569 et
3214 1514 3299 1568 die
3349 1527 3438 1567 so-

1858 1614 2040 1671 lemni.
2061 1614 2128 1669 Et
2148 1626 2267 1682 quae
2282 1611 2424 1667 domi
2452 1608 2775 1673 contulerat,
2795 1623 2987 1677 aquam
3016 1605 3154 1661 coll.)
3170 1605 3439 1669 deferens,

1859 1705 1972 1776 ipse
2004 1703 2143 1758 mala
2173 1716 2298 1758 cum
2344 1700 2624 1770 pulmento
2654 1698 2887 1753 decoxit.
2924 1696 3010 1763 Et,
3067 1709 3186 1749 cum
3219 1694 3284 1747 ad
3313 1693 3440 1760 quid

852 1787 1075 1876 minime
1124 1787 1370 1879 sentiret,
1416 1812 1582 1866 abbas
1630 1823 1757 1865 suus
1790 1791 1831 1849 Β
1860 1792 2193 1865 Operaudum
2220 1790 2368 1846 foras
2393 1790 2762 1858 egrederetur,
2793 1787 2837 1841 si
2869 1787 2990 1855 quis
3011 1797 3213 1853 pauper
3246 1796 3439 1836 occur«

1863 1898 1986 1940 rens
2035 1883 2106 1938 ibi
2156 1881 2552 1951 eleemosynam
2611 1886 2877 1947 posceret,
2936 1872 3299 1944 dispensatori
3345 1884 3445 1927 suo

1859 1968 2191 2046 prarccperat
2214 1982 2273 2027 ut
2299 1969 2446 2025 nullo
2486 1967 2642 2023 modo
2670 1981 2869 2023 vacuus
2894 1964 3089 2020 abiret.

2484 2145 2715 2203 CAPUT
2754 2145 2823 2199 Χ.

1872 2338 1875 2357 τ
1934 2299 2144 2356 Accidit
2170 2306 2351 2355 autem
2383 2305 2443 2352 ut
2469 2296 2702 2366 quadam
2730 2293 2816 2350 die
2850 2293 3023 2351 viator
3047 2290 3295 2347 esuriens
3340 2289 3445 2346 illic

1864 2406 2089 2462 agapem
2116 2388 2450 2461 postularet;
2480 2403 2598 2457 quae
2624 2386 2737 2440 sola
2758 2395 3109 2441 remanserat
3136 2383 3326 2440 libram
3357 2397 3448 2451 pa-

1866 2483 1949 2538 nis
1980 2482 2031 2537 ei
2075 2480 2322 2536 minister
2354 2478 2568 2535 obtulit.
2612 2477 2765 2533 Tunc
2792 2478 2874 2532 vir
2906 2478 2998 2532 Dei
3029 2492 3150 2531 cum
3191 2475 3451 2529 fratribus

1864 2572 1999 2626 silva
2027 2570 2337 2640 regrediens
2367 2570 2411 2629 si
2444 2568 2591 2623 refici
2633 2576 2855 2638 possent
2903 2566 3150 2636 inquirit.
3195 2565 3293 2619 Cui
3340 2577 3451 2618 ser-

1864 2664 2007 2718 vitor
2041 2680 2053 2716 :
2090 2661 2271 2725 Panis,
2320 2660 2517 2729 inquit,
2547 2659 2727 2723 deest;
2768 2666 2896 2713 sunt
2930 2672 3088 2727 poma
3138 2654 3406 2713 silvestria
3435 2669 3451 2717 ;

1865 2754 1957 2823 qui
1986 2767 2109 2808 sero
2132 2748 2399 2821 superfuit
2422 2763 2616 2818 panem
2632 2747 2889 2818 indigenti
2916 2743 3277 2816 praebui.Mox
3301 2742 3455 2801 laetus

1866 2854 1922 2903 et
1955 2845 2065 2900 Deo
2092 2843 2295 2915 gratias
2325 2857 2517 2913 agens,
2542 2839 2900 2907 fratremque,
2926 2837 3019 2906 qui
3067 2836 3195 2891 illud
3243 2840 3453 2904 egerat,

1870 2936 2215 2997 benedicens,
2266 2932 2553 2988 ecclesiam
2615 2930 2779 2989 subiit
2828 2928 3061 2984 orationi
3112 2926 3452 2982 incumbens.

1874 3024 2112 3081 Necdum
2182 3021 2446 3077 orationis
2513 3020 2678 3074 verba
2752 3016 3007 3082 finierat,
3080 3024 3136 3071 et
3194 3029 3323 3070 ecce
3372 3012 3454 3066 vir

176 3119 343 3161 δετνο
391 3116 492 3157 δυο
538 3108 845 3196 ξ”οηδῑτπῗ
887 3094 1167 3196 δίεηίηιξδ,
1344 3089 1516 3196 Νθθίῗ
1564 3088 1765 3196 ﬁlo"?
1798 3138 1840 3196 ο
1873 3115 2090 3185 quidam
2119 3122 2347 3168 onustus
2380 3109 2612 3179 panibus
2646 3108 2962 3173 adveniens,
3016 3106 3117 3159 hos
3171 3104 3453 3173 dispensa-

177 3196 444 3266 quaalam,
471 3190 787 3262 priusquam
813 3187 1012 3241 fratres
1040 3184 1107 3239 ad
1137 3182 1329 3238 debitae
1357 3179 1633 3236 servitutis
1659 3177 1773 3232 olli-

175 3287 326 3343 cium
371 3281 793 3354 processissent,
843 3278 933 3332 ille
962 3275 1097 3331 alios
1128 3272 1476 3335 antecedens,
1505 3280 1776 3324 monaste-

180 3378 327 3431 rium
383 3383 515 3430 ante
554 3372 726 3427 altare
772 3369 1110 3425 Dominicum
1159 3375 1413 3423 oraturus
1455 3361 1774 3433 ingreditur.

180 3467 441 3537 Cumque
486 3468 542 3519 in
586 3464 833 3518 oratione
861 3461 1195 3531 persisteret,
1227 3473 1440 3513 sursum
1473 3467 1634 3527 caput
1669 3455 1780 3510 ele-

178 3576 337 3627 vans,
370 3557 623 3625 ecclesia:
650 3555 916 3609 fenestras
938 3551 1155 3606 luminis
1176 3550 1463 3621 splendore
1484 3564 1775 3604 coruscan-

181 3661 275 3717 tes_
344 3658 568 3717 tresque
614 3644 1019 3700 renitentissimi
1067 3641 1283 3697 habitus
1322 3641 1464 3696 viros
1502 3649 1779 3694 monaste-

178 3742 326 3797 rium
360 3739 674 3795 subintrare
700 3736 1028 3806 Speculatur,
1075 3748 1245 3804 usque
1283 3734 1334 3789 in
1385 3732 1781 3804 presbyterium

178 3831 537 3891 festinantes,
587 3841 817 3897 quorum
871 3841 1009 3881 unus
1052 3825 1323 3881 sacerdoti
1377 3824 1590 3888 similis,
1647 3822 1784 3877 alter

181 3918 428 3992 diacory‘,
467 3916 659 3971 tertius
697 3930 824 3970 vero
884 3915 1196 3970 subdiaconi
1252 3915 1486 3985 speciem
1536 3914 1780 3983 gerebat.

184 4010 290 4066 Ubi
317 4024 490 4080 super
512 4017 755 4063 sanctum
783 4006 974 4070 altare,
994 4006 1324 4075 inspectante
1346 4008 1464 4060 viro
1492 4007 1607 4069 Dei,
1631 4004 1782 4073 quasi

184 4090 457 4157 solemnia
488 4100 665 4153 missa:
692 4098 1038 4153 devotissime
1063 4097 1495 4153 celebraverunt.
1529 4099 1783 4155 Extrema

187 4207 319 4246 vero
361 4190 614 4245 oratione
655 4188 825 4254 finita,
872 4189 962 4258 qui
994 4189 1253 4243 sacerdos
1283 4190 1584 4252 videbatur,
1610 4176 1786 4243 Sitno¥

186 4300 316 4338 nem
355 4281 707 4345 benedicens,
741 4294 846 4333 una
876 4295 997 4333 cum
1029 4279 1193 4334 sociis
1215 4280 1281 4334 ab
1312 4280 1427 4349 t-jus
1460 4280 1629 4335 oculis
1657 4294 1784 4332 cva-

188 4371 335 4425 nuit.

1877 3206 1979 3262 tori
2019 3206 2119 3261 sub
2148 3204 2387 3260 Simonis
2412 3202 2629 3256 nomine
2652 3198 2893 3264 tradidit,
2928 3197 3020 3267 qui
3048 3196 3165 3251 viro
3206 3194 3300 3249 Dei
3335 3208 3459 3247 cum

1876 3298 2039 3354 sociis
2082 3295 2371 3359 accersito,
2419 3292 2551 3363 quid
2588 3291 2848 3347 acciderit
2899 3298 2953 3343 et
3001 3284 3459 3357 quemadmodum

1878 3388 2140 3444 Dominus
2155 3399 2432 3441 servorum
2462 3397 2683 3438 suorum
2708 3396 2813 3435 non
2842 3388 2927 3435 est
2954 3378 3153 3433 oblitus
3183 3372 3460 3432 iudicavit.

1879 3480 1957 3536 Illi
1988 3489 2168 3533 autem
2200 3476 2298 3531 sub
2323 3475 2415 3530 tali
2440 3473 2584 3529 facto
2613 3471 2922 3542 stupefacti,
2960 3471 3064 3524 hoc
3092 3467 3191 3523 viri
3220 3466 3314 3521 Dei
3340 3462 3464 3519 ﬁdei

1882 3573 2222 3642 deputantes,
2254 3569 2419 3623 Deum
2463 3574 2665 3637 pariter
2689 3564 3067 3627 laudaveram,
3092 3563 3145 3617 in
3171 3558 3467 3615 refectione

1878 3673 2178 3721 sumentes.

1953 3758 2190 3812 Rursum
2243 3755 2298 3809 in
2324 3766 2563 3816 nemore,
2597 3752 2687 3807 cui
2717 3750 2831 3805 fere
2870 3748 3071 3804 nullum
3109 3756 3321 3816 tempus
3370 3744 3469 3798 ba-

1883 3849 2112 3904 bebatur
2141 3861 2391 3910 vacuum,
2426 3845 2571 3916 ligna
2607 3841 2906 3898 succidenti
2951 3838 3341 3895 ferramentum
3382 3849 3469 3888 ar-

1885 3941 2015 3994 bore
2051 3952 2339 3993 excussum
2371 3937 2566 3991 vulnus
2619 3939 2755 4003 pede
2808 3933 3076 3988 incutiens
3121 3930 3471 3984 vehementer

1885 4029 2119 4085 reddidit
2145 4026 2424 4091 afflictum,
2467 4026 2604 4081 adeo
2632 4034 2691 4079 ut
2726 4023 2869 4079 domi
2914 4018 3230 4093 regrediens
3280 4014 3471 4070 alienis

1886 4126 2283 4178 sustentaretur
2336 4117 2595 4171 humeris.
2650 4115 2803 4181 Quod
2856 4112 3055 4167 fratres
3101 4110 3298 4179 oppido
3344 4121 3472 4161 conv

1886 4208 2112 4272 tristati,
2146 4216 2204 4260 nt
2230 4206 2298 4260 ad
2336 4205 2606 4260 medicum
2642 4203 2782 4259 mitti
2810 4203 3120 4260 deberetur.
3169 4196 3466 4251 insinuant.

1888 4298 2096 4367 Quibus
2154 4295 2244 4350 ille
2297 4310 2575 4358 renuens,
2635 4304 2863 4364 excepto
2914 4291 3006 4348 Dei
3071 4286 3470 4349 medicamine,

1891 4390 2193 4446 nullatenus
2248 4401 2308 4443 se
2356 4385 2492 4442 velle
2540 4386 2721 4441 sanari
2774 4383 3087 4453 respondit;
3140 4387 3195 4435 et
3246 4388 3423 4432 tamen
3455 4412 3472 4443 ,

264 4459 428 4528 Quod
472 4458 651 4514 abbati
712 4475 810 4514 suo
842 4498 856 4523 ,
897 4469 957 4513 ut
1014 4458 1181 4514 moris
1224 4469 1341 4525 est,
1388 4460 1772 4515 confessionem

1889 4487 2213 4549 procurante
2255 4476 2387 4542 Deo,
2436 4490 2562 4531 mox
2590 4474 2832 4546 pristinae
2877 4473 3160 4528 restitutus
3211 4476 3295 4524 est
3324 4467 3474 4523 sanie

190 4549 410 4606 faciens
459 4565 565 4604 non
611 4549 825 4612 celavit,
860 4550 1079 4618 exigens
1110 4550 1176 4603 ab
1212 4564 1275 4604 co
1327 4561 1407 4616 ut,
1456 4552 1692 4621 quandiu
1739 4553 1791 4606 in

190 4641 309 4695 vita
334 4639 681 4703 subsisteret,
714 4639 841 4694 nulli
885 4642 1099 4709 penitus
1141 4641 1417 4695 hominum
1468 4642 1786 4697 denudaret.

196 4730 391 4785 Abbas
428 4739 605 4783 autem
638 4729 827 4784 videns
860 4730 950 4784 Dei
983 4732 1254 4786 hominem
1293 4731 1591 4802 profectum
1621 4743 1795 4788 atten-

196 4823 453 4901 dentem,
486 4830 542 4875 et
590 4822 846 4891 paulatim
886 4838 1005 4893 quae
1036 4823 1129 4878 Dei
1167 4834 1292 4879 sunt
1332 4824 1558 4879 virtutes
1600 4825 1795 4879 multas

196 4906 655 4979 ainplectentem,
681 4911 858 4967 altiori
890 4929 1049 4983 quam
1085 4930 1192 4984 quo
1232 4915 1506 4985 ingressus
1533 4925 1614 4970 est
1645 4916 1796 4984 capi-

198 5002 302 5089 tuli
374 5001 527 5067 loco,
584 5004 874 5058 ascendere
939 5013 993 5061 et
1058 5006 1245 5061 sedere
1308 5008 1605 5078 pra-cepit:
1657 5008 1799 5078 quod

202 5095 326 5163 ipse
386 5092 677 5146 admodum
740 5097 890 5149 triste
945 5096 1156 5162 ferens,
1204 5099 1480 5153 veniarnm
1542 5101 1801 5170 multipli-

202 5184 436 5238 catione
488 5183 912 5239 misericordiam
963 5187 1308 5257 postulabat;
1354 5197 1412 5243 ct
1464 5190 1564 5244 hoc
1615 5189 1799 5247 tandiu

200 5272 400 5331 actum
427 5283 531 5342 est,
572 5275 740 5331 donec
770 5278 835 5333 ad
861 5278 1042 5333 sedem
1074 5281 1357 5350 pristinam
1399 5284 1639 5337 revocari
1677 5298 1801 5353 pro‘

200 5367 439 5423 meruit.

834 5461 1058 5519 CAPUT
1096 5462 1187 5518 IX.

284 5550 640 5618 Pcrpendeus
669 5551 849 5622 itaque
892 5555 1149 5610 honorem
1188 5570 1217 5608 a
1254 5554 1513 5612 fratribus
1558 5556 1661 5611 sibi
1704 5556 1803 5611 im-

207 5655 472 5711 pensum,
501 5652 851 5715 metuensque
875 5660 941 5700 ne
964 5644 1287 5716 jejuniorum
1315 5664 1533 5703 suorum
1563 5647 1800 5718 afﬂictio,

212 5747 314 5785 seu
356 5728 462 5784 alia
494 5732 742 5800 quaslibet
784 5736 975 5791 animm
1024 5738 1349 5804 necessaria,
1398 5739 1553 5793 alicui
1596 5741 1644 5793 in
1674 5756 1803 5794 ron-

1895 4569 2011 4623 tati.

1968 4660 2083 4715 Sub
2133 4660 2273 4714 idem
2330 4671 2458 4713 vero
2515 4664 2725 4724 tempus
2771 4653 2853 4708 vir
2900 4651 3118 4723 quidam
3170 4647 3473 4718 religiosus.

1897 4749 2031 4805 tanti
2091 4749 2190 4802 viri
2250 4748 2447 4801 famam
2491 4746 2739 4807 audiens,
2799 4742 2975 4799 ferreo
3012 4742 3238 4797 vestitus
3276 4739 3476 4793 amictu

1894 4858 2059 4914 super
2099 4842 2262 4905 nudo,
2304 4842 2369 4896 de
2413 4841 2705 4911 longinquo
2749 4837 2954 4893 viscndi
3010 4835 3187 4906 gratia
3223 4834 3369 4888 venit
3408 4830 3476 4886 ad

1894 4950 2049 4996 eum;
2086 4932 2175 5001 qui
2207 4932 2399 4987 devote
2426 4932 2649 4985 veniens
2687 4928 2933 4985 devotius
2978 4929 3049 4983 ab
3082 4941 3149 4982 eo
3193 4933 3477 4992 Susceptus

1894 5034 1997 5080 est.
2022 5023 2191 5089 Quem
2229 5031 2512 5090 postquam
2545 5020 2711 5091 676
2745 5018 3002 5073 secretim
3034 5016 3337 5085 alloquens,
3385 5027 3479 5066 ue-

1897 5116 2043 5171 scius
2072 5128 2179 5182 quo
2208 5114 2455 5175 docente,
2505 5112 2581 5165 sic
2632 5111 2876 5165 indutum
2906 5108 3188 5179 comperit,
3238 5092 3478 5161 summos

1899 5223 2026 5279 pere
2074 5207 2393 5277 deprecatur
2441 5202 2812 5272 paruitentiale
2862 5201 2990 5256 illud
3041 5200 3141 5256 sibi
3182 5200 3343 5254 dari:
3386 5198 3478 5266 qui

1900 5300 2149 5368 [rceibus
2177 5297 2294 5365 ejus
2335 5310 2596 5359 annuens,
2632 5295 2758 5348 licet
2789 5293 2989 5348 invitus
3032 5293 3257 5357 dimisit,
3289 5298 3345 5346 et
3384 5291 3479 5344 ab-

1897 5389 2114 5445 scessit.
2155 5389 2342 5443 Simon
2369 5404 2520 5455 vero,
2543 5389 2611 5442 ab
2641 5385 2839 5441 abbate
2881 5386 2965 5440 vix
3016 5386 3206 5454 adepta
3238 5383 3480 5449 licentia,

1900 5494 2100 5547 corpus
2123 5488 2384 5541 tenerum,
2414 5480 2623 5547 abiecto
2644 5480 2823 5535 cilicio
2848 5492 2955 5546 quo
2979 5477 3253 5544 utebatur,
3291 5475 3483 5529 durius

1904 5568 2033 5622 illud
2080 5568 2255 5622 induit
2283 5568 2473 5623 diebus
2499 5570 2706 5634 multis,
2753 5571 2987 5626 cadaver
3031 5567 3267 5623 alliciens
3319 5566 3478 5620 semi-

1904 5665 2215 5715 mortuam:
2246 5656 2390 5725 quod
2422 5655 2693 5728 ferrugine
2742 5660 2987 5723 tinctum,
3033 5658 3306 5729 clarorum
3358 5664 3479 5709 tun-

1908 5748 2148 5805 siouibus
2181 5748 2442 5814 attritum,
2476 5757 2583 5803 tam
2633 5750 2853 5805 lividum
2892 5761 2946 5807 et
2992 5751 3309 5807 dilaniatum
3366 5747 3479 5801 red-
