4032 6326
610 293 748 348 1219

1526 282 1620 338 AD
1646 279 1796 337 OPP.
1823 272 1979 330 VEN.
2008 268 2331 327 GUIBERTI
2370 269 2553 327 ΒΕΝο
2599 270 2890 327 VIGENTO

3722 274 3844 329 I220

607 405 772 470 didit,
808 414 865 459 ut
894 404 983 473 qui
1026 402 1176 463 vidit,
1217 405 1504 460 assereret,
1530 393 1721 466 [quod]
1752 392 1934 447 etiam'
1955 400 2178 445 saxeum
2206 388 2251 447 Α
2282 384 2484 453 pariter
2512 396 2567 439 et
2594 386 2759 453 ignoti
2791 384 3064 440 Simonem
3088 384 3410 456 diligebant,
3433 383 3712 440 Simonem
3739 404 3845 443 eer-

608 506 796 564 pectus
823 495 907 563 pie
938 495 990 547 in
1018 491 1231 545 ﬂetibus
1252 487 1445 542 molliri
1480 500 1636 555 posse
1658 485 1951 538 videretur.

1213 636 1439 696 CAPU'I'
1477 634 1547 692 XI

674 754 871 808 Eodem
899 766 1028 806 vero
1059 759 1298 820 tempore
1340 752 1493 804 bonae
1525 744 1802 803 memoria:
1831 745 2053 816 IIugone
2083 745 2178 799 ab—

601 844 726 897 bate
756 842 1189 900 Cluniacensmtn
1228 851 1452 909 rogante
1495 847 1553 890 ut
1609 838 1722 906 ipse
1756 839 1947 891 beatus
1998 836 2081 888 vir
2120 835 2176 889 in

600 932 826 984 Galliam
852 929 1307 999 proficisceretur,
1332 937 1389 981 ut
1416 942 1515 996 pro
1540 942 1605 980 eo
1639 939 1816 997 regem
1848 925 2175 978 Francorum

599 1019 921 1089 Philippum,
950 1020 1039 1087 qui
1074 1018 1175 1071 sibi
1205 1019 1449 1087 quaedam
1482 1016 1783 1081 auferebat,
1814 1015 2178 1083 alloqueretur

595 1121 647 1164 et
692 1110 1029 1177 corriperet,
1078 1108 1290 1163 abbatis
1325 1108 1406 1163 sui
1440 1108 1662 1176 imperio
1702 1107 1756 1160 in
1802 1104 2030 1160 Galliam
2061 1118 2178 1173 pro-

598 1198 773 1261 fectus
803 1206 887 1252 est

668 1288 877 1342 Accidit
901 1294 1081 1341 autem
1104 1301 1168 1339 eo
1198 1284 1568 1354 proﬁcisccnte
1590 1286 1730 1354 apud
1761 1284 2172 1353 Compendium,

596 1376 850 1446 oppidum
891 1376 1053 1446 regis,
1097 1386 1153 1428 ut
1195 1375 1469 1429 sudarium
1520 1373 1731 1427 Domini
1762 1373 1926 1428 levari
1963 1374 2177 1428 debuis-

599 1480 701 1530 set,
732 1475 785 1520 et
813 1481 974 1534 capsa
1007 1480 1172 1519 aurea
1201 1466 1481 1537 decentius
1507 1464 1701 1534 deponi
1729 1481 1744 1529 ;
1788 1466 1931 1534 quod
1963 1464 2044 1518 vir
2072 1463 2177 1517 Do-

596 1557 727 1609 mini
756 1557 999 1621 audiens,
1038 1556 1104 1608 ah
1136 1555 1327 1610 itinere
1380 1557 1513 1625 ]uod
1549 1556 1749 1611 rectius
1777 1555 2078 1621 videbatur,
2120 1562 2179 1608 ut

596 1645 722 1701 illuc
764 1647 962 1713 abiret,
990 1646 1382 1715 aliqttanlulum
1411 1647 1631 1703 divertit
1658 1663 1723 1702 ac
1767 1647 1822 1702 in
1868 1646 2021 1702 brevi
2074 1646 2178 1702 Do-

594 1738 742 1793 mino
764 1739 993 1794 ducente
1023 1741 1296 1808 pervenit;
1329 1740 1419 1809 qui
1459 1739 1601 1794 beati
1635 1737 1869 1794 Cornelii
1898 1738 2051 1807 quasi
2074 1737 2176 1792 sub
2208 1718 2251 1773 Β

593 1826 809 1881 Occulta
834 1826 1091 1897 templum
1120 1838 1375 1883 oraturus
1416 1829 1717 1899 ingressus,
1748 1844 1778 1881 a
1827 1826 2173 1897 quibusdam,

594 1917 687 1985 qui
718 1917 997 1972 festivitati
1034 1918 1356 1982 intererant,
1381 1918 1564 1973 statim
1598 1918 1932 1987 agnoscitur,
1964 1928 2019 1971 et
2048 1931 2175 1971 mox

596 2005 739 2060 fama
768 2007 1080 2077 pervolante
1108 2024 1292 2061 rumor
1334 2009 1386 2062 in
1416 2008 1637 2063 auribus
1667 2008 1812 2078 vulgi
1854 2007 2169 2077 suscipitur.

596 2095 708 2149 Vox
758 2097 935 2165 populi
966 2108 1019 2152 et
1051 2098 1217 2152 turba:
1246 2099 1478 2153 laetantis
1501 2098 1708 2153 clamor
1744 2098 2047 2152 attollitur:
2089 2097 2174 2153 Si-

592 2198 719 2237 mon
763 2183 875 2240 l‘ere
904 2186 973 2240 ab
999 2187 1249 2243 omnibus
1280 2188 1645 2253 clamabatur;
1695 2188 1881 2242 Simon
1927 2188 2172 2242 certatim

594 2275 873 2343 aspicitur,
894 2286 949 2331 et
969 2278 1047 2332 sic
1076 2294 1245 2347 usque
1280 2280 1347 2334 ad
1378 2279 1638 2349 palatium
1680 2280 1841 2350 regis,
1874 2280 1982 2341 vix,
2018 2278 2172 2333 turba

598 2376 896 2433 premente,
930 2367 1288 2423 subtrahitur.

666 2458 836 2525 Quem
873 2474 988 2533 rex,
1022 2461 1112 2528 qui
1164 2476 1335 2529 nuper
1382 2461 1711 2525 advenerat,
1760 2460 2175 2530 diligentissime

594 2550 810 2604 intuens
836 2552 1041 2605 honore
1083 2553 1361 2619 perdebito
1412 2553 1668 2622 suscepit,
1718 2567 1951 2621 eumque
1981 2553 2173 2607 blande

593 2641 879 2705 allocutus,
910 2643 955 2697 si
979 2644 1106 2712 quid
1136 2644 1291 2698 abeo
1322 2644 1633 2712 postularet,
1675 2659 1732 2698 se
1764 2645 1984 2712 obsequi
2034 2658 2173 2712 prae-

592 2740 839 2797 paratum
868 2731 1229 2788 libentissime
1272 2734 1594 2803 repromisit.
1628 2734 1717 2786 Ille
1745 2749 1871 2787 vero
1897 2734 2172 2801 petitionis

594 2836 704 2875 suae
749 2838 854 2876 non
883 2823 1192 2889 immemor,
1237 2826 1366 2894 quid
1391 2824 1494 2880 sibi
1521 2835 1807 2895 quaereret,
1840 2826 2090 2891 innotuit,
2117 2834 2173 2880 et

592 2913 731 2968 sicut
754 2914 1004 2983 petierat,
1037 2916 1362 2983 impetravit.

662 3004 719 3058 In
754 3007 994 3059 ctastino
1047 3006 1229 3075 itaque
1276 3005 1619 3061 solemnitate
1669 2994 1906 3075 peracta,
1962 3014 2017 3058 et
2071 3004 2173 3060 Do-

591 3096 725 3151 mini
792 3096 1091 3166 perspectis
1156 3096 1399 3165 reliquiis
1430 3135 1447 3161 ,
1510 3096 1804 3165 Anglorum
1872 3111 2052 3165 regem
2115 3102 2170 3149 et

595 3187 856 3258 reginam,
903 3186 993 3256 qui
1034 3200 1157 3241 eum
1191 3188 1515 3250 nutrierant,
1544 3185 1749 3240 visendi
1777 3186 1947 3254 gratia
1981 3184 2170 3239 North-

591 3276 866 3331 manniam
912 3290 1087 3345 usque
1161 3277 1500 3345 properavit,
1568 3273 1799 3342 illucque
1849 3275 2170 3342 perveniens

590 3376 780 3422 contra
810 3366 997 3430 tilium,
1026 3365 1319 3421 Robertum
1346 3366 1585 3432 nomine,
1612 3382 1793 3436 regem
1820 3367 2167 3420 dimicantem

592 3459 829 3522 invenit;
886 3459 976 3527 qui
1029 3459 1243 3528 utrique
1280 3472 1636 3527 ‘compassus,
1686 3473 1817 3526 pace
1875 3457 2167 3512 reformata

591 3547 910 3615 pestilentia:
940 3547 1138 3600 malum
1167 3563 1196 3601 a
1238 3549 1452 3618 regione
1487 3548 1707 3618 fugavit.

663 3638 854 3691 Audita
895 3652 1021 3693 vero
1068 3637 1186 3707 ejus
1235 3638 1375 3692 fama
1424 3639 1516 3708 qui
1569 3639 1651 3693 sui
1705 3639 1758 3692 ιιι
1789 3638 1984 3694 smculo
2030 3638 2169 3692 dice-

590 3729 808 3795 bantur,
861 3730 947 3783 alii
1000 3741 1055 3784 et
1103 3731 1468 3801 quamplures,
1507 3746 1642 3801 pene
1666 3731 1864 3785 milites
1900 3729 2065 3795 mille,
2113 3731 2165 3784 in

590 3822 880 3878 adventum
906 3824 1023 3893 ejus
1053 3824 1155 3876 lacti
1183 3824 1395 3877 obviam
1422 3833 1826 3891 processerunt,
1847 3833 1901 3876 et
1940 3825 2166 3892 quisque

591 3914 657 3965 de
688 3915 905 3983 proprio
945 3930 1135 3967 aurum
1166 3915 1247 3969 vcl
1280 3925 1581 3982 argentum,
1625 3915 1823 3968 mulam
1873 3931 1965 3970 sett
2016 3915 2166 3982 pale-

592 4004 788 4055 t‘ridum
821 4012 877 4055 ut
921 4003 1214 4071 acciperet,
1249 4004 1594 4058 devotissime
1638 4004 2025 4072 precabantur;
2079 4003 2165 4058 ille

592 4107 722 4146 vero
761 4093 890 4147 loris
917 4097 1121 4162 gratias
1143 4107 1328 4160 agens,
1356 4093 1520 4147 corde
1564 4107 1661 4161 pro
1690 4092 1857 4146 nihilo
1888 4102 2161 4162 reputans,

591 4182 796 4237 nullum
830 4184 1041 4251 penitus
1087 4185 1380 4253 accipiens,
1431 4184 1547 4239 [nec
1592 4183 1772 4239 omnia
1824 4197 1892 4237 ex
1937 4186 2164 4239 adverso

589 4273 953 4341 cmspicatur.

2281 488 2407 528 nere
2430 473 2777 539 lieutbantur;
2809 491 2913 529 non
2936 476 3036 531 hoc
3057 475 3300 543 fortuito,
3333 475 3429 530 sed
3460 475 3562 531 Dei
3589 477 3848 546 dispensa-

2280 561 2425 616 tione
2455 560 2571 616 Iieri
2596 564 2915 618 credendum
2937 573 3040 619 est.

2348 652 2489 707 Ecce
2530 653 2767 707 occurrit
2821 653 2871 708 in
2915 655 3171 709 memoria
3201 655 3354 709 mira:
3384 654 3557 725 ipsius
3595 653 3849 723 patientia!

2278 747 2509 808 bonum,
2564 746 2704 813 quod
2754 747 2939 800 eodem
2997 746 3189 801 itinere
3240 747 3502 801 sustinuit
3545 747 3851 801 necessitate

2279 834 2604 903 compulsus.
2648 834 2779 887 Nam
2825 850 2947 890 cum
3001 836 3141 905 apud
3182 833 3539 889 Firmitatem
3575 835 3842 891 castellum

2277 942 2395 995 qua:
2418 926 2544 982 olim
2593 925 2760 995 ipsius
2808 926 3093 981 luereditas
3120 927 3260 981 dicta
3291 937 3398 991 est,
3430 924 3483 980 in
3529 926 3748 995 propria
3768 927 3848 980 de-

2278 1024 2603 1078 moraretur,
2632 1017 2862 1069 amicum
2896 1015 3179 1083 quemdam
3213 1017 3280 1069 ad
3304 1030 3363 1069 se
3392 1015 3460 1069 de
3480 1014 3610 1069 villa
3647 1014 3847 1068 Venien~

2279 1114 2406 1169 tem,
2456 1104 2673 1159 videndi
2721 1104 2988 1159 desiderio
3015 1120 3340 1169 aeeensum,
3384 1119 3530 1159 unus
3573 1118 3645 1158 ex
3684 1104 3749 1158 iis
3772 1105 3848 1174 qui

2278 1202 2522 1261 raptores
2548 1193 2820 1258 dicuntur,
2856 1194 3142 1263 improvise
3183 1193 3501 1263 prosiliens,
3530 1202 3751 1262 captum
3775 1210 3848 1247 ra-

2276 1282 2391 1351 puit
2427 1292 2480 1335 et
2507 1283 2759 1338 abcessit.
2787 1284 2940 1349 Quod
2983 1285 3055 1339 ibi
3088 1284 3287 1338 milites
3311 1293 3367 1337 et
3396 1283 3501 1337 viri
3543 1282 3750 1337 nobiles
3770 1284 3849 1337 ad-

2276 1381 2586 1435 verterunt,
2621 1374 2777 1427 triste
2802 1366 3092 1428 admodum
3125 1373 3393 1436 ferentes,
3425 1372 3781 1441 quasiernnt,
3803 1383 3850 1427 et

2277 1473 2523 1533 repertus
2544 1473 2650 1519 est.
2692 1464 2896 1520 Emere
2928 1464 3133 1532 oculos,
3179 1479 3274 1520 seu
3298 1463 3458 1519 aliter
3476 1463 3751 1535 justitiam
3783 1462 3852 1517 fa-

2279 1567 2406 1608 cere
2434 1553 2802 1609 minabantur.
3460 1570 3461 1573 ‘

2349 1642 2447 1699 Vir
2490 1653 2670 1701 autem
2710 1645 2922 1701 Domini
2970 1646 3366 1713 innocentiam,
3426 1652 3486 1701 et
3542 1644 3676 1701 illud
3726 1647 3847 1717 quod

2277 1735 2537 1806 scriptum
2567 1745 2650 1792 est
2683 1736 2847 1792 corde
2877 1737 3117 1793 retinens
3147 1750 3162 1790 :
3194 1755 3214 1789 ι
3247 1736 3374 1792 Mihi
3413 1735 3739 1803 vindictam,
3764 1755 3846 1810 ego

2278 1827 2609 1890 retribuam,
2658 1826 2789 1881 dicit
2827 1827 3084 1881 Dominus
3129 1824 3308 1896 (Rom.
3364 1840 3474 1894 xu,
3529 1827 3648 1893 I9),
3681 1846 3699 1880 ι
3746 1828 3845 1886 ﬁeri

2275 1913 2497 1969 omnino
2522 1914 2813 1983 prohibuit.
2850 1914 3001 1970 Tunc
3028 1930 3166 1970 unus
3195 1929 3261 1969 ex
3286 1916 3473 1982 sociis,
3512 1918 3773 1971 accersito
3790 1934 3844 1973 eo

2275 2014 2488 2061 secreto
2514 2005 2826 2075 alloquitur,
2855 2006 2998 2062 scire
3019 2006 3202 2061 volens
3222 2005 3458 2076 qualiter
3476 2014 3535 2062 et
3559 2022 3670 2076 quo
3691 2010 3843 2064 animo

2276 2100 2420 2155 illam
2451 2100 2703 2170 injuriam
2729 2099 2929 2154 illatam
2958 2098 3278 2166 sustineret,
3320 2101 3367 2155 si
3395 2100 3634 2156 dedecus
3661 2103 3842 2157 illatum

2274 2190 2343 2245 ab
2374 2190 2556 2260 aliquo
2598 2191 2651 2245 in
2697 2191 2917 2261 pr0pria
2944 2191 3201 2254 sentiret,
3250 2190 3424 2257 magis
3450 2204 3575 2245 esse
3604 2206 3661 2245 se
3690 2191 3842 2245 la-tutn

2275 2292 2329 2336 et
2356 2284 2559 2352 gratias
2586 2282 2694 2337 Deo
2716 2283 2973 2338 exhibere
2993 2281 3294 2351 respondit,
3320 2280 3446 2352 quia
3471 2281 3732 2351 patientia
3750 2283 3841 2337 sal-

2277 2374 2524 2428 vabimus
2551 2375 2758 2430 animas
2783 2383 3016 2429 nostras.

2871 2527 3099 2584 CAPUT
3140 2527 3251 2583 XII.

2332 2639 2572 2696 Peracﬁs
2588 2640 2749 2712 igitur
2761 2640 2815 2695 in
2828 2639 3017 2696 itinere
3028 2655 3146 2711 qua:
3159 2641 3520 2710 perpetranda
3548 2650 3722 2703 erant,
3737 2656 3837 2696 ere—

2274 2750 2419 2788 mum
2440 2734 2902 2804 regrediens,qua3
2915 2732 3063 2802 prius
3079 2743 3435 2803 proposuerat
3460 2732 3661 2787 iterum
3678 2734 3839 2787 incho-

2273 2826 2404 2890 avit,
2437 2827 2617 2895 ibique
2640 2835 2899 2893 quantum
2929 2825 3079 2879 licuit
3106 2822 3274 2879 labori
3292 2840 3558 2893 corporeo
3588 2825 3840 2887 insistens,

2272 2913 2326 2968 in
2344 2913 2648 2967 humilitate
2664 2913 2991 2982 conquievit.
3006 2913 3132 2977 Sed,
3151 2927 3217 2967 ne
3232 2911 3424 2967 civitas
3440 2927 3608 2982 super
3629 2924 3839 2967 montem

2276 3008 2477 3075 posita,
2507 3015 2562 3060 et
2584 3005 2763 3059 lumen
2792 3004 2985 3059 lateret
3011 3005 3065 3058 iu
3094 3002 3351 3068 tenebris,
3384 3012 3591 3057 sancta:
3612 3002 3840 3057 Romana:

2270 3098 2414 3153 sedis
2444 3105 2774 3151 memoratus
2805 3097 3033 3152 antistes
3070 3096 3205 3151 tanti
3232 3096 3333 3151 viri
3367 3110 3570 3152 nomen
3616 3095 3839 3156 audiens,

2269 3187 2447 3241 abbati
2473 3200 2590 3252 suo,
2622 3192 2674 3239 ut
2710 3186 2777 3240 ad
2802 3202 2925 3240 eum
2957 3187 3284 3251 mitteretur,
3317 3185 3518 3240 litteris
3548 3186 3835 3239 denuntiat.

2268 3274 2360 3332 Ille
2405 3291 2535 3331 vero
2571 3278 2707 3331 tanti
2750 3276 2878 3332 mali
2912 3276 3053 3331 fama
3085 3278 3268 3332 dolore
3296 3287 3636 3340 commotus,
3674 3290 3737 3329 ne
3764 3275 3841 3327 alii

2270 3371 2639 3433 turbarentur,
2679 3369 2910 3439 sigillum
2946 3369 3293 3423 abscondisse
3338 3383 3439 3423 nec
3484 3368 3841 3421 manifestasse

2268 3461 2484 3523 dicitur,
2509 3461 2680 3515 donec
2704 3460 2953 3514 dominus
2989 3475 3124 3528 papa
3159 3474 3345 3512 rursus
3370 3458 3539 3528 677
3564 3458 3707 3511 aliud
3734 3459 3838 3511 mit-

2270 3566 2425 3621 teret,
2453 3558 2596 3626 quod
2635 3557 2855 3611 duriora
2886 3555 3169 3626 bajularct.
3203 3556 3454 3610 Secundo
3498 3571 3729 3623 namque
3761 3570 3837 3624 pet

2266 3647 2499 3702 litteram
2544 3649 2745 3703 editam
2784 3647 2963 3712 dedit,
2997 3647 3099 3701 nisi
3130 3646 3453 3715 quantocius
3492 3646 3547 3699 in
3584 3646 3837 3700 Simonem

2268 3737 2683 3792 transmittendo
2734 3736 2962 3792 festinus
3015 3737 3295 3802 existeret,
3338 3736 3512 3791 abbas
3563 3744 3621 3790 et
3667 3744 3835 3790 cuncta

2266 3834 2610 3903 congregatio
2640 3848 2671 3885 a
2718 3831 2945 3902 spiritali
2976 3830 3149 3887 oliicio
3188 3840 3427 3887 vacaret.
3472 3831 3620 3899 Quid
3670 3830 3836 3900 plura?

2266 3924 2541 3979 Turbatur
2605 3925 2773 3979 abbas
2806 3962 2824 3992 ,
2900 3924 3096 3978 fratres
3163 3924 3369 3993 pariter
3414 3925 3835 3978 constristantur.

2265 4014 2401 4081 Quid
2425 4015 2568 4068 aliud
2599 4013 2869 4069 facerent?
2898 4011 3151 4069 Lcclesia:
3178 4028 3410 4083 namque
3436 4013 3686 4069 solamen
3706 4014 3820 4067 amit

2266 4107 2417 4163 titur.
3544 4092 3549 4097 ”

2334 4202 2602 4272 Disposito
2638 4217 2768 4273 ergo
2812 4201 3006 4256 itinere
3046 4201 3098 4256 in
3131 4202 3206 4257 ‘iis
3235 4216 3354 4270 qua:
3379 4201 3568 4270 parari
3602 4200 3832 4255 videban.

2267 4299 2384 4356 tur,
2424 4291 2611 4346 Simon
2664 4308 2769 4345 una
2826 4306 2948 4345 cum
3001 4290 3163 4347 sociis
3208 4292 3276 4346 ad
3320 4290 3524 4347 Urbem
3588 4290 3831 4361 dirigitur.

658 4363 739 4418 Ad
771 4366 1015 4419 ultimum
1049 4380 1177 4420 vero
1223 4379 1401 4435 regem
1450 4375 1660 4421 secreto
1698 4364 1886 4420 adiens
1923 4373 1979 4418 et
2018 4364 2159 4432 regio

2270 4384 2433 4449 Quem
2457 4394 2742 4453 postquam
2772 4382 3075 4438 venientem
3099 4383 3329 4437 domnus
3354 4380 3689 4451 apostolicus
3709 4396 3825 4434 eom-

590 4468 735 4518 uam,
770 4466 990 4509 tnwstos
1018 4455 1217 4524 pietate
1244 4455 1448 4524 pariter
1474 4455 1701 4509 reddidit
1743 4464 1798 4509 et
1838 4453 2159 4523 gaudentes;

587 4548 721 4599 adeo
746 4555 803 4600 ιιι
832 4548 1038 4615 regina,
1066 4548 1206 4602 sicut
1251 4547 1513 4601 bonarum
1549 4547 1717 4600 moris
1744 4556 1830 4601 est
1854 4546 2160 4609 mulierum,

589 4637 736 4707 loqui
796 4640 1046 4707 nequiret
1107 4640 1272 4694 verba
1338 4638 1704 4693 intercedente
1752 4637 1984 4707 ploratu.
2036 4637 2163 4692 Post

586 4728 760 4782 dulcia
790 4729 971 4799 itaque
1008 4746 1191 4785 eorum
1223 4731 1485 4801 colloquia
1510 4771 1524 4793 ,
1557 4744 1611 4784 et
1644 4730 1918 4799 reliquias,
1948 4745 2159 4792 autum,

585 4830 886 4887 argentum,
917 4829 969 4874 et
995 4831 1189 4875 castera
1217 4837 1335 4890 qua:
1368 4820 1669 4888 bujusmodi
1701 4828 1825 4873 sunt
1848 4819 2161 4872 munuscula

586 4910 659 4964 tlli
680 4910 929 4976 olTet-nnt,
954 4919 1013 4964 ut
1036 4911 1264 4980 benigne
1285 4911 1579 4979 susciperet
1601 4923 1942 4979 summopere
1973 4910 2158 4976 depre-

585 5011 775 5057 cantes
802 5024 814 5058 :
839 5004 927 5058 ille
957 5013 1135 5057 autem
1165 5015 1346 5072 preter
1372 5003 1626 5073 reliquias
1666 5004 1781 5057 haae
1816 5003 1997 5057 omnia
2045 5002 2161 5054 vili-

583 5093 836 5159 pendens,
870 5093 1072 5147 nullum
1121 5093 1173 5146 iu
1216 5093 1532 5160 accipiendo
1580 5091 1805 5156 praebuit
1856 5106 2154 5145 assensum.

582 5184 863 5253 lgttorante
890 5194 1067 5238 tanten
1100 5184 1209 5247 illo,
1240 5186 1328 5252 qui
1358 5200 1477 5238 eum
1500 5199 1564 5237 eo
1594 5185 1720 5237 socii
1750 5184 1981 5245 fuerant,
2015 5200 2158 5251 qure-

577 5276 699 5327 datn
730 5277 931 5344 optima
960 5276 1059 5330 sub
1086 5275 1348 5330 absconso
1372 5278 1648 5345 capientes
1687 5294 1909 5332 munera
1953 5278 2159 5332 detule-

578 5375 703 5418 runt
732 5384 745 5419 :
778 5366 959 5436 itaque
987 5366 1129 5423 male
1171 5368 1314 5423 facto
1343 5377 1397 5423 et
1423 5379 1643 5440 accepto
1668 5370 1735 5423 ad
1769 5370 2155 5424 monasterium

580 5457 785 5523 regredi
812 5456 1119 5512 meditatur.
1150 5457 1194 5513 Ο
1224 5458 1361 5512 mira
1389 5459 1481 5513 Dei
1506 5459 1862 5529 dispensatio!
1903 5461 2026 5530 quis
2058 5461 2154 5516 ho-

576 5545 781 5598 tninutn
811 5556 1017 5601 tantum
1056 5548 1355 5603 dilectionis
1380 5548 1574 5603 donum
1610 5549 1678 5603 ab
1716 5549 2020 5604 hominibus
2050 5551 2152 5603 im-

576 5650 804 5703 pensum
841 5642 1168 5708 temporibus
1200 5640 1316 5696 istis
1358 5644 1722 5713 promeruisse
1759 5643 1995 5698 dicitur?
2031 5642 2151 5697 Noti

2264 4477 2437 4545 perit,
2468 4484 2524 4529 et
2555 4475 3075 4546 appropinquantem
3104 4473 3276 4529 oculis
3304 4470 3537 4528 intuitus
3566 4484 3674 4538 est,
3701 4471 3831 4525 latus

2263 4567 2509 4628 eﬂicitur,
2532 4581 2657 4621 cum
2684 4567 2891 4621 honore
2920 4565 3201 4637 perdebito
3231 4565 3536 4635 suscipiens
3559 4580 3705 4619 eum.
3750 4561 3829 4617 Cui

2264 4659 2352 4713 ubi
2383 4659 2577 4713 blande
2608 4657 2871 4712 allocutus
2912 4658 3065 4727 pacis
3106 4657 3351 4713 osculum
3397 4658 3665 4721 tradidit;
3697 4655 3828 4724 juxta

2265 4748 2476 4804 Thecla:
2527 4749 2751 4819 virginis
2795 4744 3079 4804 ecclesiam
3128 4749 3319 4803 domus
3372 4748 3441 4801 ad
3494 4748 3825 4801 habitandum

2264 4852 2502 4909 congrua
2554 4838 2787 4907 eligitur.
2841 4835 2957 4902 Qua
3006 4835 3349 4890 sanctissime
3398 4835 3742 4890 conversanti
3785 4836 3825 4885 et

2262 4930 2490 4984 orationi
2530 4929 2783 4993 vacanti,
2824 4929 3003 4982 onmis
3047 4928 3279 4981 societas
3306 4941 3526 4980 suorum
3560 4940 3658 4994 pro
3689 4923 3823 4977 inﬁr-

2262 5019 2450 5071 tnitate
2486 5018 2587 5071 loci
2619 5027 2792 5071 morte
2835 5019 3109 5071 subtracta
3138 5026 3248 5080 est,
3276 5016 3481 5069 relictis
3506 5013 3821 5069 solummodo

2262 5108 2468 5161 duobus
2519 5107 2795 5161 monachis
2823 5149 2838 5170 ,
2871 5123 3100 5176 quorum
3148 5104 3286 5160 alter
3331 5106 3399 5159 ad
3448 5105 3818 5160 monasterium

2262 5212 2538 5266 regressus
2568 5206 2668 5261 est,
2695 5197 2833 5249 alter
2859 5212 2986 5251 vero
3020 5196 3093 5250 illi
3121 5196 3363 5251 serviens
3385 5210 3557 5265 usque
3583 5197 3644 5249 ad
3675 5194 3820 5248 linem

2261 5290 2407 5355 vine,
2430 5287 2590 5346 Urbis
2620 5288 3047 5360 iutequalitatem.
3068 5304 3191 5345 cum
3221 5303 3288 5345 eo
3312 5288 3589 5344 sustinuit.

2848 5442 3077 5500 CAPUT
3119 5441 3255 5499 XIII.

2327 5552 2541 5608 Accidit
2594 5553 2780 5606 eodem
2817 5562 3056 5620 tempore
3104 5549 3245 5621 quod
3277 5551 3510 5604 domnus
3548 5560 3681 5618 papa
3707 5584 3720 5607 ,
3768 5552 3816 5597 et

2256 5647 2526 5703 Robertus
2559 5645 2778 5715 quidam
2820 5644 3025 5715 Apulia:
3056 5645 3321 5715 princeps,
3349 5645 3415 5697 ab
3448 5642 3681 5696 invicem
3715 5642 3803 5692 die
