4032 6336
30 676 51 713 3

30 768 41 803 Ε

221 332 332 389 mi
1006 328 1235 385 ADDlT.
1264 359 1329 372 .-
1362 328 1521 385 vrrA
1553 312 1611 413 β.
1643 322 1914 382 SliiONlS
1947 324 2106 382 con.
2134 318 2644 385 CRESPEIENSIS.

3322 337 3463 397 1291

216 447 501 507 sentirem,
564 441 703 497 unde
756 440 951 511 prtesul
1007 449 1256 495 metuens
1305 454 1373 494 ne
1417 438 1608 492 civitas
1655 435 1777 490 belli
1807 441 1857 498 Α
1885 449 1985 489 ma:
2025 449 2225 507 corpus
2274 437 2325 491 in
2377 436 2587 494 foveam
2640 438 2875 494 delattim
2914 440 3219 512 deponitur.
3253 445 3462 508 Census

214 535 543 594 contentione
574 533 627 587 in
673 533 851 602 aliquo
881 532 1315 603 perturbaretur,
1369 530 1650 585 Simonem
1691 542 1780 582 ac-

211 625 441 688 cersivit,
487 636 829 691 summopere
869 622 1169 691 deprecans
1223 629 1284 673 ut
1327 620 1554 689 pacandi
1605 617 1780 689 gratia

209 715 328 768 illuc
374 713 827 783 proﬁcisceretur.
882 712 979 765 Cui
1031 711 1213 765 statim
1245 710 1503 765 obediens
1550 722 1610 763 se
1656 721 1781 776 pro-

209 807 467 859 fecturum
501 804 844 873 promittens,
876 797 1133 871 adjuncto
1161 800 1261 855 sibi
1289 800 1406 854 viro
1437 797 1781 868 religiosissi-

205 911 311 961 mo,
352 895 454 948 iter
483 894 676 963 arripit
711 908 834 949 cum
871 891 1248 948 benedictione
1282 889 1541 960 jubentis.

274 984 348 1038 Eo
383 984 544 1053 igitur
574 981 868 1037 adveniens
911 978 1209 1051 principem
1242 980 1435 1049 quaerit
1461 986 1516 1033 et
1547 976 1777 1041 invenit;

206 1092 365 1147 quem
414 1077 689 1130 inventum
731 1075 888 1144 quasi
936 1073 1109 1144 epulis
1157 1074 1209 1127 in
1257 1073 1376 1126 visu
1425 1086 1525 1126 suo
1556 1067 1779 1133 refecit,

202 1166 345 1221 unde
388 1180 576 1235 pacem
625 1164 930 1219 reformatis
954 1205 967 1228 ,
1005 1162 1145 1231 quod
1183 1160 1352 1215 voluit
1386 1174 1548 1229 opere
1586 1172 1777 1227 perpe-

202 1258 389 1313 travit.
431 1257 694 1312 Omnibus
728 1256 910 1326 itaque
945 1256 1071 1309 illuc
1105 1253 1425 1322 pacificatis,
1458 1251 1779 1318 revertitur,

204 1351 257 1405 in
294 1350 485 1405 itinere
531 1350 716 1419 plebes
762 1347 885 1420 [al.,
917 1346 1121 1419 plures]
1151 1346 1450 1415 alloquens,
1489 1355 1547 1399 ut
1579 1345 1646 1399 ad
1675 1347 1783 1400 Do-

201 1441 409 1494 minum
439 1447 888 1493 converterentur
940 1435 1240 1491 admonuit.
1273 1433 1439 1505 Cujus
1473 1433 1781 1489 allocutioni

201 1544 483 1586 assensum
525 1530 852 1600 praebentes,
891 1517 1343 1596 pene'sexaginta
1375 1523 1575 1578 milites
1610 1537 1781 1577 saccu-

202 1624 409 1678 aaribus
439 1622 678 1686 omissis,
705 1635 854 1674 arma
886 1618 1165 1673 Dominica
1197 1623 1592 1686 susceperunt;
1624 1623 1679 1668 et
1705 1615 1785 1670 sic

204 1713 307 1767 viri
363 1713 451 1767 Dei
517 1711 901 1781 prmdicatione
953 1708 1320 1763 monachalem
1384 1705 1625 1761 habitum
1686 1715 1784 1774 per

201 1805 417 1861 diversa
471 1803 762 1875 provinciae
805 1802 922 1858 loca
952 1816 1076 1856 cum
1118 1798 1495 1855 benedictione
1533 1812 1783 1868 suscepe-

204 1904 355 1951 runt.

282 1987 367 2043 Ad
410 1986 608 2043 Urbem
640 1987 820 2056 itaque
865 2000 1142 2058 regressus
1170 1983 1480 2054 pontificem
1518 1982 1690 2048 adiit,
1732 1991 1787 2037 et

204 2079 467 2149 quidquid
514 2088 700 2149 egerat
746 2079 812 2133 de
849 2094 983 2147 pace
1028 2078 1313 2131 nuntiavit.
1366 2076 1459 2131 llle
1507 2086 1686 2131 autem
1732 2084 1787 2129 et

205 2180 421 2240 gratum
454 2172 643 2225 habuit
673 2171 816 2241 quod
847 2171 1089 2241 accepit,
1141 2180 1194 2223 et
1238 2169 1365 2224 illud
1397 2171 1541 2239 quod
1584 2168 1787 2223 fecerat

210 2262 544 2331 approbavit.
582 2261 691 2317 Nec
724 2262 891 2317 multo
923 2272 1042 2332 post
1079 2262 1282 2317 habens
1321 2262 1374 2317 in
1410 2262 1686 2317 voluntate
1721 2261 1786 2315 ad

209 2354 596 2410 monasterium
632 2356 828 2409 reverti
856 2397 871 2421 ,
918 2354 1194 2409 licentiam
1225 2355 1293 2409 ab
1326 2367 1391 2408 eo
1423 2369 1543 2409 cum
1576 2354 1788 2408 lnnnili-

209 2451 320 2496 tate
365 2442 610 2513 deposcit
646 2460 660 2496 :
710 2444 803 2512 qui
847 2458 949 2499 nec
993 2443 1167 2512 primo
1196 2484 1210 2509 ,
1255 2458 1352 2498 nec
1400 2445 1636 2499 secundo
1673 2444 1789 2513 ejus

211 2531 460 2598 precibus
508 2547 695 2588 aurem
738 2534 1155 2589 accommodans
1182 2575 1195 2599 ,
1232 2533 1337 2589 tale
1375 2533 1548 2589 fertur
1578 2536 1789 2590 dedisse

212 2634 529 2690 responsum
565 2639 578 2675 :
619 2641 637 2674 ι
671 2622 825 2678 Sicut
854 2638 952 2679 nec
996 2625 1130 2679 meis
1164 2625 1403 2688 meritis,
1442 2626 1788 2691 charissim'e,

212 2726 311 2766 oce
357 2727 475 2766 mea
500 2752 514 2777 ,
559 2714 654 2768 sed
699 2715 903 2768 domini
946 2715 1091 2769 Petri
1129 2714 1495 2769 dominatione
1533 2715 1789 2783 pastorali

212 2817 317 2857 nuc
366 2804 667 2860 accersitus
712 2806 1012 2867 advenisti;
1064 2806 1137 2859 ita
1168 2820 1267 2860 nec
1290 2819 1409 2859 mea
1438 2816 1520 2861 est
1553 2807 1603 2860 in
1636 2816 1790 2876 pote—

213 2904 352 2949 state
384 2897 672 2965 promissio
701 2897 1024 2951 revertendi.
1056 2895 1200 2950 Vade
1228 2911 1382 2966 ergo,
1415 2906 1469 2950 et
1493 2898 1789 2951 oratorium

214 2989 496 3058 ingredere
521 2989 664 3043 beati
697 2988 874 3055 Petri,
897 2997 953 3043 et
988 2988 1247 3057 quidquid
1285 2989 1338 3042 in
1381 2987 1653 3043 voluntate
1698 2988 1791 3043 ha-

212 3088 361 3142 beat,
387 3080 724 3135 orationibus
750 3089 1117 3149 perscrutare.
1148 3098 1167 3131 ι

282 3170 382 3237 Qui
426 3180 583 3227 nocte
650 3172 1037 3242 subsequente,
1100 3170 1241 3227 sicut
1282 3170 1394 3241 ipse
1437 3180 1787 3241 praeceperat,

216 3265 474 3334 templum
524 3276 844 3335 precaturus
891 3265 1211 3336 ingreditur,
1264 3274 1430 3319 totam
1476 3266 1790 3336 pervigilem

213 3356 419 3411 ducens
442 3357 672 3413 orationi
715 3358 973 3423 intentus,
1020 3366 1076 3413 et
1097 3373 1409 3427 priusquam
1442 3358 1564 3413 inde
1601 3374 1793 3429 proce-

213 3448 389 3510 deret,
421 3462 526 3518 qua
552 3448 796 3505 sublatus
822 3457 908 3505 est
947 3449 1088 3515 vitae,
1115 3450 1307 3504 mortis
1337 3447 1648 3503 infirmitate
1674 3465 1795 3504 cor-

215 3541 433 3610 ripitur.
477 3540 597 3596 Mox
636 3542 763 3597 inde
803 3543 1157 3613 progrediens
1201 3541 1267 3597 ad
1306 3541 1692 3604 habitaculum,
1741 3552 1798 3598 et

214 3630 358 3685 lecto
412 3632 687 3697 decidens,
718 3632 784 3687 ad
820 3631 1215 3689 confessionem
1279 3648 1431 3688 suam
1485 3633 1793 3703 pontificem

216 3719 447 3783 invitat,
479 3729 535 3775 et
564 3723 630 3775 ad
668 3736 726 3775 se
751 3722 1095 3776 visitandum.
1127 3722 1229 3789 Qui
1257 3723 1517 3778 voluntati
1550 3722 1665 3790 ejus
1702 3722 1798 3777 ob-

215 3819 561 3880 temperans,
591 3821 647 3867 et
676 3814 992 3867 mundatum
1031 3829 1060 3867 a
1094 3814 1240 3868 vitiis
1276 3814 1537 3879 absolvit,
1568 3823 1623 3869 et
1656 3814 1801 3885 pari-

215 3910 305 3955 ter
359 3902 683 3958 benedicens
726 3905 979 3959 ahcessit.
1032 3903 1144 3959 Nec
1193 3904 1362 3959 multo
1409 3914 1529 3973 post
1578 3905 1799 3974 pretiosi

213 3993 464 4061 corporis
499 4003 553 4047 et
582 3994 861 4065 sanguinis
898 3994 1098 4050 Christi
1149 3994 1450 4049 munimine
1490 3995 1798 4062 roboratus,

212 4087 393 4152 pridie
433 4085 701 4141 Kalendas
737 4086 988 4142 Octobris
1016 4088 1263 4157 spiritum
1308 4087 1419 4143 Deo
1458 4087 1709 4151 reddidit,
1747 4094 1803 4141 et

211 4177 397 4245 qualis
426 4177 478 4229 in
500 4178 609 4230 vita
642 4176 903 4245 religione
930 4180 1250 4246 perstiterit,
1278 4179 1399 4235 finis
1427 4179 1802 4235 sanctissimus

213 4265 271 4318 in
307 4266 676 4334 assumptione
709 4266 1051 4320 monstravit.

810 4394 1038 4452 CAPUT
1075 4395 1216 4452 XIV.

291 4504 435 4562 Ecce
482 4505 673 4561 civitas
716 4506 896 4562 omnis
943 4524 1160 4566 rumore
1207 4512 1539 4569 concutitur.
1591 4514 1800 4571 Diversi

215 4610 387 4650 sexus
415 4605 469 4650 et
495 4596 674 4652 aetatis
697 4611 831 4667 gens
871 4597 925 4651 in
962 4598 1154 4655 funere
1198 4601 1527 4667 concitatur;
1575 4612 1631 4658 et
1660 4605 1803 4672 quod

211 4682 425 4738 viventi
466 4685 643 4742 minus
687 4688 972 4753 tribuerat,
1019 4688 1196 4744 funeri
1230 4689 1348 4759 ejus
1384 4691 1700 4762 obsequium
1735 4697 1803 4749 ab

212 4774 289 4828 iis
342 4776 699 4830 ministratur.
739 4778 897 4843 Tum,
927 4779 1271 4849 pra:cipiente
1315 4781 1589 4852 episcopo,
1622 4784 1804 4854 sepul-

212 4869 362 4916 turae
404 4862 554 4918 locus
596 4864 739 4922 inter
786 4867 1111 4935 apostolicos
1145 4880 1514 4938 praeparatur;
1569 4882 1624 4928 et
1677 4876 1803 4941 quia

211 4955 584 5021 apostolicam
619 4957 784 5011 vitam
841 4961 1048 5014 studuit
1098 4960 1342 5028 imitari,
1402 4963 1597 5018 merito
1647 4963 1805 5034 hujus

213 5044 399 5111 apicis
422 5046 647 5114 adeptus
675 5058 758 5101 est
789 5048 1128 5118 dignitatem.

295 5134 505 5189 Praesul
556 5144 734 5190 tamen
771 5152 875 5191 non
928 5138 1120 5203 adfuit,
1155 5140 1469 5196 infirmitate
1520 5143 1802 5210 detentus,

212 5229 322 5280 sed
354 5227 557 5282 clerum
604 5242 819 5282 omnem
862 5245 1187 5297 convocans,
1222 5233 1408 5303 dirigit
1436 5234 1559 5289 illuc
1598 5237 1805 5300 episco-

212 5333 328 5388 pos
350 5360 364 5385 ,
397 5319 618 5375 abbates
643 5360 657 5383 ,
707 5319 933 5376 clericos
968 5331 1022 5376 et
1075 5324 1335 5382 moniales
1380 5341 1502 5382 eum
1549 5329 1724 5383 cereis
1752 5337 1809 5384 et

218 5410 591 5464 luminarihus
662 5410 739 5465 lta
792 5421 851 5467 ut
890 5412 1108 5485 triginta
1152 5417 1390 5486 quinque
1430 5420 1802 5489 congregatio-

218 5515 360 5552 nutn
405 5515 683 5567 numerus,
716 5517 837 5556 eum
866 5504 1181 5573 populorum
1235 5507 1429 5571 turbis,
1480 5507 1654 5562 funeri
1689 5508 1807 5577 ejus

215 5594 551 5663 obsequium
590 5596 992 5660 ministrarent,
1023 5605 1077 5649 et
1114 5598 1192 5651 sic
1232 5613 1354 5653 cum
1399 5600 1683 5656 missarum
1716 5618 1806 5657 so-

220 5681 450 5739 lemniis
491 5693 545 5738 et
587 5684 899 5742 celebritate
944 5686 1214 5759 prtecipua
1264 5705 1292 5743 a
1332 5691 1664 5763 principibus
1697 5694 1805 5749 Ro-

1880 538 2011 581 vero
2044 527 2390 582 denariorum
2421 546 2528 583 non
2572 530 2853 584 minimum
2893 548 2921 584 a
2952 534 3179 603 przesule
3208 537 3459 611 collatus,

1881 614 2209 684 pauperibus
2254 630 2530 688 erogatur.
2585 619 2725 674 Ecce
2755 619 2850 674 Dei
2896 628 3085 677 servus
3126 623 3328 694 absque
3367 645 3463 699 pe-

1881 704 2042 760 cunia
2085 714 2140 760 et
2175 709 2498 777 cognatione
2535 709 2739 779 aliqua,
2782 711 2940 781 paulo
2970 723 3094 767 ante
3135 729 3359 786 pauper,
3404 720 3458 773 in

1883 795 1990 852 fine
2015 797 2164 853 dives
2190 797 2443 867 efﬁcitur,
2471 802 2566 857 sed
2596 803 2773 857 adhuc
2803 803 2966 858 ditior
2996 804 3055 858 fit
3085 806 3209 860 dum
3248 808 3301 862 in
3334 810 3462 864 sede

1884 887 2072 943 coalica
2102 887 2419 944 collocatur.

1955 980 2161 1051 Regina
2212 990 2345 1035 vero
2387 982 2686 1053 Anglorum
2723 985 2996 1042 Mathildis
3040 987 3278 1055 nomine,
3311 989 3461 1048 dites

1884 1078 1938 1125 et
1964 1058 2636 1142 praeootebtrssimafquia
2678 1088 2800 1128 eum
2845 1073 3108 1133 nutrierat
3146 1091 3200 1133 et
3229 1095 3460 1137 consau-

1884 1160 2146 1228 gninitate
2180 1160 2461 1215 dicebatur
2486 1164 2754 1233 proxima,
2786 1167 2855 1220 ob
2880 1168 2995 1220 viri
3022 1168 3111 1222 Dei
3144 1186 3459 1226 memoriam

1885 1251 1950 1305 ad
2000 1251 2332 1319 sepulturam
2378 1257 2805 1324 componendam
2831 1295 2849 1322 ,
2894 1257 3079 1313 Romae
3119 1262 3238 1315 auri
3272 1276 3460 1331 quam-

1884 1340 2175 1409 plurimum
2203 1350 2258 1396 et
2290 1342 2499 1413 argenti
2530 1344 2800 1401 monacho
2834 1345 3114 1402 deferente
3144 1348 3462 1404 transmisit.

1886 1430 2015 1497 Quae
2043 1431 2289 1486 studiose
2331 1432 2556 1502 quadris
2599 1444 2655 1489 et
2682 1435 2867 1504 politis
2905 1436 3175 1505 lapidibus
3220 1452 3285 1491 ex
3322 1452 3467 1491 mar-

1887 1532 2038 1573 more
2065 1519 2269 1575 diversi
2294 1520 2492 1577 coloris
2533 1522 2761 1590 intexta,
2785 1524 2959 1579 adhuc
2999 1526 3466 1596 peregrinantibus

1889 1607 2148 1667 bonitatis
2186 1611 2431 1683 exempla
2460 1613 2683 1683 praebet.

2488 1758 2717 1821 CAPUT
2755 1760 2870 1819 XV.

1959 1878 2258 1935 Monacnus
2300 1886 2478 1933 autem
2517 1880 2631 1948 qui,
2656 1893 2780 1934 cum
2817 1878 3036 1933 Simone
3064 1877 3155 1933 diu
3180 1891 3468 1933 conversa-

1890 1980 2018 2034 tus,
2074 1968 2414 2023 incommoda
2458 1968 2703 2037 corporis
2749 1982 2849 2039 pro
2899 1966 3016 2038 ejus
3060 1980 3247 2022 amore
3298 1966 3467 2021 multa

1889 2057 2257 2122 sustinuerat,
2288 2066 2409 2128 post
2446 2057 2565 2127 ejus
2612 2057 3060 2128 assumptionem,
3109 2066 3339 2127 postque
3383 2070 3468 2112 se-

1888 2150 2117 2220 pulturae
2166 2165 2277 2205 suae
2326 2150 2495 2221 6'78
2548 2150 3004 2215 instructionem,
3058 2149 3244 2204 relicta
3298 2150 3467 2204 Roma

1890 2239 2281 2293 monasterium
2314 2240 2521 2306 revisit,
2555 2240 2668 2305 ubi,
2698 2239 2879 2294 multis
2907 2240 3095 2295 diebus
3128 2240 3472 2295 abstinentia:

1892 2340 1948 2386 et
1974 2330 2142 2386 labori
2171 2346 2393 2401 operam
2427 2322 2593 2397 dans,
2621 2346 2843 2386 summa:
2871 2332 3195 2386 humilitatis
3225 2330 3469 2401 exempla

1892 2422 2236 2477 monstravit.
2278 2421 2602 2493 Priusquam
2642 2437 2773 2478 vero
2814 2424 2880 2477 ad
2936 2423 3182 2487 mortem,
3225 2437 3345 2492 qua:
3389 2437 3472 2478 est

1897 2520 2079 2566 erutus
2118 2512 2260 2577 vitae,
2290 2513 2727 2581 propinquasset,
2759 2511 2946 2565 Simon
2975 2510 3222 2566 beneficii
3258 2520 3313 2565 et
3353 2526 3472 2565 ser-

1891 2603 2078 2657 vitutis
2123 2603 2379 2671 impensa:
2419 2616 2526 2656 non
2567 2602 2870 2667 immemor,
2903 2611 3063 2656 nocte
3103 2602 3333 2672 quadam
3381 2617 3473 2673 ap-

1892 2694 2074 2762 paruit
2109 2694 2158 2747 ei
2205 2708 2325 2748 cum
2371 2692 2583 2748 caeteris
2632 2692 2963 2761 quiescenti,
2996 2706 3195 2748 vocans
3242 2706 3391 2757 eum,
3420 2701 3475 2747 et

1891 2786 2079 2839 dicens
2105 2802 2117 2839 :
2155 2802 2173 2836 ι
2204 2784 2440 2839 Roberte
2466 2784 2566 2855 (sic
2596 2785 2739 2838 enim
2763 2782 3060 2854 appellatus
3084 2783 3209 2852 est).
3236 2803 3255 2836 ι
3289 2783 3359 2837 At
3386 2782 3475 2843 ille

1893 2872 2108 2941 inquit:
2166 2890 2184 2923 ι
2224 2870 2302 2925 Tu
2340 2872 2462 2941 quis
2488 2872 2586 2928 es?
2616 2892 2635 2925 ι
2667 2872 2818 2928 Tunc
2864 2871 3049 2926 Simon
3099 2872 3473 2942 respondens:

1898 2980 1917 3015 ι
1954 2964 2085 3034 Ego,
2127 2963 2322 3033 inquit,
2360 2963 2547 3019 Simon
2578 2979 2722 3028 sum,
2764 2982 2782 3016 ι
2824 2972 2881 3018 et
2910 2962 3145 3032 adjecit:
3185 2979 3204 3013 ι
3237 2961 3348 3018 Cur
3375 2962 3475 3016 hoc

1894 3054 1949 3108 in
1998 3067 2083 3107 me
2110 3053 2239 3108 olim
2286 3052 2466 3109 facere
2514 3053 2764 3109 voluisti?
2824 3054 2959 3109 Nam
3008 3069 3131 3108 cum
3183 3056 3322 3125 apud
3368 3053 3475 3108 Ro.

1896 3160 2041 3200 mam
2093 3146 2160 3200 ad
2219 3161 2416 3201 novum
2467 3147 2758 3216 sepultura:
2823 3148 3000 3205 locum
3051 3162 3246 3218 corpus
3297 3161 3476 3202 meum

1896 3237 2217 3294 transferres
2245 3277 2260 3305 ,
2308 3238 2382 3293 nil
2434 3253 2533 3308 pro
2570 3227 2759 3294 anima
2808 3257 2927 3296 mea
2979 3240 3307 3313 pauperibus
3358 3253 3478 3294 ero-

1895 3330 2058 3400 gasti.
2091 3348 2110 3380 ι
2146 3328 2245 3384 Cui
2284 3329 2594 3388 Robertus:
2638 3351 2655 3383 ι
2703 3332 2934 3403 Pauper,
2975 3334 3173 3405 inquit,
3223 3349 3394 3398 eram,
3424 3341 3480 3388 et

1895 3435 2094 3476 census
2124 3420 2256 3475 mihi
2280 3421 2484 3475 deerat.
2523 3440 2543 3474 ι
2587 3421 2683 3477 Ille
2711 3433 2931 3480 econtra
2962 3442 2977 3480 :
3021 3443 3039 3477 ι
3073 3424 3291 3481 Certum
3320 3434 3403 3480 est
3428 3432 3481 3478 te

1899 3509 2155 3564 habuisse
2183 3509 2385 3579 aliquid
2417 3510 2558 3580 quod
2598 3511 2861 3582 impertiri
2900 3512 3186 3568 debueras.
3223 3531 3243 3564 ι
3287 3510 3381 3578 Et,
3422 3519 3481 3565 ut

1898 3603 2013 3672 ipse
2036 3610 2158 3671 post
2188 3601 2405 3656 modum
2439 3602 2646 3669 retulit,
2670 3604 2805 3660 duos
2832 3620 3025 3660 aureos
3057 3604 3309 3660 habebat.

1972 3692 2055 3747 Ad
2092 3706 2253 3761 quem
2286 3692 2480 3747 iterum
2512 3691 2784 3750 Rohertus
2820 3711 2834 3748 :
2872 3713 2891 3747 ι
2927 3694 3281 3750 Dilectissime
3324 3692 3480 3758 mihi,

1899 3799 2021 3855 quae
2069 3784 2239 3855 gloria
2282 3793 2336 3839 et
2377 3799 2497 3854 qua:
2529 3785 2742 3855 requies
2786 3787 2877 3841 tibi
2928 3796 3164 3851 maneat,
3199 3786 3243 3841 si
3285 3784 3478 3853 placet,

1900 3875 2160 3930 insinua?
2197 3875 2452 3945 Requies,
2486 3877 2681 3947 inquit,
2712 3884 2766 3931 et
2793 3877 2961 3947 gloria
2991 3892 3108 3932 mea
3140 3890 3332 3947 magna
3358 3881 3477 3930 est:

1900 3965 2038 4021 Nam
2089 3967 2352 4023 Dominus
2398 3983 2551 4023 meus
2580 3969 2723 4024 inter
2760 3968 3033 4039 apostolos
3071 3968 3311 4039 requiem
3346 3966 3483 4021 mihi

1902 4061 2089 4127 dedit,
2133 4070 2188 4115 et
2235 4062 2418 4117 sedem
2459 4063 2771 4134 gloriosam.
2805 4081 2823 4114 ι
2872 4062 2943 4117 At
2988 4061 3122 4117 ille:
3169 4078 3187 4112 ι
3225 4061 3291 4115 Ει
3338 4058 3481 4129 quod

1902 4160 1986 4207 est
2031 4150 2307 4222 gaudium,
2346 4153 2468 4222 quis
2495 4163 2691 4209 cantus
2737 4162 2863 4208 ante
2914 4153 3219 4217 Dominum,
3257 4165 3388 4221 rogo
3434 4150 3479 4205 si

1902 4250 2056 4312 potes
2104 4241 2326 4296 edicas?
2376 4241 2628 4312 Magnum
2675 4252 2777 4309 est,
2812 4244 3010 4313 inquit,
3040 4244 3289 4314 gaudium
3323 4251 3377 4298 et
3401 4242 3485 4298 in-

1903 4330 2419 4401 comprehensibile,
2451 4348 2553 4388 nec
2584 4334 2762 4389 verbis
2802 4335 3035 4400 narrari,
3064 4349 3163 4390 nec
3193 4348 3353 4389 sensu
3386 4348 3481 4388 co-

1831 4451 1878 4508 D
1905 4426 2065 4495 gitari
2118 4432 2312 4496 potest.
2344 4424 2549 4480 Tamen
2597 4426 2641 4481 si
2687 4442 3101 4497 pergamenum,
3144 4440 3376 4498 pennam
3428 4435 3484 4480 et

1908 4517 2213 4569 incaustum
2247 4516 2299 4568 in
2352 4514 2601 4583 proximo
2651 4516 2957 4583 habuisses,
3006 4526 3216 4571 certum
3253 4523 3308 4571 te
3343 4515 3484 4570 scri-

1906 4605 2081 4658 bendo
2114 4605 2165 4657 in
2198 4603 2380 4674 aliquo
2424 4605 2798 4661 reddidissem.
2842 4625 2861 4658 ι
2895 4606 2962 4661 Et
3000 4607 3195 4676 adjecit
3227 4623 3242 4661 :
3292 4625 3311 4658 ι
3349 4605 3483 4661 Volo

1906 4705 1965 4750 ut
2004 4696 2261 4751 Anselmo
2313 4696 2524 4751 Sancta:
2569 4696 2750 4753 Mariae
2791 4697 2949 4754 Becci
2987 4698 3185 4764 abbati,
3232 4694 3483 4769 prudenti

1906 4793 1961 4840 et
2016 4785 2467 4840 reverendissimo
2526 4787 2682 4853 viro,
2739 4789 2883 4858 quod
2942 4788 3212 4843 modicum
3272 4789 3324 4842 in
3372 4787 3483 4840 Deo

1908 4876 2037 4929 mihi
2070 4875 2298 4929 contulit
2332 4876 2614 4945 auxilium,
2642 4893 2709 4931 ex
2750 4887 2903 4947 parte
2941 4887 3124 4934 nostra
3168 4878 3479 4943 denunties;

1906 4967 2240 5020 testiinaham
2269 4968 2468 5038 quippe
2498 4968 2548 5021 in
2586 4983 2651 5023 eo
2689 4983 2813 5038 erga
2841 4969 3037 5023 animae
3065 4982 3197 5022 meae
3233 4966 3482 5031 salutem,

1910 5057 2065 5112 fiden
2120 5068 2174 5111 et
2218 5058 2561 5114 dilectionem
2610 5076 2715 5115 non
2770 5060 3054 5115 modicam.
3095 5080 3113 5111 ι
3170 5059 3264 5114 llis
3301 5059 3481 5123 dictis,

1909 5146 2221 5202 confortans
2251 5165 2373 5203 eum
2407 5150 2475 5204 ad
2509 5152 2822 5205 servitutem
2859 5159 2912 5205 et
2940 5150 3302 5204 obedientiam
3332 5148 3482 5205 salu.

1911 5248 2104 5305 tarem,
2136 5238 2423 5311 diSparuit.

1978 5329 2172 5387 Frater
2206 5345 2337 5387 vero
2373 5332 2513 5401 quod
2540 5332 2787 5388 audierat
2816 5334 2977 5390 beato
3016 5334 3149 5399 viro,
3184 5334 3322 5389 sicut
3349 5346 3484 5402 prte-

1909 5431 2123 5492 ceptum
2168 5431 2272 5488 est,
2306 5424 2598 5478 enarravit.
2646 5424 2743 5479 Cui
2792 5426 2959 5482 abbas
3005 5425 3351 5498 laerymando
3396 5438 3485 5478 re-

1909 5514 2124 5581 spondit
2175 5514 2358 5568 dicens
2394 5532 2407 5569 :
2459 5532 2477 5565 r
2516 5515 2688 5570 Crede
2717 5517 2875 5581 mihi,
2903 5519 3085 5583 frater,
3124 5520 3280 5573 crede
3311 5514 3480 5581 mihi,

1910 5618 2033 5657 vera
2066 5604 2246 5659 intulit
2282 5621 2471 5661 servus
2507 5605 2634 5672 Dei;
2684 5623 2806 5661 nam
2835 5610 3069 5677 peccatis
3110 5610 3242 5664 meis
3268 5610 3485 5678 exigas.

1912 5695 2071 5759 tibus,
2123 5695 2251 5750 illud
2298 5698 2439 5753 auod
2479 5698 2728 5754 deberem
2780 5699 2994 5770 pigritia
3036 5700 3305 5755 detineme
3336 5708 3484 5768 post-
