4032 6336
247 335 378 392 1225

1340 324 1567 381 ADDIT.
1596 356 1663 368 —
1688 320 1851 380 VITA
1876 323 1934 379 S.
1962 316 2411 378 SALABERGAZ.

3351 322 3486 383 £226

243 451 341 508 Sed
370 457 632 519 quantum
665 442 942 506 illustrior,
990 439 1073 495 vel
1127 438 1357 495 nobilior
1387 439 1487 494 fuit
1518 439 1805 501 natalibus,
1837 438 1883 496 Α
1909 435 2178 493 Deitatem
2207 434 2329 509 [al.,
2365 435 2510 492 nulla
2536 435 2884 493 imminucnle
2932 437 3321 494 immutationis
3365 439 3488 496 Dci-

240 546 368 600 adeo
409 544 462 597 in
507 538 774 595 nutriendi
824 551 951 592 cura
1003 534 1314 605 parentibus
1345 534 1644 589 sollicitior.
1670 531 1805 585 Nam

238 653 354 693 cum
385 635 473 689 illo
491 634 544 688 in
567 642 806 701 tempore
824 645 957 700 gens
982 627 1348 697 Bajoariormn
1376 629 1558 699 (quam
1583 626 1806 682 Orosius

237 728 315 782 vir
336 723 753 787 eruditissimus,
788 732 840 776 et
865 720 1214 775 historiarum
1249 719 1494 788 cognitor
1520 715 1675 786 Itojas
1696 715 1807 786 pri-

237 833 325 873 seo
350 814 614 871 vocabulo
659 811 912 883 appellat,
948 811 1000 866 in
1048 819 1291 866 extrema
1337 807 1624 864 Germania
1655 805 1805 874 sita,)

236 907 527 965 Banosiaca
548 914 694 961 esset
720 903 913 958 infecta
944 917 1148 965 errore,
1178 900 1530 956 Bonosiaeam
1555 898 1805 953 lneresim

236 998 545 1055 defensores
590 1001 790 1048 sancta:
820 991 1072 1048 Ecclesia:
1113 998 1369 1046 notarunt
1399 1003 1413 1043 :
1440 1004 1555 1058 qua:
1588 987 1807 1042 Ineresis

235 1086 443 1157 antiqui
469 1094 526 1142 et
565 1082 744 1140 callidi
781 1083 953 1138 hostis
980 1082 1189 1137 irretita
1218 1081 1460 1144 habenis,
1488 1093 1681 1151 purum
1711 1079 1807 1131 ho-

236 1178 435 1233 minem
465 1174 746 1230 Dominum
792 1181 1033 1228 nostrum
1063 1172 1242 1229 Jesum
1278 1171 1570 1232 Christum,
1606 1169 1809 1238 absque

237 1270 445 1324 Deitate
470 1265 648 1320 Patris
684 1278 823 1328 esse,
852 1279 1009 1319 sensu
1053 1277 1219 1333 pravo
1245 1262 1516 1317 censebat.
1539 1260 1620 1314 Ad
1645 1273 1808 1329 quam

235 1359 496 1417 nefariam
524 1366 581 1412 et
630 1356 878 1412 insanam
908 1354 1209 1409 doctrinam
1238 1350 1639 1414 confutandam,
1673 1349 1810 1402 imo-

236 1468 341 1525 que
389 1449 763 1513 resecandam,
818 1446 1140 1503 venerabilis
1193 1446 1274 1500 vir
1312 1444 1596 1499 Eustasius
1650 1441 1807 1504 abba,

236 1544 415 1599 divino
438 1550 625 1612 utpote
654 1540 941 1612 instigatus
969 1537 1196 1608 Spiritu,
1223 1536 1463 1591 Luxovio
1484 1533 1811 1589 monasterio

237 1635 289 1688 in
330 1632 541 1703 Vosago
568 1630 708 1685 saltu
732 1630 840 1684 cito
867 1628 1107 1691 advenit,
1136 1627 1278 1696 quod
1317 1626 1398 1678 vir
1434 1625 1605 1678 forma
1629 1624 1812 1677 lauda-

236 1727 377 1785 bilis.
424 1735 478 1780 et
507 1724 796 1779 sanctitate
823 1722 1028 1792 pollens
1064 1720 1447 1781 Columbanus,
1498 1716 1811 1787 peregrinus

1910 526 2068 600 tale],
2102 544 2223 598 qua:
2253 538 2436 598 utpote
2473 544 2685 601 semper
2725 545 2845 586 cum
2877 531 3037 586 Patre
3064 532 3244 596 fuerit,
3274 541 3330 587 ιιι
3358 531 3490 590 nihil

1912 634 2010 673 sua
2042 620 2303 690 dignitate
2344 622 2618 687 minuerit,
2665 623 2805 677 unde
2858 638 3019 679 verus
3065 624 3225 692 Deus,
3254 634 3489 683 etverus

1913 712 2075 766 homo
2101 711 2397 782 appellatus
2420 715 2488 769 sit
2515 714 2781 771 Christus.

1985 802 2233 872 Denique
2262 818 2512 859 remeans
2544 820 2609 860 ex
2640 804 2905 876 Bajoariis
2961 805 3044 859 vir
3065 807 3331 879 egregius,
3368 818 3491 880 post

1913 892 2221 953 Germania:
2267 896 2598 966 Belgiczeque
2635 898 2956 954 laboriosum
3014 898 3223 967 callem,
3277 904 3489 957 tandem

1912 986 2165 1056 pervenit
2191 986 2257 1041 ad
2295 986 2582 1056 quemdam
2613 988 2786 1042 virum
2835 988 3255 1046 illustrissimum
3302 992 3495 1062 Opibus

1914 1085 1970 1130 et
1999 1076 2202 1130 divitiis
2229 1075 2541 1147 opulentum
2579 1074 2836 1147 famaque
2862 1084 3157 1134 secundum
3211 1082 3391 1136 saeculi
3415 1083 3497 1137 di-

1916 1174 2175 1239 gnitatem
2230 1167 2568 1238 praeclarum,
2602 1176 2657 1222 et
2700 1168 2890 1224 aulicis
2935 1174 3095 1227 rebus
3146 1184 3353 1244 aptum,
3392 1190 3494 1230 no-

1917 1262 2062 1318 mine
2085 1261 2433 1317 Gtmduinum
2468 1260 2592 1334 [al.,
2630 1262 3019 1335 Cundomum],
3051 1267 3225 1334 quieo
3258 1278 3497 1338 tempore

1917 1355 2058 1424 apud
2082 1355 2264 1408 villam
2316 1354 2630 1425 quamdam,
2669 1356 2887 1411 nomine
2920 1356 3147 1423 Mosam,
3176 1361 3243 1412 ob
3285 1376 3497 1415 amnem

1917 1446 1973 1499 in
1996 1460 2061 1501 eo
2093 1445 2211 1500 loco
2241 1445 2640 1513 decurrentem,
2671 1447 2751 1501 sic
2792 1448 3113 1518 appellatam
3155 1451 3499 1514 morabatur;

1918 1536 2010 1607 qui
2062 1536 2237 1591 amnis
2286 1552 2352 1590 ex
2395 1535 2707 1607 Lingonicis
2756 1526 2951 1593 finibus
2998 1539 3202 1594 fontem
3258 1556 3501 1605 sumens,

1918 1637 2041 1697 post
2088 1629 2283 1682 multos
2321 1626 2598 1684 anfractus
2652 1630 2982 1700 crebrosque
3038 1640 3198 1686 terra:
3245 1632 3505 1687 circuitus

1923 1720 2096 1776 Iiheni
2146 1720 2466 1776 velocissimi
2516 1721 2752 1778 fluminis
2806 1725 2858 1778 in
2909 1739 2967 1780 se
3009 1725 3205 1779 fluenta
3239 1741 3303 1781 ex
3348 1735 3507 1795 parte

235 1835 304 1875 ex
350 1817 602 1872 Hibernia
632 1816 943 1878 adveniens,
976 1829 1041 1868 ex
1080 1812 1444 1867 munificentia
1483 1808 1811 1866 Childeberli
1844 1786 1892 1844 Β
1921 1812 2210 1883 recipiens,
2243 1829 2505 1868 oceanum
2533 1813 2883 1869 Barbaricum
2909 1815 3223 1885 ingreditur.

237 1911 383 1983 regis
411 1924 621 1965 summo
642 1908 820 1964 studio
845 1916 900 1963 et
927 1907 1111 1962 labore
1137 1907 1456 1962 construxit.

861 1998 1089 2055 CAPUT
1126 1998 1190 2053 II.

311 2094 417 2148 Sed
445 2094 699 2163 quoniam
730 2093 863 2147 tanti
916 2092 1017 2146 viri
1057 2090 1371 2148 Columbani
1413 2091 1636 2147 fecimus
1669 2108 1818 2147 men-

239 2187 461 2252 tionem,
492 2186 608 2255 ejus
645 2201 752 2240 non
787 2194 870 2240 est
918 2184 1282 2240 necessarium
1330 2185 1496 2255 680
1537 2184 1589 2237 in
1633 2193 1818 2239 nostro

238 2292 403 2347 opere
444 2276 695 2331 detexere
745 2285 914 2346 gesta,
958 2290 1080 2330 cum
1132 2275 1240 2330 sint
1266 2275 1334 2330 ab
1379 2274 1820 2345 eloquentissimo

240 2371 357 2425 viro
377 2368 511 2424 Jona
541 2368 853 2423 elucubrate
881 2368 1023 2424 edita
1051 2384 1065 2435 ;
1093 2368 1326 2438 qualiter
1359 2369 1520 2423 etiam
1546 2368 1687 2424 inter
1709 2378 1823 2424 tur-

239 2462 396 2517 bines
424 2458 628 2523 saeculi,
668 2468 723 2514 et
765 2457 1083 2515 Theodorici
1132 2460 1275 2530 regis
1313 2459 1696 2531 principatum,
1736 2476 1824 2516 re-

242 2554 489 2624 ginaeque
540 2550 918 2607 Bruneehildis
968 2550 1261 2622 instigante
1310 2552 1569 2617 versutia,
1603 2552 1822 2608 nefandi

248 2647 422 2701 hostis
444 2644 732 2715 pertulerit
771 2645 1014 2701 insidias.
1052 2644 1330 2712 Quomodo
1359 2646 1519 2700 etiam
1545 2647 1824 2717 tyrannica

244 2738 554 2793 temeritate
586 2752 615 2790 a
657 2735 919 2790 fratribus
958 2737 1029 2791 sit
1059 2735 1280 2803 ejeetus,
1310 2746 1364 2790 et
1400 2736 1563 2791 Italia:
1602 2738 1735 2791 fines
1754 2739 1825 2792 sit

244 2829 549 2897 ingressus;
591 2827 978 2883 monasterium
1032 2826 1296 2881 Bobiense
1343 2839 1410 2880 ex
1462 2827 1728 2895 permissu
1769 2835 1825 2880 et

244 2924 567 2977 auctoritate
610 2920 807 2991 Aigulfi
860 2920 1339 2989 Longobardorum
1399 2920 1539 2990 regis
1572 2920 1708 2974 miro
1738 2935 1825 2974 or-

246 3012 525 3084 dine..[al.,
553 3011 741 3083 opere]
782 3011 1102 3074 construxit,
1146 3011 1492 3079 regulamque
1526 3012 1827 3066 condiderit

1996 1904 2092 1960 Vir
2157 1905 2317 1976 igitur
2368 1905 2687 1960 Cunduinus
2736 1905 3096 1961 venerabilem
3148 1910 3320 1961 virum
3365 1907 3509 1962 velut

1921 1998 2289 2070 gratissimum
2313 2014 2508 2053 munus
2558 1999 2811 2069 suscepit.
2844 1998 3013 2053 Porro
3043 2007 3100 2053 ut
3124 2000 3320 2055 assolet
3340 2008 3395 2054 et
3422 2016 3509 2055 res

1921 2104 1981 2145 se
2009 2088 2225 2152 habent,
2252 2088 2500 2142 humanae
2529 2088 2669 2142 inter
2698 2088 2936 2143 salubria
2974 2088 3361 2144 adhortationis
3386 2104 3509 2143 ver-

1921 2185 1992 2239 ba
2022 2184 2075 2238 in
2106 2183 2371 2254 colloquio
2415 2183 2655 2238 virorum
2707 2182 2940 2237 fidelium
2973 2183 3184 2239 animus
3231 2182 3513 2239 crescebat

1923 2276 2133 2345 piorum
2166 2274 2288 2348 [al.,
2312 2274 2475 2330 animi
2500 2273 2680 2329 favere
2708 2273 3029 2346 pastorum].
3058 2274 3232 2344 Coepit
3261 2274 3401 2329 idem
3427 2277 3514 2329 vir

1926 2369 2022 2424 Dei
2055 2368 2319 2424 sciscitari
2351 2376 2529 2422 utrum
2578 2367 2752 2422 eidem
2783 2368 2921 2432 viro,
2955 2367 3146 2421 illustri
3178 2366 3511 2421 Francorum

1926 2470 2047 2516 orto
2100 2459 2392 2525 natalibus,
2446 2457 2661 2515 soboles
2714 2461 2949 2514 adesset.
2997 2456 3263 2513 Cernebat
3292 2459 3510 2530 quippe,

1929 2561 1985 2606 ut
2024 2552 2234 2623 opinor,
2260 2552 2343 2605 vir
2385 2552 2500 2617 Dei,
2532 2569 2561 2606 a
2614 2550 2724 2606 Deo
2772 2550 2886 2606 fore
2936 2551 3235 2621 praescitam
3283 2550 3512 2619 prolem,

1927 2660 2089 2713 quam
2117 2653 2303 2713 postea
2331 2644 2408 2699 rei
2435 2643 2685 2715 probavit
2731 2650 2975 2698 eventus.
3001 2641 3152 2696 Tunc
3182 2643 3263 2696 vir
3292 2642 3515 2697 illustris

1927 2737 2268 2804 Gunduinus,
2322 2752 2441 2791 cum
2495 2735 2723 2806 conjuge
2777 2752 2874 2790 sua
2926 2734 3241 2801 Saretrude,
3287 2735 3515 2805 eleganti

1928 2828 2099 2884 forma
2145 2838 2200 2884 et
2244 2828 2406 2883 nobili
2460 2828 2682 2893 femina,
2713 2829 2848 2882 duos
2901 2828 3055 2883 bonae
3107 2826 3299 2881 indolis
3339 2827 3517 2881 adole-

1930 2920 2204 2975 scentulos
2263 2920 2331 2973 ob
2393 2920 2783 2974 benedictionis
2851 2927 3227 2987 percepturam
3287 2920 3517 2988 gratiam

1930 3009 2566 3079 praesentavit;quorum
2603 3009 2784 3063 senior
2837 3007 3255 3079 Leudinus[al.,
3295 3007 3521 3062 Leudei-

248 3105 661 3165 monachorum,
705 3101 875 3156 isdem
927 3101 1181 3171 prtefatus
1223 3101 1387 3157 Jonas
1426 3102 1478 3155 in
1501 3100 1638 3155 libro
1667 3117 1825 3171 quem
1856 3136 1902 3199 Ο
1930 3087 2078 3172 nus],
2114 3109 2472 3171 cognomento
2517 3100 2697 3164 Bodo;
2744 3099 2930 3166 jtmior
2982 3115 3113 3155 vero
3169 3097 3518 3170 Fnleulphus,

252 3194 327 3249 De
357 3195 477 3249 Vita
528 3203 583 3248 et
619 3192 898 3249 miraculis
927 3193 1043 3263 ejus
1096 3193 1266 3249 edidit
1316 3208 1414 3249 suo
1462 3194 1601 3265 stylo
1643 3209 1827 3263 prose-

249 3287 452 3358 quitur.

320 3378 554 3433 Exstant
578 3375 817 3447 ejusdem
842 3376 1021 3431 Patris
1044 3376 1362 3432 Columbani
1393 3378 1593 3448 scripta
1619 3378 1686 3431 ad
1707 3378 1831 3433 bea-

252 3480 363 3525 tum
386 3480 441 3526 et
478 3470 927 3526 facundissimum
957 3470 1130 3524 virutn
1178 3470 1495 3541 Gregorium
1519 3470 1830 3540 pontiﬁcem

253 3563 580 3631 Romanum,
636 3564 693 3619 in
733 3564 895 3628 libro,
948 3580 1107 3633 quem
1157 3562 1279 3636 [a!.,
1322 3562 1552 3636 quae]de
1584 3564 1829 3635 pervigili

251 3666 534 3726 pastorum
585 3673 713 3712 cura
753 3656 962 3721 elicuit,
991 3656 1081 3727 qui
1110 3671 1175 3711 eo
1203 3666 1443 3727 tempore
1472 3657 1605 3712 adeo
1652 3657 1831 3714 clarus

256 3748 557 3803 habebatur
598 3756 762 3818 atque
810 3750 1098 3804 sanctitate
1120 3750 1375 3819 praeditus
1396 3758 1534 3815 erat,
1559 3758 1614 3803 ut
1644 3750 1829 3816 etiam,

256 3840 464 3912 Spiritu
514 3849 702 3897 saneto
745 3842 795 3896 ei
840 3842 1074 3909 favente,
1125 3852 1334 3898 secreta
1365 3843 1485 3898 cteli
1534 3842 1829 3914 patuerint,

254 3949 555 4005 novemque
594 3934 644 3989 ei
680 3935 898 3990 ordines
932 3935 1267 4001 angelorum,
1309 3945 1428 4006 post
1460 3934 1680 3989 Pauhnn
1705 3951 1834 4005 apo-

256 4027 452 4083 stohnn
485 4028 683 4081 mirum
736 4028 789 4082 in
828 4029 1044 4083 modum
1076 4039 1170 4083 aut
1202 4029 1349 4084 solus
1372 4039 1464 4084 aut
1487 4045 1640 4084 rarus
1664 4029 1833 4085 ferme

256 4119 535 4175 disseruit.
598 4120 763 4189 Cujus
810 4121 1056 4176 doctrina
1086 4122 1281 4192 eloquii
1327 4131 1686 4186 venustatem,
1727 4139 1836 4193 po:-

256 4211 609 4279 nitentizeque
664 4210 900 4265 fomenta
947 4213 1205 4278 docente;
1246 4213 1530 4267 universus
1574 4213 1837 4268 Occidens

258 4300 529 4353 hactenus
571 4298 885 4352 illustratur.
913 4298 1017 4353 Sed
1048 4309 1100 4353 et
1132 4299 1271 4353 idem
1300 4300 1621 4354 venerabilis
1654 4300 1734 4353 vir
1770 4301 1837 4355 ad

257 4389 543 4461 prtefatum
565 4388 777 4446 Patrem
808 4388 1061 4444 melliﬂua
1111 4390 1315 4445 remisit
1346 4392 1567 4461 scripta.
1598 4390 1749 4447 Nune
1771 4395 1838 4447 ad

260 4478 594 4548 propositum
622 4487 980 4532 revertamur.

870 4569 1095 4625 CAPUT
1118 4570 1201 4624 III.

333 4668 616 4723 Praefatam
644 4676 856 4737 gentem
882 4681 978 4737 per
1000 4667 1308 4733 Germania:
1330 4669 1480 4725 sinus
1504 4670 1585 4725 vir
1611 4670 1705 4726 Dei
1736 4672 1841 4726 Ett-

264 4761 461 4815 stasius
490 4775 798 4832 aggressus,
829 4768 887 4812 ut
922 4758 1142 4814 lucerna
1174 4760 1481 4815 Conditoris
1502 4777 1839 4832 nequaquam

265 4850 367 4904 sub
404 4852 580 4905 modio
598 4851 730 4917 ,sed
768 4866 930 4921 super
974 4850 1355 4905 candelabrum
1384 4853 1553 4922 posita
1591 4854 1842 4909 omnibus

265 4940 567 5011 patefieret,
622 4942 989 5013 talentumque
1038 4943 1267 5013 desuper
1296 4944 1476 4997 datum
1530 4944 1685 5014 hujus
1736 4960 1842 4999 non

266 5033 600 5102 operiretur,
652 5035 744 5088 sed
775 5036 951 5103 potius
994 5036 1241 5090 omnibus
1290 5051 1411 5090 cum
1449 5036 1715 5106 duplicato
1763 5037 1843 5092 fe-

268 5139 400 5179 nore
426 5133 823 5193 perpatescerct
852 5125 1065 5195 (Matth.
1098 5141 1151 5191 v,
1184 5126 1332 5196 xxv),
1377 5131 1844 5199 exspargescentis

268 5217 441 5286 ipsius
466 5216 659 5270 abraso
685 5217 888 5270 erroris
913 5218 1503 5290 tramite,evangelico,
1520 5221 1569 5274 in
1584 5233 1841 5289 quantum

271 5307 532 5364 Dominus
585 5309 833 5374 contulit,
867 5310 1011 5364 verbi
1057 5327 1315 5366 mucrone
1342 5314 1628 5380 truncavit,
1653 5316 1847 5384 prmdi-

270 5417 401 5457 cans
428 5402 705 5455 Domiumn
740 5409 981 5456 nostrum
1013 5400 1195 5457 Iesum
1226 5403 1678 5473 Christum,quod
1708 5407 1847 5461 sicut

270 5495 326 5548 in
380 5493 669 5547 Divinitate
715 5493 1075 5562 aequalitatem
1128 5494 1221 5549 Dei
1262 5493 1437 5549 Patris
1462 5496 1846 5563 omnipotentis

271 5583 535 5652 haberet,
565 5587 640 5639 ita
666 5596 721 5640 et
755 5587 1146 5641 humanitatem
1193 5588 1422 5642 materni
1449 5588 1715 5657 corporis,
1751 5604 1848 5643 no-

274 5685 551 5747 stramque
604 5688 875 5744 naturam,
908 5696 1068 5750 quam
1120 5680 1232 5751 ipse
1278 5680 1611 5747 condiderat,
1645 5680 1847 5752 absque

274 5779 504 5840 peccato
546 5771 861 5838 susciperet.
888 5782 943 5826 et
970 5774 1169 5828 nullam
1195 5775 1599 5831 imminuentem
1635 5777 1848 5832 unionis

520 5882 681 5943 Pun
699 5898 793 5943 DL.
827 5880 1037 5948 CLVI.

1934 3192 2025 3263 qui
2066 3200 2120 3246 et
2158 3192 2271 3261 ipse
2308 3191 2411 3246 alio
2442 3191 2703 3247 vocabulo
2726 3191 2875 3247 Bodo
2898 3192 3198 3247 dicebatur.

2007 3284 2330 3339 Seiscitatur
2358 3284 2534 3339 denuo
2582 3284 2665 3337 vir
2692 3284 2786 3338 Dei
2826 3285 2870 3339 si
2906 3285 3083 3341 adhuc
3115 3286 3292 3357 proles
3327 3302 3521 3357 super-

1933 3384 2096 3432 esset.
2124 3376 2204 3430 Ad
2243 3390 2402 3445 quem
2431 3374 2505 3428 illi
2540 3373 2781 3429 fatentur
2808 3390 2867 3429 se
2904 3377 3103 3431 habere
3124 3377 3354 3447 puellam
3386 3378 3523 3433 Cer-

1935 3483 2153 3522 manant
2179 3467 2304 3521 licet
2332 3474 2491 3521 actate
2520 3466 2920 3536 praeferentem,
2950 3468 3044 3523 sed
3073 3468 3271 3524 dudutn
3305 3468 3519 3525 lumini-

1935 3560 2036 3613 bus
2057 3557 2323 3613 orbatam.
2348 3557 2429 3611 Ad
2460 3572 2594 3626 quos
2619 3558 2703 3612 vir
2726 3559 2837 3613 Deo
2863 3558 3051 3629 plenus
3079 3560 3154 3613 ait
3187 3578 3199 3614 :
3253 3578 3270 3611 ι
3309 3561 3522 3627 Veniat,

1935 3667 2141 3723 qnteso,
2191 3652 2325 3722 ipsa,
2384 3661 2439 3707 et
2483 3653 2679 3707 vestris
2734 3652 2854 3725 [al.,
2908 3652 3130 3726 nostris]
3170 3664 3526 3724 prtescntetnr

1937 3745 2235 3802 obtutibus.
2268 3764 2285 3797 ι
2324 3743 2580 3800 Senserat
2636 3745 2801 3810 enim,
2831 3754 2890 3800 ut
2917 3760 3060 3810 reor,
3099 3747 3152 3800 in
3202 3747 3391 3817 Spiritu
3422 3747 3523 3801 eia

1940 3837 2168 3892 Domino
2201 3836 2488 3892 sanitatem
2521 3836 2637 3892 fore
2688 3836 3026 3892 collaturum.
3059 3837 3332 3893 Triduano
3363 3839 3527 3909 igitur

1939 3945 1969 3984 a
1993 3929 2281 4000 semetipso
2296 3939 2489 3985 exacto
2509 3929 2737 3999 jejunio,
2761 3946 2922 4000 super
2938 3930 3121 3987 oculos
3137 3932 3325 4002 puella:
3346 3932 3524 3989 oleum

1936 4022 2331 4078 benedictionis
2380 4023 2463 4077 vir
2501 4021 2595 4078 Dei
2654 4022 2857 4079 effudit.
2921 4024 3115 4079 Mirum
3175 4026 3349 4081 dictu!
3399 4042 3525 4082 mox

1938 4116 2117 4188 puella
2149 4116 2434 4171 sanitatem
2468 4117 2985 4185 pristinam,Christi
3012 4120 3182 4187 gratia
3205 4120 3523 4188 opitulante,

1941 4218 2230 4264 consecuta
2260 4216 2364 4262 est.
2416 4208 2527 4263 Nec
2562 4211 2830 4264 immerito
2879 4212 3217 4280 omnipotens
3268 4214 3405 4267 Deus
3446 4216 3525 4270 sic

1942 4302 1997 4356 in
2040 4312 2291 4372 promptu
2342 4315 2560 4356 suorum
2608 4304 2946 4372 obtemperat
3001 4305 3251 4373 precibus
3298 4305 3525 4361 famulo-

1943 4408 2084 4459 rum,
2118 4393 2207 4462 qui
2241 4406 2366 4447 suas
2416 4400 2636 4462 propter
2689 4393 2863 4463 ipsum
2915 4394 3301 4450 cruciftxerunt
3334 4396 3522 4451 volun-

1866 4516 1921 4576 Β
1946 4494 2104 4542 tates.

2019 4578 2275 4647 Sequitur
2331 4577 2587 4647 deinceps
2632 4578 2774 4633 aliud
2811 4578 3146 4648 splendidum
3183 4557 3520 4637 miraculum.

1942 4669 2076 4724 Cum
2109 4669 2298 4724 eadem
2352 4668 2527 4737 puella
2550 4666 2873 4740 jampridem
2906 4669 3104 4725 fluxum
3128 4676 3403 4744 sanguinis
3432 4691 3527 4746 pa-

1947 4767 2167 4823 teretur,
2198 4767 2252 4811 et
2280 4758 2600 4829 gravissima
2641 4760 2885 4829 corporis
2939 4762 3180 4816 molestia
3213 4776 3277 4817 ex
3311 4766 3409 4820 hoc
3435 4767 3528 4821 de-

1946 4846 2066 4902 bilis
2097 4856 2370 4902 teneretur
2392 4848 2633 4917 astricta,
2659 4850 2741 4902 vir
2766 4850 3013 4920 egregius
3037 4849 3317 4907 Eustasius
3344 4865 3397 4907 ut
3424 4856 3526 4911 hoc

1944 4941 2225 5010 perspicue
2273 4940 2575 5009 comperit,
2634 4939 2869 4993 divinum
2917 4940 3241 5012 solitumque
3292 4944 3525 5013 profusis

1947 5031 2196 5102 precibus
2226 5033 2402 5101 poscit
2422 5031 2805 5086 adminiculum
2831 5049 2843 5083 :
2878 5033 3148 5087 exaudivit
3181 5050 3370 5104 preces
3396 5037 3526 5092 Iide-

1947 5127 2015 5180 lis
2057 5125 2244 5180 famuli
2276 5125 2357 5180 sui
2394 5123 2484 5178 ille
2514 5139 2694 5179 rerum
2730 5123 2890 5179 Sator
2923 5136 3180 5189 :eternus,
3213 5128 3300 5195 qui
3325 5130 3525 5184 sanctis

1948 5220 2079 5285 suis,
2127 5220 2242 5290 ejus
2296 5217 2579 5288 praeceptis
2634 5217 2720 5287 pie
2764 5217 3282 5289 obtemperantibus,
3328 5230 3525 5291 praesto

1947 5327 2068 5368 esse
2121 5311 2418 5366 consuevit.
2470 5309 2607 5374 Quid
2637 5307 2838 5362 multa?
2890 5309 3069 5365 Puella
3106 5310 3363 5379 sospitate
3404 5327 3524 5381 per-

1948 5414 2103 5475 cepta
2136 5403 2419 5459 incolumis
2438 5414 2524 5457 est
2550 5403 2817 5457 restituta.

2567 5493 2793 5551 CAPUT
2816 5494 2904 5550 IV.

2018 5592 2227 5647 Interea
2256 5578 2377 5647 eum
2406 5590 2471 5645 ad
2494 5587 2747 5659 perfectae
2778 5590 2951 5644 aetatis
2972 5589 3306 5659 pervenisset
3330 5603 3525 5657 annos,

1948 5693 2200 5756 parentes
2256 5682 2369 5752 ejus
2420 5697 2540 5737 eum
2592 5681 2849 5735 vidissent
2901 5680 3131 5752 puellam
3187 5679 3524 5749 gliscentem,

1950 5776 2297 5846 moribusque
2329 5783 2596 5844 ornatam,
2624 5784 2743 5831 erat
2789 5773 2932 5828 enim
2974 5771 3167 5829 decora
3192 5780 3524 5842 venustaque

3002 5888 3080 5950 39
