4032 6326
520 318 546 371 1
556 313 658 368 2‘27

1429 297 1520 351 AD
1546 297 1698 355 OPP.
1728 295 1885 353 VEN.
1921 293 2255 351 GUIBERTI
2287 292 2375 348 DE
2403 291 2802 352 NOVIGENTO

3661 302 3791 360 1228

519 421 696 490 vultu,
749 436 958 486 verum,
985 426 1044 473 ut
1071 414 1290 480 assolet,
1332 419 1454 483 post
1497 426 1679 466 rerum
1721 409 2038 465 discrimina
2064 409 2119 463 in
2148 412 2198 472 Α
2297 405 2402 462 Per
2424 407 2564 463 idem
2588 417 2799 480 tempus
2823 407 3156 464 Francorum
3198 418 3412 482 sceptra
3441 411 3700 484 regnique
3721 432 3805 486 gu-

518 514 798 586 prosperis
844 507 1182 566 successibus
1229 505 1444 559 animus
1498 513 1774 570 tepescere
1805 501 2118 568 multorum,

521 607 590 661 de
643 605 940 660 liberorum
997 598 1345 656 successione
1377 598 1698 666 cogitantes,
1725 603 1912 648 contra
1953 593 2126 674 681

519 695 718 766 puellae
771 693 1130 760 voluntatem,
1177 704 1296 744 eam
1346 687 1558 744 cuidam
1613 685 1730 740 viro
1761 685 2123 754 generositate

518 785 768 857 pollenti,
797 783 1132 838 Richranmo
1159 780 1400 843 nomine,
1431 777 1483 832 in
1515 777 1863 831 matrimonio
1887 774 2121 830 tradide-

517 885 678 943 runt;
729 876 821 948 qui
863 876 946 929 vir
989 873 1110 945 [al.,
1139 871 1254 944 vix]
1309 884 1427 924 eam
1467 868 1674 924 duobus
1703 863 2120 934 mensibusjure

517 964 848 1022 matrimonii
874 965 1100 1032 habens,
1115 961 1367 1018 humanis
1394 961 1556 1016 rebus
1578 967 1881 1030 exemptus,
1903 959 2120 1026 vitaque

516 1059 763 1130 privatus
793 1068 896 1116 est.

587 1148 685 1206 His
711 1150 786 1206 ita
812 1151 1125 1216 transactis,
1156 1149 1440 1204 Eustasius
1477 1148 1543 1204 ad
1565 1146 1866 1202 Luxovium
1905 1159 2119 1217 regres-

517 1258 610 1299 sus
639 1251 741 1299 est.
774 1244 980 1299 Deinde
1009 1244 1076 1298 ad
1107 1241 1400 1298 Warascos
1425 1282 1441 1311 ,_
1471 1241 1560 1310 qui
1603 1249 1808 1309 partem
1836 1237 2117 1307 Sequano-

519 1348 641 1388 rum
669 1335 996 1404 provinciae,
1025 1343 1078 1388 et
1124 1333 1262 1388 Duni
1289 1331 1411 1404 [al.,
1448 1330 1626 1403 Duvii]
1649 1373 1662 1395 ,
1705 1330 1880 1385 amnis
1918 1327 2118 1385 ﬂuenta

518 1439 588 1480 ex
621 1435 850 1496 utraque
879 1427 991 1496 ripa
1027 1424 1300 1489 incolunt,
1335 1423 1537 1494 pergit;
1566 1424 1656 1492 qui
1692 1429 1748 1477 et
1786 1421 1887 1493 ipsi
1928 1424 2116 1478 eodem

515 1517 758 1584 Bonosii,
789 1517 1114 1588 Fontinique
1148 1516 1402 1571 maculati
1432 1529 1617 1570 errore
1650 1529 1870 1580 everso,
1899 1515 2009 1585 jam
2034 1529 2120 1570 se-

515 1609 608 1664 nio
633 1607 761 1681 [al.,
794 1625 908 1664 aevo
945 1608 1060 1679 jam
1101 1607 1292 1681 senes]
1327 1607 1698 1664 tabescebant.
1749 1609 1829 1664 Ad
1865 1624 1999 1680 quos
2036 1609 2121 1663 vir

511 1700 613 1756 Dei
657 1701 878 1758 veniens
926 1701 1238 1774 cvangelico
1287 1717 1504 1757 vomere
1533 1743 1547 1768 ,
1605 1700 2119 1774 Scripturarumque

2224 495 2514 552 bernacula
2558 497 2890 568 Dagobertus
2930 501 3209 569 gestabat,
3241 502 3330 556 vir
3371 503 3648 573 imprimis
3691 521 3808 562 acer

2225 589 2461 660 ingenio,
2493 598 2548 644 et
2577 591 2934 660 principatum
2984 601 3178 648 tenens
3219 594 3342 666 [al.,
3371 594 3682 667 principatu:
3709 598 3807 654 cla-

2224 681 2374 754 rus],
2403 691 2588 738 etnon
2629 683 2799 738 solum
2831 685 2952 740 ﬁdei
2991 685 3115 754 jure
3154 687 3257 742 sibi
3299 689 3592 759 subjectis,
3632 706 3806 749 verum

2224 776 2388 829 etiam
2415 786 2722 832 exterarum
2772 778 3184 850 vicinarumque
3227 781 3470 852 gentium
3521 781 3670 837 fama
3709 800 3807 845 me-

2227 866 2474 921 tuendus.
2526 867 2771 924 Metuens
2811 880 2991 925 autem
3036 869 3296 941 praefatus
3345 871 3803 947 Gunduinusjal.,

2223 956 2596 1032 Bundoinus],
2625 975 2691 1016 ne
2748 960 2817 1016 ob
2870 961 3036 1016 ﬁliam
3077 962 3213 1017 iram
3260 963 3407 1034 regis
3450 964 3807 1037 saavitiamque

2225 1048 2559 1117 incurreret,
2593 1067 2714 1107 eam
2753 1066 2781 1105 a
2811 1051 2973 1118 calle,
3002 1069 3109 1123 quo
3137 1055 3218 1110 ire
3247 1065 3439 1126 sponte
3469 1056 3804 1124 decreverat,

2221 1143 2550 1212 pedetentim
2583 1146 2826 1200 retraxit.
2863 1145 2980 1201 Jam
3009 1147 3154 1203 enim
3196 1148 3382 1220 opinio
3413 1147 3535 1218 ejus
3571 1151 3640 1206 ad
3665 1167 3808 1211 aures

2223 1233 2364 1304 regis
2391 1243 2726 1303 pervenerat.

2294 1327 2606 1384 Morabatur
2661 1329 2900 1400 denique
2945 1330 3139 1388 iisdem
3199 1334 3542 1404 temporibus
3595 1335 3650 1390 in
3701 1337 3806 1393 aula

2221 1418 2462 1489 praedicti
2504 1421 2765 1493 principis
2815 1422 2898 1477 vir
2956 1424 3175 1493 quidam
3230 1435 3524 1494 strenuus,
3585 1430 3808 1487 consiliis

2223 1513 2388 1584 regiis
2415 1522 2601 1581 gratus
2620 1556 2634 1582 ,
2671 1523 2726 1569 et
2763 1514 2906 1570 inter
2933 1530 3061 1571 suos
3089 1516 3232 1572 fama
3261 1518 3661 1576 celeberrimus
3682 1563 3698 1586 ,
3725 1539 3807 1577 no-

2223 1605 2368 1659 mine
2396 1603 2692 1662 Blandinus
2719 1604 2814 1678 [αι.
2834 1648 2848 1672 ,
2892 1606 3206 1682 Blaudinus]
3225 1652 3239 1676 ,
3268 1612 3361 1680 qui
3401 1624 3807 1683 cognomentum

2192 1695 2362 1751 -Baso
2383 1707 2692 1768 acceperat,
2721 1699 2812 1769 qui
2844 1709 3029 1770 utpote
3068 1709 3124 1755 et
3169 1701 3284 1772 ipse
3310 1717 3376 1757 ex
3410 1703 3807 1762 Sicambronun

515 1808 802 1850 sacrarum
827 1795 1094 1861 cauterio,
1122 1794 1250 1850 licet
1270 1809 1377 1849 non
1402 1795 1605 1866 absque
1627 1794 1810 1850 labore
1833 1811 2114 1864 exercens,
2153 1778 2196 1833 Β
2224 1789 2474 1860 prosapia
2507 1800 2660 1845 ortus
2691 1790 3041 1862 exspectabili
3059 1833 3072 1858 ,
3107 1793 3422 1862 prmdietam
3447 1794 3806 1869 Salabergam,

514 1901 584 1940 ne
633 1901 788 1960 seges
836 1887 1146 1952 Dominica,
1187 1886 1542 1942 crudescente
1580 1885 1770 1957 gleba,
1821 1886 2119 1944 suffocanle

515 1978 752 2047 zizania,
779 1980 835 2035 in
865 1993 1062 2034 avenas
1110 1977 1401 2048 loliumque
1431 1987 1789 2045 accresceret,
1823 1980 1889 2033 ad
1918 1989 2118 2034 sanctae

513 2075 776 2134 Ecclesia:
823 2074 1086 2147 gremium
1131 2073 1424 2129 revocavit.
1475 2071 1574 2140 Qui
1624 2073 1907 2138 hactenus,
1943 2074 2117 2144 gratia

515 2169 712 2226 divinae
745 2165 1096 2238 aspirationis
1128 2165 1428 2234 inteadem,
1467 2181 1630 2237 quam
1664 2167 1732 2222 ab
1759 2182 1824 2222 eo
1858 2161 2114 2238 percepeé

514 2272 662 2331 runt,
694 2276 890 2317 norma
916 2268 1287 2331 perseverant.

585 2353 678 2412 Sic
706 2354 767 2410 Β.
789 2354 1072 2410 Eustasius
1095 2363 1216 2424 post
1241 2352 1405 2408 multa
1434 2367 1614 2408 rerum
1645 2353 1978 2421 discrimina,
1996 2362 2117 2424 post

512 2445 729 2502 labores
769 2445 1097 2513 immensos,
1129 2458 1252 2515 post
1282 2446 1662 2502 haereticorum
1715 2447 1859 2502 diras
1905 2447 2114 2518 procel—

511 2538 632 2606 las,
697 2539 1103 2611 agrestiumque
1153 2539 1630 2596 schismaticorum
1692 2540 1946 2606 fraudes,
1995 2557 2117 2611 qua:

509 2630 726 2700 plenius
756 2633 809 2686 in
839 2631 951 2686 suis
972 2631 1140 2702 gestis
1163 2631 1530 2696 continentur,
1577 2641 1634 2686 ut
1674 2632 1846 2688 bonus
1876 2631 2074 2686 athleta
2099 2673 2114 2698 ,

513 2725 744 2780 summis
767 2723 972 2796 pollens
1019 2723 1294 2779 miraculis
1338 2725 1446 2778 vita
1477 2726 1638 2780 beata
1668 2724 1885 2780 functus
1910 2725 2116 2796 migrar

510 2815 592 2871 vit
631 2816 700 2870 ad
755 2815 954 2893 Deum,
991 2831 1113 2872 cum
1161 2831 1345 2871 curam
1378 2814 1606 2870 fratrum
1651 2825 1770 2885 post
1817 2817 2114 2872 discessum

509 2907 760 2980 magistri
781 2907 954 2963 tribus
979 2922 1086 2962 non
1103 2922 1293 2978 parum
1313 2907 1490 2962 minus
1517 2907 1747 2962 rexisset
1766 2905 1952 2962 lustris
1977 2907 2111 2979 (62).

509 2999 570 3054 ln
603 3000 755 3070 cujus
785 3000 962 3056 locum
1000 2998 1112 3069 jam
1143 3000 1350 3070 pridem
1397 3000 1773 3056 convenientia
1823 3001 1992 3056 beatae
2031 3015 2117 3055 re-

513 3095 850 3151 cordationis
878 3092 1192 3150 Walbertus
1230 3094 1283 3148 in
1332 3093 1592 3166 regimine
1638 3092 1867 3148 fratrum
1919 3091 2115 3148 subve-

2223 1897 2329 1935 non
2357 1882 2473 1953 ejus
2505 1891 2724 1952 sponte,
2765 1884 2890 1954 quia
2929 1883 3248 1953 jamdudum
3293 1887 3495 1946 divinis
3542 1893 3806 1962 przeeeptis

2223 1990 2280 2030 se
2307 1976 2588 2046 implicare
2620 1987 2846 2033 noverat
2878 1976 2995 2050 [al.,
3028 1979 3309 2053 voverat],
3346 1980 3477 2038 licet
3518 1983 3704 2038 invitis
3731 2001 3808 2055 pa-

2222 2068 2486 2134 rentibus,
2527 2068 2676 2138 regio
2703 2077 2880 2124 tamen
2906 2069 3060 2141 jussu
3084 2112 3098 2138 ,
3127 2082 3182 2127 et
3203 2071 3275 2128 ob
3300 2071 3602 2129 liberorum
3634 2089 3808 2146 procu-

2223 2162 2514 2217 randorum
2553 2177 2799 2230 causam,
2834 2163 2887 2217 in
2911 2179 3068 2220 suum
3093 2165 3323 2221 adscivit
3358 2168 3694 2240 conjugium.
3725 2169 3812 2224 So-

2222 2253 2363 2308 ciata
2390 2254 2570 2324 itaque
2597 2256 2716 2310 viro
2747 2266 3076 2325 memorato,
3114 2257 3242 2315 licet
3275 2260 3378 2315 sub
3399 2259 3528 2331 jure
3568 2263 3805 2334 coniugii,

2220 2347 2528 2404 Christiana
2557 2359 2736 2406 tamen
2759 2352 2974 2422 utrique
2999 2354 3329 2408 exercebant
3347 2369 3538 2425 opera,
3573 2364 3632 2410 et
3654 2356 3811 2423 bapti-

2223 2439 2324 2492 smi
2355 2439 2698 2496 candidatum
2732 2441 3077 2498 devotissime
3107 2446 3419 2500 servabant.
3467 2445 3646 2501 Erant
3683 2449 3809 2502 enim

2222 2533 2519 2604 hoSpitales
2544 2544 2597 2589 et
2629 2535 2986 2609 eleemosynis
3016 2538 3218 2604 dediti,
3261 2539 3614 2612 maximeque
3633 2582 3648 2607 ,
3675 2543 3812 2612 juxta

2220 2624 2280 2679 Β.
2316 2625 2540 2680 Paulum
2574 2629 2847 2702 egregium
2877 2630 3322 2700 praedicatorem,
3347 2633 3672 2689 domesticis
3704 2635 3810 2688 ﬁdei

2223 2714 2364 2787 (Gal.
2411 2732 2500 2784 vt,
2549 2719 2668 2790 10),
2703 2728 2759 2775 et
2798 2721 3119 2792 peregrinis,
3171 2725 3344 2779 servis
3389 2735 3572 2781 autem
3625 2727 3812 2782 Christi

2222 2827 2430 2866 summa
2459 2815 2812 2870 veneratione
2834 2816 3303 2887 obtemperantes,
3334 2817 3478 2874 illius
3523 2819 3814 2876 Salvator-is

2220 2919 2491 2960 memores
2534 2908 2785 2978 praecepti
2815 2925 2826 2961 :
2861 2927 2878 2959 ι
2914 2907 3158 2975 Quandiu
3192 2908 3396 2966 fecistis
3427 2910 3523 2965 uni
3568 2927 3635 2967 ex
3667 2912 3817 2966 mini-

2219 2997 2324 3051 mis
2355 2997 2506 3063 istis,
2559 2998 2689 3053 mihi
2737 2999 2942 3055 fecistis
2989 3000 3204 3072 (Manli.
3235 3018 3360 3070 xxv,
3387 3002 3516 3074 40);
3556 3023 3575 3056 ι
3610 3014 3664 3059 et
3699 3005 3814 3060 illud

2219 3087 2281 3142 Β.
2312 3087 2457 3145 Petri
2487 3091 2710 3160 apostoli
2742 3108 2754 3144 :
2787 3111 2804 3143 α
2831 3091 3132 3162 l-lospitales
3167 3093 3402 3151 invicem
3435 3095 3557 3151 sine
3585 3112 3818 3150 murmu-

512 3195 636 3244 ctus
664 3195 775 3252 est,
809 3187 893 3240 vir
939 3187 1181 3246 omnium
1233 3185 1375 3240 fama
1419 3184 1701 3239 laudabilis
1722 3224 1736 3248 ,
1794 3184 2116 3254 eximiacque
2143 3167 2189 3229 C
2221 3184 2434 3238 ratione
2464 3183 2515 3254 (1
2545 3183 2692 3239 Patr.
2719 3201 2794 3250 tv,
2823 3185 2899 3248 9).
2936 3207 2984 3260 r_

512 3279 838 3344 sanctitatis,
873 3288 928 3336 et
957 3280 1010 3336 in
1039 3278 1425 3336 ecclesiasticis
1455 3277 1750 3349 disciplinis
1774 3293 1878 3333 non
1912 3278 2117 3333 medio-

513 3374 1003 3440 critereruditus;
1055 3374 1296 3430 bonitate
1345 3389 1407 3429 ac
1457 3373 1689 3444 pietate,
1743 3374 2117 3442 charitateque

510 3468 860 3540 perspicuus,
909 3477 966 3522 et
1010 3467 1255 3524 doctrina
1299 3467 1636 3530 exuberans;
1690 3463 1849 3534 hujus
1877 3473 2118 3534 tempore

510 3575 612 3630 per
655 3558 954 3616 Galliarum
993 3558 1302 3628 provincias
1335 3557 1551 3629 agmina
1607 3557 2026 3621 monachorum,
2064 3563 2120 3610 et

513 3669 793 3710 sacrarum
831 3651 1126 3724 puellarum
1160 3651 1446 3718 examina,
1481 3665 1586 3705 non
1613 3649 1786 3706 solum
1815 3663 1910 3717 per
1935 3662 2114 3719 agros,

512 3747 701 3813 villas,
756 3747 1051 3816 vicosque,
1093 3755 1255 3815 atque
1300 3745 1555 3809 castella,
1588 3758 1776 3798 verum
1819 3742 1981 3796 etiam
2020 3755 2119 3810 per

515 3839 686 3894 eremi
712 3839 1052 3902 vastitatem,
1081 3853 1148 3894 ex
1192 3837 1375 3910 regula
1420 3838 1683 3892 duntaxat
1710 3835 1990 3892 beatorqu
2016 3832 2120 3888 Pa-

515 3940 659 3986 trum
707 3931 988 3986 Benedicti
1032 3930 1352 3986 Columbani
1393 3929 1766 4000 pullulabant,
1814 3944 1936 3983 cum
1993 3936 2119 3982 ante

515 4024 648 4079 illud
682 4033 891 4094 tempus
931 4024 1256 4079 monasteria
1293 4024 1381 4079 vix
1421 4023 1609 4094 paucis
1655 4021 1760 4077 illis
1808 4021 2116 4090 reperiren-

513 4127 605 4172 tur
653 4117 708 4172 in
759 4117 912 4172 locis.
970 4115 1076 4172 Sed
1121 4133 1262 4176 nunc
1313 4117 1381 4172 ad
1425 4115 1712 4172 articulum
1779 4124 2120 4170 revertamur

516 4209 780 4266 historiae.

1139 4299 1368 4356 CAPUT
1409 4297 1474 4354 V.

586 4392 1019 4449 Prudentissima
1072 4391 1269 4447 femina
1319 4391 1614 4461 Salaberga
1656 4407 1778 4446 cum
1826 4406 1926 4461 per
1971 4391 2119 4446 bien-

2293 3276 2398 3332 Sed
2425 3293 2547 3332 eum
2576 3279 2682 3344 his,
2705 3277 2920 3335 favente
2947 3281 3195 3350 Domino,
3227 3283 3387 3340 bonis
3417 3284 3690 3356 pollerent
3712 3301 3819 3340 mo-

2221 3369 2400 3446 ribus,
2432 3381 2486 3426 et
2514 3370 2829 3429 Christiano
2872 3391 3024 3431 more
3069 3377 3327 3450 degerent
3359 3376 3481 3449 [al.,
3515 3380 3702 3450 vigore
3751 3383 3822 3432 vi-

2224 3463 2355 3536 tam]
2394 3473 2448 3518 et
2478 3465 2682 3534 prolem
2733 3468 2934 3522 nullam
2966 3484 3161 3540 capere
3190 3480 3445 3540 possent,
3472 3471 3822 3528 Christianis-

2223 3556 2359 3612 sima
2388 3556 2586 3613 femina
2621 3561 2806 3626 anxia,
2833 3570 2888 3615 et
2918 3572 2993 3616 tot
3021 3563 3228 3632 privata
3258 3564 3582 3637 privilegiis,
3614 3574 3823 3620 sancta-

2222 3665 2340 3704 ruln
2388 3651 2671 3706 mulierum
2717 3651 2886 3708 Anum
2921 3663 2976 3709 et
3023 3653 3302 3710 Elizabelh
3350 3655 3405 3712 in
3455 3672 3515 3712 se
3562 3656 3821 3710 adhibens

2224 3744 2413 3807 fidem,
2447 3759 2566 3813 qua:
2597 3745 2650 3799 in
2686 3745 2884 3816 templo
2913 3745 3122 3800 Domini
3159 3745 3357 3818 vigiliis
3397 3755 3454 3802 et
3485 3747 3818 3801 orationibus

2222 3837 2553 3892 excubantes
2584 3836 2735 3908 (Luc.
2770 3853 2830 3902 ll,
2864 3837 2962 3904 57;
3001 3855 3056 3906 ι,
3104 3839 3190 3908 6),
3221 3848 3342 3908 post
3371 3839 3686 3894 diuturnam
3719 3851 3818 3894 ste-

2224 3931 2478 3986 rilitatem
2515 3941 2706 4001 partus
2739 3940 2956 3986 sanctos
2995 3941 3340 3998 meruerunt,
3377 3941 3433 3988 et
3469 3940 3820 4004 procrearunt

2224 4023 2442 4087 liberos,
2476 4023 2543 4077 ad
2576 4023 2859 4080 basilicam
2911 4024 2971 4078 Β.
3005 4024 3238 4096 Remigii
3286 4026 3588 4095 pontiﬁcis,
3621 4027 3712 4096 qui
3738 4041 3819 4078 ur-

2221 4117 2344 4171 bem
2389 4115 2678 4173 Remorum
2747 4117 3164 4189 Campaniaeque
3233 4117 3482 4173 tellurem
3536 4119 3821 4173 virtutibus

2221 4210 2395 4264 sacris
2440 4219 2494 4265 et
2543 4211 2879 4266 mirabilibus
2937 4211 3277 4279 illustrabat,
3327 4213 3587 4283 expetiit;
3647 4214 3821 4284 ibique

2220 4302 2422 4373 vigiliis
2466 4311 2518 4358 et
2562 4304 2897 4360 orationibus
2922 4305 3213 4368 excubans,
3251 4312 3436 4359 votum
3467 4307 3615 4359 vovit
3659 4315 3747 4370 ut,
3779 4304 3822 4358 si

2222 4393 2480 4452 divinitus
2521 4397 2570 4452 ei
2615 4397 2826 4453 soboles
2881 4399 3304 4464 concederetur,
3362 4399 3537 4470 ipsam
3601 4401 3823 4454 Domino

517 4485 669 4540 nium
709 4484 822 4554 jam
854 4485 1074 4540 viduata
1102 4485 1397 4548 resideret,
1431 4482 1558 4537 licet
1601 4484 1701 4538 sub
1747 4483 1883 4537 laico
1932 4484 2118 4540 habitu
2146 4528 2198 4588 Β
2224 4488 2445 4544 dicaret.

515 4577 750 4648 degens,
810 4577 1036 4648 vigiiiis,
1083 4576 1306 4648 jejuniis
1375 4585 1536 4645 atque
1594 4575 1985 4646 eleemosynis,
2063 4576 2116 4631 in

517 4679 783 4740 quantum
814 4669 961 4724 vires
988 4667 1429 4739 suifragabanlur
1460 4666 1684 4736 praedita
1720 4664 1842 4738 [al.,
1869 4675 2120 4738 suppete-

515 4764 650 4819 bant
680 4763 916 4828 intenta,
949 4761 1198 4833 praedita]
1225 4801 1240 4828 ,
1271 4776 1390 4830 qua:
1421 4758 1514 4816 Dei
1554 4768 1707 4824 sunt,
1757 4761 1866 4816 Deo
1909 4761 2120 4815 inhian-

520 4865 604 4930 ter
639 4855 918 4912 reddebat.
965 4854 1275 4910 Doctrinam
1305 4867 1434 4906 vero
1459 4893 1474 4918 ,
1503 4868 1664 4922 quam
1711 4868 1739 4907 a
1778 4852 1847 4930 ΒἸ
1872 4853 2120 4908 Eustasio

517 4925 859 5019 perceperat,
905 4945 1050 5000 velut
1084 4945 1343 4999 mundum
1375 4944 1579 4998 animal
1617 4928 1946 5000 ruminabat.
1982 4943 2119 4999 Cum

519 5040 634 5095 haec
661 5040 731 5093 ila
766 5054 853 5094 res
895 5054 952 5093 se
985 5039 1240 5104 haberet,
1265 5038 1508 5093 decrevit
1550 5039 1730 5092 animo
1757 5047 1814 5092 ut
1841 5038 1905 5092 ad
1937 5053 2120 5091 sacra-

520 5149 640 5186 rum
669 5132 937 5202 virginum
961 5131 1300 5198 coenobium,
1341 5131 1484 5202 quod
1516 5131 1856 5186 venerandus
1884 5131 1967 5184 vir
2007 5129 2115 5184 R0-

523 5225 764 5278 maricus
790 5238 858 5278 ex
897 5222 1098 5293 palatio
1133 5222 1416 5293 magniﬁce
1447 5238 1765 5287 conversus,
1795 5237 1888 5292 per
1918 5223 2115 5275 exhor-

525 5319 781 5372 tationem
798 5315 1102 5372 etsolamen
1127 5315 1187 5368 B.
1204 5317 1434 5373 Eustasii
1452 5319 1502 5372 in
1521 5318 1729 5387 Vosago
1741 5324 2120 5371 construxerat

522 5410 682 5476 saltu,
709 5409 970 5465 latebram
1005 5409 1128 5481 fuga
1155 5419 1471 5478 eXpeteret,
1507 5411 1833 5480 fecissetque
1863 5411 1995 5466 satis
2028 5427 2117 5465 vo-

526 5504 628 5569 tis,
678 5505 720 5560 si
754 5519 916 5559 sexus
958 5518 1062 5560 non
1112 5503 1328 5558 fecisset
1377 5504 1851 5574 impedimentum,
1882 5515 1934 5560 et
1972 5505 2118 5573 regia

524 5610 633 5652 non
663 5596 1020 5667 impedissent
1046 5595 1348 5650 obstacula.

600 5795 711 5866 (ΕΞ)
738 5794 836 5849 llic
862 5793 1076 5848 videtur
1110 5802 1295 5847 auctor
1331 5793 1392 5848 B.
1434 5791 1736 5862 Salabergre
1773 5807 1987 5862 suppar.

2292 4581 2402 4637 Nec
2445 4598 2595 4637 mora
2627 4585 2840 4638 domum
2887 4599 3134 4649 reversa,
3176 4585 3280 4639 hoc
3326 4585 3471 4655 quod
3503 4583 3734 4640 ﬁdeliter
3772 4591 3825 4637 et

2225 4675 2382 4730 anxie
2411 4676 2642 4745 petierat
2665 4718 2679 4743 ,
2707 4693 2735 4730 a
2766 4677 2993 4732 Domino
3020 4685 3104 4732 est
3133 4677 3180 4732 ei
3225 4677 3510 4744 collatum;
3554 4678 3829 4752 concepit-

2222 4784 2346 4840 que,
2379 4778 2434 4823 et
2457 4771 2664 4840 peperit
2695 4769 2890 4836 ﬁliam;
2921 4771 3006 4826 cui
3055 4785 3121 4825 ex
3173 4771 3308 4825 avi:e
3343 4771 3611 4826 vocabulo
3659 4769 3827 4824 Sare-

2226 4865 2396 4918 trudis
2449 4879 2645 4918 nomen
2702 4864 2914 4918 indidit.
2953 4863 3161 4918 Rursus
3199 4862 3362 4917 aliam
3414 4862 3582 4916 ﬁliam
3635 4863 3826 4926 edidit,

2223 4973 2382 5028 quam
2425 4956 2664 5014 Ebanem
2721 4957 3072 5028 nuncupavit.
3132 4958 3400 5027 Deinceps
3447 4971 3582 5011 vero
3642 4955 3830 5027 genuit

2224 5048 2386 5101 filiam
2412 5046 2648 5110 tertiam,
2667 5045 2943 5114 ipsamque
2964 5043 3216 5116 baptismi
3243 5044 3418 5116 gratia
3444 5050 3832 5115 regeneratam

2220 5137 2548 5194 Austrudem
2579 5137 2699 5209 [al.,
2722 5134 3036 5208 Astrudem]
3065 5136 3370 5207 appellavit,
3396 5151 3520 5206 qum
3549 5136 3601 5188 in
3632 5147 3832 5188 curam

2221 5238 2275 5285 et
2303 5230 2541 5300 regimen
2573 5242 2818 5284 sororum
2841 5269 2856 5293 ,
2895 5242 3154 5298 processu
3184 5228 3471 5298 temporis,
3503 5236 3693 5281 cuncta
3725 5240 3839 5278 an-

2223 5331 2421 5377 nuente
2443 5331 2679 5387 caterva,
2718 5321 3005 5376 successit.
3032 5319 3294 5388 Quartum
3321 5335 3454 5374 vero
3483 5319 3656 5374 edidit
3685 5316 3836 5379 libe-

2223 5428 2340 5469 rum
2368 5413 2450 5466 cui
2493 5421 2549 5465 et
2576 5411 2674 5482 ipsi
2718 5409 2971 5481 baptismi
3002 5410 3175 5482 gratia
3217 5410 3596 5464 sacerdotibus
3630 5422 3838 5463 conse-

2221 5515 2394 5572 crato,
2418 5505 2698 5560 Eustasius
2729 5519 2921 5560 nomen
2955 5505 3240 5572 indiderat,
3273 5503 3362 5572 qui
3388 5511 3446 5556 et
3484 5500 3628 5556 infra
3655 5500 3834 5572 682

2221 5603 2454 5675 pueriles
2481 5618 2648 5660 annos
2679 5601 2964 5659 defunctus
2989 5610 3089 5659 est.
3123 5599 3274 5674 [Quae
3305 5598 3578 5654 hactenus
3603 5597 3840 5652 Christo

3981 5479 3983 5600 1
