4032 6326
235 430 362 489 1229

1267 426 1513 514 annm.
1539 458 1609 470 —
1646 427 1808 484 VITA
1833 426 1891 485 s.
1929 428 2379 494 sanesanae.

3349 442 3530 510 1250

231 539 432 620 auspice
498 543 695 636 divinis
759 543 1054 636 privilegiis
1086 544 1247 636 "nunc
1298 553 1560 636 superest.
1613 544 1788 636 Unum
1817 547 1866 604 A
1892 541 2026 599 Nam
2067 562 2192 601 cum
2217 547 2497 608 barbaries
2536 550 2664 609 licet
2699 555 2883 625 procul
2915 558 3148 628 abesset,
3177 578 3363 636 regum
3405 579 3484 625 la-

232 649 421 696 tantum
449 635 616 692 edidit
643 635 896 702 liberum,
924 635 1010 690 cui
1040 644 1097 691 et
1129 635 1232 704 ipsi
1269 634 1521 706 baptismi
1559 634 1734 706 gratia
1759 649 1790 688 a

228 730 646 792 sacerdotibus...
672 730 981 786 Eustasium
1010 744 1207 784 nomen
1229 729 1588 794 tradiderunt,
1615 729 1709 800 qui
1737 737 1792 784 et

227 823 359 878 intra
385 820 614 894 pueriles
640 836 830 885 annos,
862 819 993 893 etc.]
1021 820 1280 887 Quintum
1307 836 1435 876 vero
1455 821 1610 875 bona:
1635 819 1788 874 indo-

223 916 285 970 lis
321 913 483 968 edidit
525 911 762 981 prolem,
806 912 1026 968 nomine
1069 911 1390 968 Balduinum
1433 911 1562 984 [al.,
1601 910 1793 968 Baldo-

221 1004 404 1076 num],
445 1020 603 1074 quem
654 1014 710 1058 et
755 1004 930 1074 ipsum
968 1004 1124 1076 juxta
1176 1004 1386 1074 priores
1437 1003 1791 1075 omnipotenti

221 1095 324 1149 Deo
374 1094 626 1148 sacravit.
675 1093 800 1163 Egit
841 1094 944 1148 hoc
1013 1093 1244 1165 denique
1297 1093 1498 1152 famula
1548 1091 1788 1157 Christi,

217 1183 460 1253 onniique
491 1183 608 1238 nisu
653 1198 904 1254 aggressa
931 1192 1014 1240 est
1049 1192 1106 1238 ut
1133 1199 1348 1238 omnem
1389 1183 1608 1238 domum
1638 1197 1790 1240 suam

218 1292 318 1330 non
366 1275 463 1330 sibi
493 1275 624 1340 soli,
669 1277 761 1331 sed
799 1277 992 1332 marito
1035 1277 1226 1343 simul,
1268 1283 1322 1332 et
1365 1274 1551 1332 liberis
1589 1275 1789 1332 Christi

215 1367 414 1424 faceret
435 1367 756 1423 Ecclesiam.

814 1458 1044 1516 CAPUT
1083 1459 1171 1518 Vl.

237 1603 243 1616 ,
274 1549 478 1604 Interea
500 1564 624 1604 cum
644 1551 873 1622 egregiae
901 1551 1207 1608 sanctitatis
1228 1550 1410 1622 opinio
1427 1550 1786 1620 Waldeberti,

206 1641 352 1712 cujus
382 1643 698 1698 memoriam
727 1643 976 1710 fecimus,
1005 1659 1144 1716 pene
1173 1661 1271 1716 per
1301 1645 1585 1704 universos
1615 1646 1787 1702 Fran-

203 1751 387 1792 corum
424 1736 685 1792 terminos
715 1735 914 1792 eximie
951 1735 1275 1806 pullularet,
1304 1745 1358 1790 et
1387 1735 1607 1794 solertia
1652 1751 1789 1808 prae.

203 1829 486 1884 dicationis
543 1826 658 1897 ejus
710 1843 739 1882 a
790 1828 1007 1884 Christo
1063 1828 1312 1896 Domino,
1359 1830 1475 1886 sine
1515 1845 1624 1900 quo
1656 1829 1790 1886 nihil

1897 649 2022 691 men
2057 637 2322 695 limitibus
2361 640 2487 697 hinc
2513 643 2634 699 inde
2673 646 2936 715 admistis,
2977 652 3196 720 periculi
3225 656 3481 716 indicium

1897 725 2097 786 futuris
2146 731 2478 800 temporibus
2505 743 2653 801 erat,
2685 739 2826 808 quod
2861 741 3158 810 periculum
3199 761 3298 803 nos
3327 749 3481 804 dein-

1899 833 2026 890 ceps
2052 820 2308 876 vidimus.
2367 823 2608 896 Denique
2662 845 2834 899 nuper
2884 833 3042 890 civile
3086 835 3288 892 bellum
3339 840 3484 898 inter

1898 922 2056 979 reges
2079 909 2412 970 Francorum
2437 913 2828 974 Theodericum
2857 930 2912 978 et
2937 923 3300 996 Dagobertum
3335 931 3482 988 circa

1897 1001 2018 1093 illos
2067 1002 2204 1068 fines
2239 1012 2327 1093 est
2367 1013 2579 1093 actum,
2609 1009 2806 1078 ubique
2833 1013 3028 1070 vicinia
3063 1031 3292 1090 quaeque
3319 1021 3481 1093 depo-

1895 1089 2107 1163 palata,
2135 1092 2280 1162 agri,
2310 1091 2468 1160 villae,
2496 1095 2668 1159 (edes,
2693 1107 2748 1152 et
2774 1099 2886 1167 ipsa
2909 1142 2923 1166 ,
2959 1107 3100 1172 quod
3127 1089 3341 1176 gravius
3367 1089 3482 1178 est,

1896 1193 2206 1250 sanctorum
2230 1199 2456 1255 corpora
2482 1187 2604 1257 igne
2640 1198 2766 1243 sunt
2795 1204 3050 1248 cremata.
3096 1197 3244 1256 Unde
3279 1201 3482 1272 liquido

1894 1285 2046 1348 patet
2072 1277 2254 1334 divino
2281 1293 2402 1333 eam
2435 1278 2644 1350 Spiritu.
2684 1280 2854 1344 fuisse
2886 1283 3176 1353 imbutam,
3205 1307 3325 1360 quae
3371 1295 3485 1366 pri-

1895 1371 2018 1438 dem
2055 1371 2372 1442 anticipavit
2395 1371 2707 1428 discrimen.

2503 1461 2730 1518 CAPUT
2779 1468 2881 1520 Vn.

1966 1551 2204 1610 Corisilio
2249 1554 2414 1624 igitur
2458 1554 2652 1625 adepto
2697 1571 2822 1612 cum
2865 1557 3089 1627 prtefato
3132 1559 3485 1623 Waldeberto

1895 1644 2122 1708 abbate,
2163 1645 2252 1714 qui
2303 1644 2548 1716 ingenio,
2596 1653 2651 1699 et
2704 1646 2888 1717 vigore
2939 1650 3154 1716 sagaci,
3185 1662 3242 1707 et
3289 1662 3483 1710 natura

1849 1762 1858 1771 ι
1895 1737 2036 1794 bona
2079 1738 2134 1794 in
2193 1737 2392 1794 talibus
2439 1738 2604 1794 rebus
2638 1739 2896 1812 praeditus
2923 1750 3069 1808 erat,
3103 1757 3264 1814 quem
3295 1754 3484 1816 postea

1896 1839 1951 1890 et
1978 1831 2231 1888 comitem
2266 1831 2504 1895 itineris,
2530 1841 2585 1886 et
2616 1832 2821 1888 socium
2854 1832 3056 1889 laboris
3078 1835 3296 1903 habuit,
3322 1839 3486 1912 elegit

199 1918 321 1973 boni
365 1920 564 1993 agitur,
594 1917 797 1974 affatim
838 1919 1169 1976 fervesceret
1191 1961 1205 1984 ,
1245 1927 1492 1990 essetque
1537 1921 1789 1976 omnibus
1821 1911 1865 1965 Β
1893 1922 1997 1977 iter
2021 1921 2238 1980 Christo
2267 1922 2402 1978 duce
2443 1921 2613 1976 instar
2633 1923 2964 1984 sanctissimi
2993 1925 3225 1984 Abrahae
3251 1931 3484 1998 patriar—

198 2006 408 2064 Domini
440 2009 743 2064 colentibus
789 2017 1010 2081 gratus,
1061 2010 1500 2081 monasteriaque
1547 2011 1786 2066 virorum

197 2117 261 2156 ac
306 2103 596 2173 mulierum
638 2119 702 2167 ex
743 2103 860 2174 ejus
910 2118 1099 2158 norma
1151 2101 1352 2158 affatim
1403 2103 1782 2171 conderentur,

193 2210 424 2251 cernens
455 2195 612 2252 beata
646 2194 937 2267 Salaberga
974 2210 1187 2252 servum
1216 2194 1416 2250 Christi
1451 2194 1787 2267 militemque

190 2287 518 2356 prreclarum
565 2296 642 2342 tot
684 2285 879 2342 florere
922 2285 1212 2356 exemplis,
1265 2286 1662 2357 virtutibusque
1693 2286 1786 2342 fla-

191 2395 354 2448 grare
381 2380 663 2452 supernis,
697 2390 750 2435 et
779 2380 995 2435 assidue
1019 2379 1167 2435 velut
1192 2393 1223 2432 e
1258 2379 1505 2448 luporum
1538 2379 1784 2434 faucibus

191 2484 416 2544 ereptos
448 2473 647 2543 ubique
675 2487 863 2544 greges
894 2471 1097 2528 Christi
1131 2471 1355 2526 adunari
1379 2511 1394 2536 ,
1419 2486 1542 2526 eum
1567 2471 1634 2524 ad
1661 2485 1786 2540 pro-

185 2570 367 2638 priam
401 2567 725 2632 domum,ob
753 2564 1148 2620 benedictionis
1169 2564 1236 2618 ab
1257 2579 1322 2618 eo
1349 2564 1580 2634 gratiam
1608 2561 1786 2633 perci-

182 2662 472 2732 piendam,
501 2659 745 2716 crebrius
777 2656 1292 2724 accersitum,velut
1317 2656 1557 2712 divinum
1588 2669 1783 2710 munus

180 2753 288 2808 sibi
332 2769 362 2806 a
423 2751 648 2806 Domino
686 2749 798 2805 fore
840 2764 1158 2805 concessum
1210 2763 1379 2802 ovans
1418 2745 1779 2816 suscipiebat,

180 2843 467 2917 verbaque
531 2843 766 2899 salubria
814 2851 870 2897 et
915 2841 1218 2895 animarum
1271 2837 1492 2893 medela:
1545 2853 1782 2908 congrua

177 2937 413 2991 haurire
439 2950 505 2990 ex
529 2937 646 3007 ejus
675 2933 928 2990 mellifluo
958 2950 1052 2990 ore
1090 2933 1453 2998 desiderabat,
1496 2929 1782 3001 ﬂagrabat-

178 3045 291 3100 que
323 3029 724 3084 instantissime
752 3028 982 3091 animus,
1013 3034 1090 3092 ut,
1136 3025 1332 3097 spretis
1359 3023 1782 3095 phaleramentis

177 3122 369 3178 szeculi
399 3121 719 3193 pompisque
746 3118 1033 3174 mundanis
1052 3117 1397 3188 postpositis,
1428 3115 1496 3170 ad
1520 3114 1779 3168 virtutum

176 3215 402 3270 culmen
431 3213 752 3284 apicemque
789 3211 1094 3267 sanctitatis
1132 3209 1334 3264 valeret
1357 3207 1670 3264 ascendere.
1705 3207 1782 3263 De

172 3322 288 3376 quo
315 3306 588 3361 virtutum
629 3305 864 3360 culmine
896 3303 1154 3358 Dominus
1181 3287 1394 3372 quoque
1435 3311 1490 3356 et
1532 3300 1783 3356 Salvator

172 3400 232 3453 in
260 3398 564 3469 Evangelio
591 3397 826 3467 loquitur
850 3397 1033 3452 dicens
1062 3413 1076 3452 ;
1113 3413 1132 3446 ι
1171 3393 1358 3450 Omnis
1385 3394 1474 3465 qui
1499 3393 1784 3462 reliquerit

167 3475 418 3563 patrem,
461 3502 553 3546 aut
590 3501 839 3558 matrem,
867 3499 961 3546 aut
989 3491 1209 3556 domos,
1247 3499 1341 3542 aut
1377 3503 1536 3560 agros
1561 3495 1783 3558 propter

167 3600 384 3641 nomen
418 3601 624 3650 meum,
657 3586 970 3654 centuplum
999 3582 1228 3654 accipiet
1255 3591 1308 3637 et
1330 3582 1494 3636 vitam
1518 3589 1782 3635 aeternam

163 3677 492 3748 possidebit
520 3676 739 3749 (Matth.
761 3692 878 3741 xix,
905 3677 1024 3744 29);
1067 3698 1084 3727 ι
1115 3684 1168 3740 et
1192 3674 1318 3728 illud
1347 3693 1358 3727 :
1395 3693 1412 3725 ι
1453 3673 1632 3746 Ignem
1658 3671 1780 3728 veni

163 3769 403 3823 mittere
452 3767 506 3820 in
563 3775 792 3830 terram,
849 3775 904 3820 et
955 3766 1080 3836 quid
1142 3765 1262 3818 volo
1315 3764 1416 3818 nisi
1467 3773 1524 3818 ut
1563 3762 1782 3818 ardeat?

161 3857 334 3929 (Luc.
370 3872 475 3923 xu,
503 3856 616 3924 49.)
655 3875 674 3906 ι
710 3855 847 3924 Quid
901 3856 1085 3926 plura?
1131 3857 1366 3910 Auctore
1407 3856 1516 3910 Deo
1565 3869 1780 3910 omnem

161 3965 325 4019 spem
363 3964 524 4003 suam
557 3957 677 4018 post
704 3949 870 4002 Deum
913 3948 1070 4003 beato
1102 3949 1217 4002 viro
1243 3948 1625 4012 committens,
1661 3947 1780 4001 viro

159 4055 486 4105 converso,
519 4039 868 4110 prolibusque
900 4039 1008 4093 Deo
1035 4040 1262 4095 sacratis
1287 4079 1302 4102 ,
1329 4039 1606 4111 religionis
1630 4047 1780 4094 veste

160 4141 436 4202 accepta,
487 4131 618 4184 inito
650 4145 770 4184 cum
817 4130 875 4183 Β.
904 4129 1250 4186 Waldeherto
1291 4132 1549 4194 consilio,
1585 4145 1778 4186 conve-

1808 3264 1851 3322 C

159 4226 385 4280 nientia
436 4223 539 4296 [[2,
573 4223 942 4294 conniventia]
1002 4223 1268 4278 existente
1339 4220 1542 4283 mariti,
1595 4235 1809 4275 emno--

157 4319 321 4373 bium
357 4317 666 4389 puellarum
711 4318 766 4370 in
817 4317 1074 4370 suburhio
1119 4315 1425 4392 Lingonicm
1484 4315 1672 4378 urbis,
1723 4315 1778 4368 in

157 4412 504 4467 haereditate
527 4409 608 4464 vel
629 4407 968 4464 successione
982 4392 1775 4476 paterna,conaturexstruere.

156 4503 328 4572 Quod
363 4503 603 4575 propriis
632 4499 930 4556 redditibus
957 4497 1277 4569 praediorum
1295 4511 1544 4561 suorum,
1571 4511 1638 4550 ex
1655 4509 1776 4549 suc-

1893 2015 2036 2080 chze,
2081 2014 2171 2084 qui
2200 2014 2266 2070 de
2298 2013 2684 2084 Mesopotamia
2716 2013 2887 2083 Syriae
2926 2031 3207 2086 egressus,
3241 2019 3482 2077 Philisti-

1892 2121 2086 2162 norum
2118 2105 2339 2161 colonus
2375 2105 2604 2171 exstitit,
2649 2121 2876 2176 eamque
2907 2108 3017 2164 Deo
3049 2111 3396 2180 promittente
3427 2116 3482 2170 in

1890 2204 2108 2268 postera
2151 2194 2497 2250 successione
2541 2195 2766 2250 sortitus
2795 2205 2895 2252 est.
2929 2197 3097 2266 Quem
3144 2200 3353 2257 imitata
3384 2203 3478 2258 Dei

1891 2287 2094 2342 famula
2147 2286 2461 2357 relinquens
2509 2288 2699 2358 patrim
2753 2289 2956 2357 solum,
3025 2301 3280 2359 paternas
3327 2297 3484 2351 sedes

1890 2381 2098 2436 malens
2128 2396 2250 2437 cum
2283 2381 2499 2436 Christo
2530 2396 2720 2450 egere,
2754 2397 2915 2452 quam
2965 2400 3285 2441 mammona:
3330 2387 3481 2444 lucra

1889 2473 2200 2543 possidere,
2227 2487 2390 2542 quam
2436 2482 2513 2528 tot
2540 2474 2650 2543 pati
2679 2473 3025 2539 discrimina,
3061 2493 3184 2538 cum
3216 2481 3339 2534 vitae
3379 2482 3482 2536 sti-

1889 2566 2085 2636 pendio
2113 2567 2181 2622 ad
2213 2567 2398 2622 urbem
2423 2565 2668 2624 Lauduni
2695 2567 2904 2624 Clavati
2924 2612 2938 2637 ,
2965 2585 3086 2626 cum
3121 2573 3356 2627 maximo
3385 2589 3484 2644 ap-

1887 2663 2102 2724 paratu,
2132 2664 2188 2710 et
2216 2670 2338 2710 cum
2364 2655 2649 2712 animabus
2671 2672 2702 2712 a
2729 2657 2840 2714 Deo
2864 2659 2968 2720 sibi
2989 2662 3328 2736 commissis,
3358 2679 3486 2734 pro:

1887 2743 2168 2800 ﬁciscitur.
3165 2754 3172 2760 '

1957 2835 2087 2904 Quae
2108 2834 2236 2891 urbs
2259 2835 2387 2893 licet
2406 2836 2689 2900 obsidione
2713 2837 2902 2894 vallari
2929 2840 2998 2894 ab
3023 2839 3270 2896 hostibus
3289 2845 3478 2914 possit,

1887 2935 2070 2982 tamen
2099 2935 2294 2982 natura
2322 2927 2425 2982 loci
2453 2968 2467 2992 ,
2496 2937 2550 2982 et
2583 2928 2636 2984 in
2666 2929 2951 2984 cacumine
2980 2931 3098 2986 saxi
3127 2931 3260 2999 sita,
3311 2936 3484 2990 muni-

1887 3018 2087 3074 tionem
2138 3020 2414 3080 robustam
2447 3021 2716 3088 obtinuit,
2745 3030 2806 3078 ut
2830 3022 3004 3098 frangi
3036 3037 3066 3078 a
3098 3025 3346 3082 barbaris
3383 3044 3482 3086 ne-

1887 3122 2054 3186 queat
2088 3113 2440 3184 periculoque
2477 3099 2680 3170 careat.
2716 3113 2852 3170 Nam
2899 3125 2952 3172 ct
2992 3124 3206 3173 vetusto
3239 3128 3480 3190 tempore

1887 3221 2010 3260 cum
2033 3221 2153 3262 eam
2181 3205 2456 3272 Wandali,
2487 3207 2678 3272 Alani,
2705 3207 2874 3274 Huni,
2920 3216 3234 3280 ueteresque
3261 3209 3480 3268 Germa-

1888 3297 1992 3356 niae
2016 3307 2070 3358 et
2095 3297 2332 3370 Scythiae
2357 3307 2546 3370 gentes
2578 3298 2780 3354 frustra
2804 3299 3127 3368 vallassent,
3153 3302 3298 3376 nulla
3323 3319 3481 3376 agge-

1891 3408 2009 3448 rum
2038 3400 2156 3450 arte
2185 3392 2520 3460 imminenti,
2562 3407 2670 3448 non
2700 3392 3096 3450 f'undihulorum
3121 3394 3338 3464 jaeulis,
3371 3413 3480 3452 non

1889 3500 2163 3542 armorum
2191 3484 2411 3556 spiculis
2429 3483 2776 3556 jacientibus,
2805 3501 2906 3540 nec
2944 3486 3176 3542 arietum
3201 3487 3478 3559 impulsio-

1888 3577 2045 3631 nibus
2066 3577 2312 3634 obtinere
2331 3577 2634 3641 valuerunt,
2663 3577 2758 3632 sed
2793 3591 2947 3634 casso
2995 3576 3182 3635 labore
3210 3578 3476 3649 frustrati,

1889 3670 2090 3724 inertes
2149 3678 2516 3725 recesserunt.
2566 3669 2807 3739 Excepto
2851 3669 2994 3726 enim
3041 3686 3319 3728 murorum
3363 3687 3480 3728 am-

1886 3762 2001 3818 bitu
2021 3804 2035 3829 ,
2060 3763 2151 3832 qui
2179 3762 2522 3818 extrinsecus
2547 3765 2602 3818 in
2628 3764 3012 3832 proceritatem
3049 3763 3205 3829 collis
3225 3764 3474 3820 extendi-

1885 3865 1996 3924 tur,
2045 3853 2374 3912 intrinsecus
2426 3853 2597 3923 ipsius
2645 3853 2789 3908 muri
2841 3853 3100 3909 circuitus
3152 3855 3319 3910 humo
3384 3870 3478 3912 co-

1885 3955 2149 4016 aequatur,
2179 3945 2319 3999 unde
2351 3954 2405 4000 et
2436 3945 2807 4000 machinarum
2842 3953 2958 4000 arte
2992 3946 3137 4000 nulla
3166 3945 3294 4002 illud
3323 3948 3477 4020 oppi-

1886 4039 2011 4091 dum
2041 4036 2250 4107 fatigari
2280 4036 2471 4106 possit,
2502 4035 2596 4090 sed
2626 4043 2680 4089 ct
2709 4035 3033 4091 altrinsecus
3055 4051 3186 4090 saxa
3213 4038 3476 4093 naturalia

1885 4129 2155 4192 ambiunt;
2183 4129 2312 4182 urbs
2347 4127 2486 4181 infra
2519 4127 2718 4182 referta
2751 4129 2957 4195 puteis;
2995 4129 3060 4182 ad
3089 4129 3235 4198 ipsos
3261 4144 3476 4198 quoque

1883 4227 2160 4287 portarum
2203 4219 2380 4272 exitus
2422 4217 2596 4272 fontes
2645 4226 2898 4271 emanant
2945 4233 3238 4286 perennes,
3283 4219 3374 4288 qui
3419 4219 3475 4275 in

1885 4327 2014 4366 usus
2091 4312 2432 4378 hominibus,
2497 4311 2782 4378 pecoribus
2866 4325 2928 4364 ac
2988 4310 3248 4378 jumentis
3323 4312 3474 4382 potui

1884 4403 2096 4459 dantur.
2126 4457 2144 4477 ,

1955 4495 2142 4567 Igitur,
2163 4493 2402 4563 cnmjam
2417 4494 2484 4548 ad
2509 4491 2916 4562 illuminandam
2938 4493 3148 4558 urbem,
3165 4494 3329 4549 veluti
3345 4495 3474 4552 solis

155 4597 437 4653 cessione
487 4593 817 4650 hazreditatis
867 4601 1140 4664 paternae,
1191 4589 1465 4643 Christum
1530 4587 1777 4642 faciendo
1810 4616 1858 4674 Β
1885 4587 2414 4650 radius,veneranda
2441 4585 2640 4640 femina
2657 4585 3248 4656 eumsuissequacibus
3270 4589 3472 4644 sanctis

153 4690 484 4755 haeredem,
515 4688 767 4743 nobiliter
794 4685 1002 4740 ditavit.
1039 4684 1120 4737 Ad
1160 4685 1298 4752 quod
1339 4697 1473 4751 opus
1521 4697 1779 4752 peragen-

155 4784 298 4838 dum
332 4781 674 4838 venerabilis
696 4778 1008 4836 Walhertus
1035 4775 1297 4840 solamen,
1330 4772 1694 4842 artificesque,
1718 4789 1780 4829 ac

150 4879 323 4932 viros
375 4873 677 4929 industrios
706 4871 938 4944 praebuit
974 4879 1135 4938 atque
1177 4867 1466 4924 commisit.
1497 4867 1596 4932 Qui
1631 4867 1781 4922 locus

151 4970 299 5023 licet
325 4965 741 5019 Anstrasiorum
772 4964 966 5018 finibus
1000 4961 1332 5024 inmineret,
1365 4960 1575 5012 vicinus
1601 4967 1778 5012 tamen

145 5059 518 5131 Burgundiae
541 5068 686 5121 erat,
714 5057 921 5112 distans
955 5072 984 5110 a
1019 5055 1261 5110 Luxovio
1292 5055 1622 5109 rnonasterio
1651 5070 1780 5123 pau-

149 5154 209 5207 lo
250 5151 460 5206 minus
487 5147 722 5202 millibus
747 5149 1138 5218 quadraginta;
1171 5147 1354 5215 ibique
1379 5147 1628 5200 adunatis
1661 5159 1781 5199 cen-

146 5253 281 5300 tum
329 5256 440 5297 seu
490 5239 718 5310 amplius
755 5249 860 5296 tam
901 5255 968 5294 ex
1017 5239 1286 5294 nobilibus
1328 5236 1446 5310 [al.,
1496 5237 1777 5308 nobilium]

143 5336 394 5398 liberis,
429 5348 590 5402 quam
615 5348 681 5387 ex
723 5332 940 5408 proprio
963 5331 1139 5388 ofﬁcio
1165 5330 1380 5402 puellis,
1419 5329 1636 5385 Christo
1678 5329 1781 5384 Do-

141 5432 321 5488 mino
371 5429 600 5483 dicavit.

228 5521 360 5579 Sed
410 5538 535 5577 cum
580 5522 692 5591 jam
738 5536 866 5592 pars
917 5519 1150 5573 maxima
1203 5517 1422 5573 fabricae
1462 5519 1774 5572 monasterii

139 5618 454 5673 instructa
500 5625 672 5680 esset,
705 5615 870 5685 etrapit
920 5612 1119 5668 famula
1154 5613 1355 5668 Christi
1395 5627 1666 5682 praesaga,
1697 5621 1778 5664 ut-

138 5718 290 5782 pote
321 5705 544 5777 Spiritu
577 5709 669 5761 Dei
703 5707 904 5776 repleta
928 5750 941 5773 ,
984 5705 1160 5775 sagaci
1192 5720 1314 5772 cum
1361 5704 1477 5758 viro
1517 5703 1778 5758 trutinare

136 5787 389 5866 animo,
427 5816 531 5854 non
559 5816 677 5856 esse
701 5802 752 5854 in
781 5801 896 5854 loco
925 5800 1112 5854 eodem
1145 5799 1442 5869 puellarum
1471 5798 1775 5854 ccenobium

140 5908 383 5960 tutum,
416 5894 653 5963 nihilque
685 5894 990 5948 stabilitatis
1016 5904 1178 5964 atque
1216 5891 1528 5947 munitionis
1554 5891 1772 5946 habere.

1885 4681 2387 4751 appropinquasset.
2401 4679 2596 4752 praesul
2613 4681 2792 4752 oppidi
2812 4681 2956 4736 illius
2971 4680 3136 4737 Attilo
3150 4680 3469 4754 [al.,Attila,

1880 4772 2088 4844 Attola]
2110 4789 2229 4828 cum
2250 4788 2462 4828 summo
2490 4773 2674 4828 favore
2699 4774 2749 4828 ei
2767 4774 2980 4829 obviam
3003 4775 3196 4847 pergit,
3217 4784 3472 4846 tanquam

1882 4864 2118 4919 divinum
2154 4881 2372 4931 munus,
2405 4865 2810 4937 angelicamque
2843 4869 3054 4922 turbam
3085 4869 3323 4924 venisset
3346 4865 3468 4940 [al.,

1884 4968 2140 5029 tanquam
2165 4959 2207 5012 si
2241 4959 2479 5012 divinum
2510 4975 2705 5012 munus
2738 4959 3002 5030 turbaque
3027 4961 3270 5032 angelica
3292 4963 3471 5018 venis-

1881 5050 2192 5122 set],ovans
2223 5058 2440 5106 sanctas
2469 5049 2700 5112 famulas
2730 5051 2895 5123 683
2926 5051 3127 5108 Christi
3155 5067 3274 5108 eum
3303 5053 3470 5120 chorp

1881 5143 2246 5216 psallentium,
2276 5159 2397 5200 cum
2442 5144 2776 5216 psalmodia,
2824 5155 2876 5199 et
2931 5147 3278 5217 hymnidicis,
3322 5162 3471 5202 sum-

1881 5236 2092 5306 misque
2132 5235 2380 5292 laudibus
2410 5237 2631 5291 deduxit
2678 5237 2731 5291 in
2776 5236 2983 5292 urbem.
3015 5235 3118 5292 Sed
3150 5237 3469 5293 miraculum

1881 5329 2009 5405 illud
2046 5330 2388 5404 magnificum
2429 5330 2608 5396 dictu,
2640 5330 2782 5400 quod
2818 5340 2976 5385 nocte
3016 5331 3201 5385 eadem
3245 5329 3298 5385 in
3352 5330 3469 5403 ipsa

1879 5425 2014 5480 urbe
2034 5434 2242 5496 gestum
2273 5425 2364 5489 sit,
2404 5441 2512 5479 non
2537 5433 2619 5479 est
2647 5424 2934 5479 silendum.

2475 5513 2703 5570 CAPUT
2741 5515 2873 5569 Vill.

1951 5611 2248 5667 Praedictus
2301 5611 2485 5680 itaque
2542 5608 2783 5680 pontifex
2837 5609 3094 5678 praecepit
3149 5609 3333 5680 pueris
3402 5625 3468 5666 ac

1883 5703 2243 5758 familiaribus
2273 5702 2374 5757 sibi
2405 5701 2648 5765 creditis,
2682 5700 2752 5753 ob
2801 5701 3212 5770 przeparandam
3259 5703 3310 5756 in
3345 5717 3464 5756 cra-

1881 5795 2026 5851 stino
2054 5794 2140 5848 die
2171 5793 2390 5848 familia:
2419 5791 2625 5846 Christi
2657 5790 2968 5845 refectionis
3000 5793 3226 5861 gratiam
3251 5793 3461 5847 adesse.

1883 5888 2114 5944 Ministri
2142 5889 2306 5959 igitur
2330 5887 2546 5942 attoniti
2577 5887 2834 5941 velociter
2865 5903 2962 5956 per
2987 5897 3222 5952 noctem,
3253 5896 3465 5956 portam
