4032 6326
585 360 719 416 1251

582 473 768 548 oppidi
803 469 1028 556 ingressi
1053 511 1067 535 ,
1114 465 1328 521 obviam
1369 459 1472 516 sibi
1505 460 1740 514 ferarum
1776 473 1837 512 ac
1871 455 2165 510 bestiarum
2201 459 2244 515 Α

583 569 801 623 diversa
836 548 1032 633 genera
1064 558 1379 613 cernebant.
1426 553 1558 607 Nam
1599 551 1686 606 ille
1715 549 1994 614 bubulum,
2024 548 2164 602 alius

583 668 840 717 cervum;
902 650 989 705 ille
1036 663 1244 710 ursum,
1296 645 1434 699 alius
1475 658 1650 708 suem,
1689 640 1931 696 nonnulli
1983 639 2162 710 lupos,

581 746 824 818 plerique
853 739 1203 796 nihilominus
1229 735 1436 805 vulpes,
1475 733 1613 787 alius
1655 731 1870 786 interim
1904 729 2162 784 lascivum

580 829 817 900 asinum,
855 841 1172 899 trucemque
1217 827 1513 883 cernebam
1546 825 1780 889 leonem,
1829 822 2166 894 egredientes

580 933 637 980 et
685 923 951 994 fugientes
1003 918 1165 974 simul
1213 917 1278 972 de
1325 915 1546 971 civitate
1581 923 1636 969 et
1679 923 1877 968 caetera
1921 920 2166 966 monstra

581 1015 902 1076 bestiarum,
938 1026 1058 1081 quas
1091 1009 1218 1064 huic
1255 1008 1409 1079 operi
1446 1008 1693 1062 intexere
1742 1003 2012 1075 prolixum
2059 1012 2164 1070 est,

579 1120 651 1160 ne
680 1103 961 1159 fastidium
993 1102 1166 1158 lector
1194 1100 1456 1154 incurrat.

653 1199 772 1265 Quo
803 1194 1070 1250 miraculo
1099 1208 1300 1265 pavore
1325 1189 1565 1262 percussi
1587 1201 1778 1243 omnes
1803 1187 2038 1244 ministri
2066 1190 2168 1242 mi-

579 1288 865 1354 rabantur,
890 1287 1147 1358 quoniam
1187 1286 1240 1339 in
1270 1284 1362 1339 illo
1391 1283 1507 1339 loco
1539 1283 1655 1336 ista:
1684 1281 1872 1337 bestiae
1899 1294 2166 1350 nusquam

581 1391 741 1436 antea
791 1385 1174 1450 apparuerant.
1225 1377 1364 1444 Quid
1401 1375 1543 1430 aliud
1578 1377 1741 1430 datur
1771 1375 2016 1447 intelligi,
2065 1374 2168 1429 nisi

582 1473 726 1544 quod
763 1473 1107 1528 sanctitatem
1137 1486 1201 1525 ac
1236 1471 1476 1539 vigorem
1508 1469 1832 1525 ancillarum
1883 1469 1978 1524 Dei
2025 1469 2168 1522 anti-

581 1577 722 1632 quus
751 1562 924 1616 hostis
955 1577 1058 1616 non
1089 1559 1293 1627 ferens,
1319 1575 1443 1615 cum
1467 1560 1579 1615 suis
1605 1559 1928 1615 satellitibus
1955 1559 2169 1630 fugiens

581 1652 867 1708 discessit?
913 1650 1024 1706 Nec
1053 1652 1328 1708 immerito
1369 1652 1422 1706 in
1471 1653 1766 1708 bestiarum
1795 1667 1853 1708 se
1903 1651 2169 1708 ferarum-

579 1768 717 1824 que,
771 1762 826 1808 et
877 1760 1216 1809 monstrosas
1295 1752 1565 1808 deformat
1622 1753 1857 1825 figuras,
1907 1753 2170 1822 variaque

581 1847 840 1919 figmenta
897 1847 1199 1916 depromit,
1233 1847 1349 1917 qui,
1400 1854 1585 1918 utpote
1637 1862 1666 1900 a
1716 1847 1858 1902 bono
1913 1845 2171 1902 Creatore
2201 1849 2247 1908 B

580 1942 761 1998 bonus
811 1949 1033 2018 creatus
1062 1940 1310 2012 angelus,
1344 1941 1596 2011 superbia
1638 1940 1897 2010 deinceps
1933 1940 2173 1995 tumidus

582 2034 783 2090 dudum
818 2035 1032 2089 dixerat
1083 2033 1136 2088 in
1178 2031 1343 2088 corde
1394 2049 1491 2089 suo
1525 2051 1537 2086 :
1577 2051 1594 2084 ι
1631 2032 1807 2102 Super
1845 2041 1992 2087 astra
2048 2029 2174 2086 θα)ιί

582 2128 897 2192 ascendam,
940 2142 1139 2198 ponam
1171 2127 1426 2181 thronum
1474 2141 1653 2180 meum
1691 2125 1758 2179 ad
1805 2124 2171 2194 Aquilonem:

582 2218 780 2274 similis
837 2233 932 2274 ero
983 2217 1268 2274 Altissimo
1324 2217 1461 2289 (Isa.
1509 2233 1628 2282 xlv,
1681 2215 1810 2286 l4);
1856 2236 1874 2269 ι
1925 2230 2067 2270 nunc
2110 2216 2176 2269 de

581 2326 813 2382 superna
836 2311 1100 2374 claritate,
1120 2319 1173 2365 et
1197 2310 1448 2378 paradiso
1466 2309 1779 2364 deliciarum
1803 2307 2030 2376 cjcctus,
2053 2321 2176 2361 eum

583 2403 698 2457 suis
729 2403 1051 2472 sequacibus
1091 2402 1143 2455 in
1189 2401 1562 2466 formicarum,
1593 2400 1879 2464 vermium,
1913 2400 2172 2465 sericum,

581 2495 668 2550 vel
689 2493 929 2565 qualibet
954 2493 1181 2550 deformi
1217 2493 1398 2564 specie
1427 2502 1603 2557 actus,
1640 2491 1956 2558 mysterium
1983 2504 2175 2560 opera-

581 2594 674 2641 tur
707 2585 1012 2656 iniquitatis
1051 2602 1064 2639 :
1100 2585 1147 2640 si
1173 2585 1388 2654 quidem
1426 2583 1622 2654 priscis
1651 2582 2002 2654 temporibus,
2032 2582 2177 2653 quod

582 2677 828 2748 plerique
851 2676 1026 2730 adhuc
1046 2676 1309 2730 memoria
1341 2677 1595 2737 retinent,
1627 2681 1678 2728 et
1705 2673 2024 2743 superstites
2057 2685 2178 2726 esse

582 2775 900 2832 noscuntur,
939 2767 1028 2836 qui
1059 2767 1161 2821 hoc
1194 2764 1406 2820 facinus
1433 2765 1704 2830 viderunt,
1736 2764 1878 2833 quod
1905 2763 1958 2817 in
1985 2763 2175 2818 eodem

579 2860 803 2932 oppido,
849 2869 908 2913 ut
938 2859 1200 2925 creditur,
1241 2857 1450 2928 antiqui
1501 2857 1694 2928 anguis
1721 2855 1957 2910 versutia
1986 2855 2178 2910 erude-

580 2953 708 3009 liter
754 2953 991 3025 vigebat,
1047 2951 1309 3023 plebeios,
1360 2951 1594 3006 rusticos
1633 2959 1796 3020 atque
1828 2950 2051 3004 hebetes
2080 2948 2179 3004 ho-

577 3047 759 3102 mines
796 3054 914 3100 arte
967 3044 1160 3100 callida
1209 3042 1563 3109 ludificabat,
1615 3043 1681 3097 de
1733 3057 1841 3112 quo
1876 3041 2172 3097 scribitur:

587 3157 605 3191 ι
638 3138 804 3209 Cujus
834 3138 982 3193 mille
1011 3137 1240 3194 nocendi
1272 3147 1398 3192 sunt
1429 3146 1593 3192 artes.
1633 3155 1651 3188 ι
1687 3134 1820 3190 Nam
1865 3133 1965 3190 sub
1997 3133 2178 3204 specie

577 3228 902 3284 idololatriae
938 3228 1060 3302 [al.,
1092 3228 1456 3302 baptismatis]
1485 3243 1579 3284 eos
1609 3228 1710 3283 sibi
1739 3227 1959 3299 proprie
1979 3225 2170 3281 vendi-
2202 3214 2248 3277 C

579 3322 760 3377 cabat.
794 3322 1035 3392 Denique
1060 3335 1186 3376 raro
1208 3330 1450 3391 tempore
1477 3328 1698 3391 peracto
1731 3318 1854 3391 [al.,
1881 3327 2030 3374 retro
2053 3326 2175 3374 aeto

578 3413 872 3485 tempore],
920 3422 974 3468 et
1028 3413 1228 3469 idolum
1272 3413 1586 3469 vocitabant
1623 3411 1790 3478 velut,
1825 3427 1854 3466 a
1886 3411 2012 3467 ludo
2041 3410 2176 3466 inci-

577 3507 814 3576 pientes,
843 3507 894 3560 in
947 3506 1124 3562 medio
1177 3520 1364 3561 eorum
1421 3505 1684 3560 duntaxat
1726 3504 1941 3560 diabolo
1981 3504 2175 3560 debac-

578 3597 798 3663 chante,
825 3598 1144 3670 plerumque
1171 3599 1465 3655 homicidia
1493 3599 1967 3670 perpetrabantur.

650 3691 848 3762 Egerat
876 3693 978 3748 hoc
1007 3693 1374 3762 nequissimus
1405 3692 1612 3746 dzemon
1645 3691 1833 3746 callida
1863 3689 2083 3756 astutia,
2116 3699 2175 3744 ut

578 3784 625 3842 si
663 3785 786 3856 quis
833 3784 1030 3841 ibidem
1076 3786 1382 3856 proximum
1442 3785 1664 3842 alterius
1719 3785 1964 3854 quolibet
2013 3783 2174 3839 modo

581 3877 939 3945 debilitasset,
979 3894 1010 3932 a
1040 3878 1495 3950 consanguineis,
1527 3878 1611 3933 vel
1649 3877 1910 3932 afﬁnitate
1949 3878 2174 3948 conjun-

580 3971 706 4036 ctis,
747 3971 1000 4026 innoxius
1028 3973 1170 4026 foret
1197 3973 1266 4026 ab
1294 3972 1556 4027 etfusione
1596 3972 1896 4042 sanguinis,
1923 3971 2175 4027 videlicet

583 4071 644 4116 ut
668 4063 721 4117 in
754 4063 966 4134 longius
987 4065 1324 4119 consuetudo
1364 4065 1597 4119 nefanda
1628 4065 2027 4119 incrementum
2061 4079 2174 4117 ma-

577 4155 842 4227 lignitatis
870 4167 1120 4230 augeret,
1167 4166 1223 4212 ct
1273 4157 1528 4211 miseram
1559 4157 1744 4211 urbem
1793 4156 1908 4211 suis
1946 4156 2174 4211 habenis

578 4249 841 4305 irretitam
887 4251 1101 4322 iniquus
1149 4252 1329 4322 praedo
1361 4251 1504 4305 velut
1532 4252 1806 4322 propriam
1837 4251 2170 4306 vendicarct.

579 4339 687 4394 Sed
715 4341 1061 4412 omnipotens
1091 4343 1381 4398 miserator
1401 4344 1642 4396 omnium
1668 4357 1848 4397 rerum
1879 4340 2170 4408 Dominus,

584 4451 603 4485 σ
643 4435 734 4504 qui
757 4435 870 4489 vult
891 4450 1080 4491 omnes
1107 4435 1354 4490 homines
1391 4435 1570 4490 salvos
1602 4435 1740 4500 fieri,
1772 4445 1825 4490 et
1855 4435 1920 4490 ad
1943 4436 2176 4505 agnitio-

579 4541 700 4580 nem
746 4527 994 4582 veritatis
1031 4527 1216 4581 venire
1246 4526 1296 4598 (I
1334 4526 1469 4581 Tim.
1505 4543 1563 4590 ιι,
1615 4527 1690 4597 4),
1726 4547 1743 4580 ι
1798 4529 1864 4582 ad
1920 4527 2000 4583 sui
2037 4527 2173 4596 juris

577 4619 798 4688 plasma.
819 4618 1116 4674 clementer
1144 4619 1460 4689 respiciens,
1490 4619 1616 4672 olim
1651 4618 1762 4688 jam
1813 4621 1914 4675 hoc
1945 4619 2171 4675 sacrile-

577 4724 702 4780 gmn
741 4721 796 4766 et
826 4713 1116 4766 nefandum
1165 4711 1374 4767 facinus
1406 4728 1436 4766 a
1484 4711 1704 4766 civitate
1764 4713 1864 4767 ista
1912 4712 2171 4768 radicitus

578 4815 780 4856 evaeua
790 4801 884 4856 vit.

2206 4575 2250 4628 D

1203 4899 1431 4956 CAPUT
1469 4901 1556 4954 lX.

647 4994 754 5049 Sed
803 5009 945 5049 nunc
993 5009 1181 5049 rursus
1212 4994 1276 5047 ad
1323 5002 1554 5064 emptam
1583 4994 1863 5050 redeamus
1900 4997 2167 5051 narratio-

576 5103 720 5142 nem.
755 5087 996 5158 Denique
1029 5087 1388 5156 contemplata
1424 5088 1737 5143 conditione
1780 5088 1900 5151 loci,
1948 5105 2171 5144 cernen-

579 5189 766 5253 tesque
787 5183 1037 5235 idoneum
1061 5197 1124 5235 ac
1145 5182 1540 5253 gratissimum,
1556 5191 1610 5236 et
1630 5182 1834 5251 absque
1855 5181 2171 5237 discrimine

578 5275 892 5329 munitionis
920 5275 1098 5329 locmn
1124 5315 1139 5341 ,
1195 5283 1476 5344 coeperunt
1515 5274 1866 5330 fundamenta
1914 5273 2169 5329 ecclesia-

577 5383 696 5422 rum
725 5377 889 5437 atque
915 5368 1198 5422 domorum
1225 5368 1430 5438 jacere.
1459 5367 1666 5435 Quibus
1703 5371 1803 5422 rite
1831 5367 2066 5437 peractis
2106 5384 2169 5422 ac

575 5475 832 5531 prospere
857 5463 1042 5533 gestis,
1077 5472 1354 5532 cmperunt
1383 5463 1450 5517 ad
1481 5463 1667 5518 laudes
1701 5462 1796 5517 Dei
1825 5463 2168 5534 omnipoten-

578 5554 647 5607 tis
702 5555 911 5610 Domini
963 5559 1134 5612 nostri
1191 5555 1318 5612 Je—su
1375 5557 1576 5614 Christi
1641 5556 1899 5611 nobilium
1954 5558 2168 5613 soboles

581 5647 972 5720 servitiumque
1011 5666 1354 5706 concurrere.
1397 5651 1528 5718 Quis
1556 5653 1698 5707 enim
1727 5655 1808 5707 vir
1836 5663 2048 5724 potens,
2075 5661 2167 5707 aut

578 5737 774 5794 femina
800 5742 1016 5805 nobilis,
1047 5744 1137 5812 qui
1161 5744 1265 5798 illis
1292 5745 1343 5798 in
1373 5745 1506 5800 locis
1529 5746 1733 5815 degerit
1765 5743 2164 5818 [al.,degerct],

580 5832 671 5904 qui
735 5848 839 5886 non
893 5833 1104 5889 beatam
1152 5835 1502 5910 Salabergam
1539 5854 1601 5893 ex
1656 5838 1849 5894 affectu
1883 5838 2166 5908 diligeret?

1496 345 1588 400 AD
1617 342 1769 400 OPPt
1801 337 1956 395 VEN.
1998 332 2327 392 GUIBERTI
2357 289 2853 389 DE'NOVlGl‘JNTO

3706 336 3843 413 sese

2273 449 2401 503 Erat
2428 449 2570 502 enim
2604 448 2792 502 hilaris
2822 462 3052 517 semper,
3081 455 3134 503 ct
3156 446 3370 518 placido
3391 449 3569 518 vultu,
3595 451 3845 512 ebarita'e

2268 550 2430 610 atque
2467 539 2769 594 humilitate
2817 540 3120 609 perspicua,
3163 541 3523 613 eleemosynis
3568 549 3844 614 promptis-

2269 634 2425 701 ima,
2455 645 2654 703 etquae
2689 635 2831 688 eirea
2884 633 2975 688 Dei
3027 635 3228 689 cultum
3261 645 3409 700 sunt,
3457 637 3619 692 valde
3647 637 3842 696 devota.

2269 724 2408 792 Quid
2437 725 2641 780 multa?
2680 724 2822 780 Infra
2863 726 3042 796 exigui
3083 728 3340 796 temporis
3371 731 3608 798 spatium
3649 746 3850 787 coacer-

2268 830 2407 876 vatte
2455 822 2508 874 in
2548 819 2736 875 eodem
2789 820 2906 875 loco
2945 829 3090 884 sunt,
3123 820 3208 874 vel
3253 821 3590 876 monasterio
3621 824 3848 881 adunataa

2268 912 2390 984 plus
2418 913 2663 968 minusve
2694 921 2949 967 trecentae
2975 911 3189 967 famulae
3207 911 3432 968 Christi.

2339 1004 2554 1076 illisque
2583 1004 2859 1074 dispositis
2890 1018 2986 1073 per
3016 1013 3222 1058 turmas
3258 1005 3431 1058 instar
3461 1005 3847 1076 Agaunensium

2269 1099 2686 1162 monachorum,
2711 1097 3460 1167 habendiquecastimoniam
3488 1096 3616 1170 [al.,
3642 1100 3847 1158 habendi

2269 1190 2543 1263 normam]
2592 1191 2876 1260 disposuit.
2931 1191 3027 1246 Die
3055 1205 3120 1246 ac
3175 1201 3335 1245 nocte
3365 1193 3701 1262 przeeipiens
3732 1197 3851 1263 psal-

2269 1282 2413 1338 lendi
2451 1297 2705 1338 canerem
2748 1283 3107 1353 omnipotenti
3147 1282 3259 1337 Deo
3286 1298 3617 1352 personare,
3645 1294 3702 1339 et
3721 1285 3849 1354 juxta

2269 1375 2546 1446 egregium
2601 1376 3010 1444 przedieatorem
3072 1375 3298 1430 Paulum
3334 1420 3349 1444 ,
3409 1378 3532 1432 sine
3597 1379 3850 1436 intermis-

2271 1469 2423 1525 sione
2463 1484 2622 1525 orare
2667 1469 2731 1542 (I
2769 1469 2948 1525 Thess.
2991 1485 3044 1535 v,
3102 1470 3212 1542 t7).
3273 1471 3404 1538 Quae
3462 1472 3736 1528 institutio
3773 1475 3851 1528 ha-

2272 1571 2463 1618 ctenus
2493 1563 2545 1618 in
2575 1564 2785 1630 eodem,
2816 1563 3036 1620 Christo
3074 1565 3318 1635 auspice,
3349 1553 3669 1621 celebratur
3695 1582 3850 1626 emno-

2273 1658 2383 1714 bio.
2415 1659 2710 1730 Flagrabat
2757 1660 2957 1732 quippe
2988 1662 3040 1715 in
3093 1662 3281 1716 eodem
3335 1663 3614 1718 desiderio
3646 1669 3849 1723 canendi

2273 1753 2533 1808 carminis
2559 1753 2717 1809 valde
2745 1769 2900 1809 amor
2950 1755 3207 1810 intentus.
3239 1754 3434 1810 Plures
3474 1757 3766 1826 siquidem,
3806 1772 3852 1814 ut

2276 1858 2440 1914 supra
2471 1843 2730 1912 diximus,
2763 1845 3045 1912 nobilium,
3077 1847 3144 1900 ad
3179 1846 3464 1903 servitium
3499 1848 3708 1904 Christi
3733 1853 3851 1908 colli-

2274 1936 2479 2006 gendas
2508 1937 2696 1992 sitiens
2729 1937 3021 1994 adunabat.

2347 2025 2480 2081 Nam
2515 2027 2660 2082 inter
2690 2037 2914 2084 caeteras
2956 2029 3218 2084 nobilium
3267 2029 3682 2086 Sicambrorum
3721 2032 3851 2088 femi-

2276 2135 2397 2185 nas,
2437 2119 2612 2185 Odila,
2649 2119 2930 2178 nobilitate
2977 2132 3033 2178 et
3084 2123 3300 2194 ingenio
3336 2134 3550 2180 naturre
3590 2127 3850 2201 bono[al.,

2279 2213 2477 2282 ingenii
2513 2223 2701 2269 natura
2735 2214 2886 2288 boni]
2917 2216 3143 2286 pollens,
3174 2233 3294 2286 qua:
3327 2227 3381 2272 et
3426 2219 3544 2287 ipsa
3597 2220 3791 2288 pridem
3825 2240 3848 2275 a

2275 2305 2573 2360 venerabili
2601 2306 2949 2363 Waldeberto
2976 2308 3270 2364 Christiani
3299 2311 3504 2381 vigoris
3533 2312 3777 2382 insignia,
3804 2325 3848 2369 et

2279 2399 2494 2454 salubre
2539 2411 2826 2470 acceperat
2875 2401 3197 2465 antidotum,
3244 2405 3472 2458 consilio
3499 2416 3722 2474 accepto
3749 2423 3848 2462 eum

2277 2490 2435 2562 legali
2469 2491 2684 2565 [regali]
2732 2493 2850 2546 viro
2889 2493 3080 2547 illustri
3114 2494 3349 2556 Bodone,
3405 2511 3570 2566 quem
3635 2500 3850 2568 superius

2279 2581 2458 2654 [adde,
2493 2583 2818 2657 Leudinum]
2851 2586 3219 2657 praediximus,
3257 2588 3349 2657 qui
3391 2604 3457 2643 eo
3503 2600 3745 2660 tempore
3783 2592 3852 2645 in-

2279 2674 2540 2740 dustrius,
2566 2684 2622 2730 et
2656 2688 2868 2746 potens,
2906 2684 2957 2732 et
3001 2679 3298 2733 secundum
3334 2682 3518 2736 smculi
3558 2683 3850 2753 dignitatem

2278 2766 2481 2823 florens
2525 2779 2665 2834 erat,
2716 2772 3029 2840 postpositis
3077 2773 3506 2842 phaleramenlis
3560 2777 3762 2841 mundi,
3795 2778 3850 2831 ad

2279 2861 2566 2917 Dominmn
2600 2873 2727 2918 sunt
2769 2865 3056 2930 conversi;
3092 2867 3362 2938 rebusque
3389 2869 3505 2924 suis
3530 2872 3852 2926 monasteriis

2279 2953 2512 3019 collatis,
2549 2965 2671 3025 post
2700 2957 2916 3011 beatam
2966 2958 3339 3030 Salabergam,
3389 2965 3644 3018 eumdem
3687 2965 3850 3020 callem

2282 3054 2541 3112 terentes,
2591 3047 2910 3104 Landunum
2950 3052 3317 3120 properabant
3367 3053 3848 3132 [properaverant].

2279 3137 2428 3194 Bodo
2461 3141 2630 3196 incisa
2664 3143 2886 3198 cresarie
2915 3143 3183 3208 monachi,
3225 3145 3278 3198 in
3304 3158 3570 3216 quantum
3613 3165 3697 3204 res
3726 3152 3852 3207 sine-

2280 3233 2391 3297 bat,
2426 3234 2620 3304 agebat
2645 3235 2901 3290 cilicium.
2945 3237 3022 3292 Ac
3049 3252 3154 3291 non
3183 3239 3350 3294 tnulto
3375 3251 3499 3311 post
3527 3242 3666 3298 Tulli
3693 3247 3852 3316 oppidi

2279 3328 2510 3398 adeptus
2558 3329 2950 3400 episcopatum,
2995 3344 3204 3389 natura:
3249 3333 3420 3405 684
3478 3335 3718 3389 debitum
3752 3338 3854 3390 red-

2279 3423 2436 3478 didit.
2485 3425 2798 3479 Veneranda
2863 3443 3079 3497 quoque
3135 3428 3290 3484 Odila
3349 3428 3555 3483 Christi
3625 3431 3852 3500 stigmate

2280 3527 2531 3588 suscepto
2587 3534 2866 3574 sacrarum
2899 3521 3166 3592 virginum
3209 3537 3267 3576 se
3311 3521 3480 3576 choro
3518 3524 3852 3593 coniungens,

2279 3612 2380 3667 sub
2411 3611 2731 3668 obedientite
2763 3622 2982 3677 tenore,
3019 3615 3184 3669 vitam
3228 3617 3443 3670 beatam
3491 3617 3721 3688 degens,
3761 3617 3852 3688 spi-

2279 3703 2468 3769 ritum,
2507 3703 2592 3759 cui
2620 3705 2803 3760 omnia
2839 3705 3122 3770 debentur,
3153 3706 3409 3760 reddidit.

2877 3814 3187 3856 IIRACULUII
3227 3817 3262 3855 1.

2278 3890 2300 3957 ζ
2351 3890 2518 3960 Igitur
2555 3905 2676 3946 cum
2708 3890 2866 3946 beata
2917 3891 3212 3965 Salaberga
3260 3894 3313 3948 in
3361 3897 3663 3951 sanctitate
3703 3912 3844 3952 mres:

2280 3983 2563 4056 [morosa],
2593 3991 2647 4038 et
2672 3993 2867 4041 ornato
2899 3984 3204 4059 [exornato]
3238 3987 3412 4055 vultu,
3448 4006 3576 4044 cum
3603 3991 3846 4045 sororibus

2277 4074 2364 4144 pie
2390 4075 2555 4129 vitam
2590 4075 2834 4140 duceret,
2867 4077 3040 4146 puella
3074 4080 3321 4148 quaedam
3353 4083 3781 4137 sanctimonialis
3806 4083 3844 4135 in

2279 4168 2466 4222 eodem
2509 4170 2762 4224 coenobio
2789 4170 2990 4225 cadivm
3019 4172 3254 4226 vesaniae
3284 4171 3479 4244 [guttae
3528 4176 3730 4228 cadivre
3777 4188 3846 4227 ve-

2279 4261 2466 4334 saniae]
2498 4263 2685 4317 morbo
2713 4263 2949 4334 indepta,
2985 4265 3111 4320 dum
3164 4282 3384 4321 cursum
3428 4269 3481 4321 in
3527 4268 3750 4324 ecclesia
3778 4283 3846 4323 ea-

2280 4372 2408 4410 nerc
2438 4357 2709 4426 empisset,
2762 4374 2944 4413 coram
2999 4360 3251 4414 omnibus
3311 4360 3582 4418 effrenata
3615 4374 3780 4418 mente
3805 4364 3844 4416 in

2281 4457 2480 4502 terram
2533 4450 2758 4503 corruit.
2815 4449 2986 4516 Quam
3045 4467 3166 4505 mox
3220 4450 3382 4506 beata
3439 4463 3497 4509 et
3553 4455 3846 4511 venerabilis

2281 4547 2454 4592 mater
2482 4553 2663 4594 secum
2700 4539 3382 4612 familiariteracceptam,
3417 4545 3607 4599 sedula
3637 4547 3845 4600 oratione

2276 4645 2374 4699 pro
2406 4646 2467 4684 ea
2516 4631 2680 4685 Demn
2713 4647 2962 4701 poscens,
3011 4634 3308 4704 opitulante
3361 4637 3546 4691 di\ina
3582 4640 3765 4709 gratia,
3793 4639 3844 4690 ab

2275 4724 2462 4777 eadem
2495 4734 2643 4793 peste
2671 4727 2942 4795 purgavit,
2978 4734 3031 4780 et
3074 4728 3125 4780 in
3158 4728 3442 4782 servitium
3470 4730 3674 4785 Christi
3706 4732 3842 4785 libere

2274 4816 2426 4869 abire
2445 4816 2610 4883 jussit
2639 4817 2984 4872 incolumem.
3011 4817 3247 4874 Plurima
3277 4823 3426 4876 enim
3461 4834 3519 4878 et
3557 4826 3708 4880 valde
3731 4825 3842 4880 cele-

2202 4925 2206 4930 ·
2274 4907 2509 4962 herrima
2541 4917 2664 4962 sunt
2697 4925 2815 4979 quae
2848 4910 2898 4964 in
2944 4911 3192 4968 laudibus
3221 4923 3385 4983 atqu-3
3422 4919 3683 4975 memoria
3711 4931 3841 4972 vene

2275 5001 2455 5054 rand:c
2484 5002 2670 5056 matris
2701 5003 2840 5074 stylo
2873 5004 3207 5070 inseruntur,
3234 5023 3356 5077 qua:
3385 5013 3728 5081 postmodum
3753 5012 3841 5064 suis

2277 5093 2604 5164 aptabuntur
2633 5094 2783 5151 locis.

2902 5232 3130 5290 CAPUT
3168 5236 3234 5291 Χ.

2851 5361 3160 5402 ιιιιιλευιωι
3212 5363 3272 5402 ΙΙ.

2341 5461 2585 5528 Quodam
2615 5476 2744 5517 vero
2787 5471 3032 5533 tempore
3057 5463 3184 5518 dum
3214 5463 3359 5519 beati
3395 5467 3500 5523 viri
3533 5467 3836 5524 Waldcberti

2269 5554 2675 5623 pnestolaretur
2718 5553 3035 5620 adventum,
3083 5561 3135 5608 et
3186 5554 3404 5610 Falerni
3449 5561 3607 5630 cOpFa
3654 5562 3839 5614 deesset

2265 5647 2356 5716 jus
2387 5648 2550 5701 tritici
2584 5647 2666 5701 vel
2702 5647 2912 5711 hordei,
2952 5646 3093 5716 quod
3124 5647 3393 5702 eervisam
3424 5662 3750 5722 nuncupant,
3791 5657 3835 5702 et

2269 5750 2385 5796 arte
2413 5740 2700 5796 conficitur
2730 5741 2986 5806 humana,
3021 5756 3127 5808 quo
3159 5740 3521 5798 Orientalium
3553 5745 3672 5816 [al.,
3703 5743 3836 5798 Occi-

2271 5835 2588 5908 dentalium]
2623 5836 2890 5908 pleraeque
2920 5835 3163 5890 nationes
3194 5844 3443 5904 utuntur,
3469 5837 3628 5908 jussit
3660 5837 3832 5892 facere.
