  <div class='ocr_page' id='page_1' title='image "/cluster/home/n/w/nwhite01/storage/ocr_20150623/156/hvd.32044010683712/622.png"; bbox 0 0 4032 6326; ppageno 0'>
   <div class='ocr_carea' id='block_1_1' title="bbox 249 341 386 400">
    <p class='ocr_par' dir='ltr' id='par_1_1' title="bbox 249 341 386 400">
     <span class='ocr_line' id='line_1_1' title="bbox 249 341 386 400; baseline 0.015 -2"><span class='ocrx_word' id='word_1_1' title='bbox 249 341 386 400; x_wconf 71' lang='grc'><strong>1255</strong></span> 
     </span>
    </p>
   </div>
   <div class='ocr_carea' id='block_1_2' title="bbox 1303 326 2387 407">
    <p class='ocr_par' dir='ltr' id='par_1_2' title="bbox 1303 326 2387 407">
     <span class='ocr_line' id='line_1_2' title="bbox 1303 326 2387 407; baseline 0.005 -8"><span class='ocrx_word' id='word_1_2' title='bbox 1303 345 1532 403; x_wconf 78' lang='grc' dir='ltr'><strong>ΑυοιΤ.</strong></span> <span class='ocrx_word' id='word_1_3' title='bbox 1560 377 1628 390; x_wconf 90' lang='grc'><strong>-</strong></span> <span class='ocrx_word' id='word_1_4' title='bbox 1650 326 1814 406; x_wconf 81' lang='lat' dir='ltr'><strong>VITA</strong></span> <span class='ocrx_word' id='word_1_5' title='bbox 1843 346 1900 404; x_wconf 90' lang='lat' dir='ltr'><strong>s.</strong></span> <span class='ocrx_word' id='word_1_6' title='bbox 1933 341 2387 407; x_wconf 64' lang='lat' dir='ltr'><strong>SALABERGIE.</strong></span> 
     </span>
    </p>
   </div>
   <div class='ocr_carea' id='block_1_3' title="bbox 3329 337 3510 456">
    <p class='ocr_par' dir='ltr' id='par_1_3' title="bbox 3329 337 3510 456">
     <span class='ocr_line' id='line_1_3' title="bbox 3329 337 3510 456; baseline 0 -21"><span class='ocrx_word' id='word_1_7' title='bbox 3329 337 3510 456; x_wconf 55' lang='lat' dir='ltr'><strong>mea</strong></span> 
     </span>
    </p>
   </div>
   <div class='ocr_carea' id='block_1_4' title="bbox 246 454 3510 546">
    <p class='ocr_par' dir='ltr' id='par_1_4' title="bbox 246 454 3510 546">
     <span class='ocr_line' id='line_1_4' title="bbox 246 454 3510 546; baseline 0.006 -34"><span class='ocrx_word' id='word_1_8' title='bbox 246 458 375 526; x_wconf 58' lang='lat' dir='ltr'><strong>Quae</strong></span> <span class='ocrx_word' id='word_1_9' title='bbox 413 470 533 512; x_wconf 92' lang='lat' dir='ltr'><strong>cum</strong></span> <span class='ocrx_word' id='word_1_10' title='bbox 589 454 641 508; x_wconf 91' lang='lat' dir='ltr'><strong>in</strong></span> <span class='ocrx_word' id='word_1_11' title='bbox 675 466 790 523; x_wconf 91' lang='lat' dir='ltr'><strong>vas,</strong></span> <span class='ocrx_word' id='word_1_12' title='bbox 843 455 982 525; x_wconf 90' lang='lat' dir='ltr'><strong>quod</strong></span> <span class='ocrx_word' id='word_1_13' title='bbox 1014 454 1195 529; x_wconf 82' lang='lat' dir='ltr'><strong>lingua</strong></span> <span class='ocrx_word' id='word_1_14' title='bbox 1232 457 1437 530; x_wconf 88' lang='lat' dir='ltr'><strong>vulgari</strong></span> <span class='ocrx_word' id='word_1_15' title='bbox 1471 471 1691 517; x_wconf 89' lang='lat' dir='ltr'><strong>tonnam</strong></span> <span class='ocrx_word' id='word_1_16' title='bbox 1730 475 1822 517; x_wconf 73' lang='grc' dir='ltr'><strong>νο·</strong></span> <span class='ocrx_word' id='word_1_17' title='bbox 1849 464 1897 522; x_wconf 86' lang='grc' dir='ltr'>Α</span> <span class='ocrx_word' id='word_1_18' title='bbox 1923 475 2044 531; x_wconf 79' lang='lat' dir='ltr'><strong>quae</strong></span> <span class='ocrx_word' id='word_1_19' title='bbox 2078 463 2151 517; x_wconf 89' lang='lat' dir='ltr'><strong>ita</strong></span> <span class='ocrx_word' id='word_1_20' title='bbox 2181 463 2416 519; x_wconf 89' lang='lat' dir='ltr'><strong>imbutas</strong></span> <span class='ocrx_word' id='word_1_21' title='bbox 2447 477 2512 520; x_wconf 92' lang='lat' dir='ltr'><strong>ac</strong></span> <span class='ocrx_word' id='word_1_22' title='bbox 2541 465 2760 523; x_wconf 89' lang='lat' dir='ltr'><strong>devotas</strong></span> <span class='ocrx_word' id='word_1_23' title='bbox 2788 466 3015 522; x_wconf 90' lang='lat' dir='ltr'><strong>haberet</strong></span> <span class='ocrx_word' id='word_1_24' title='bbox 3037 467 3354 541; x_wconf 87' lang='lat' dir='ltr'><strong>discipulas,</strong></span> <span class='ocrx_word' id='word_1_25' title='bbox 3375 454 3510 546; x_wconf 55' lang='lat' dir='ltr'><strong>qua;</strong></span> 
     </span>
    </p>
   </div>
   <div class='ocr_carea' id='block_1_5' title="bbox 241 545 1820 620">
    <p class='ocr_par' dir='ltr' id='par_1_5' title="bbox 241 545 1820 620">
     <span class='ocr_line' id='line_1_5' title="bbox 241 545 1820 620; baseline 0.003 -15"><span class='ocrx_word' id='word_1_26' title='bbox 241 559 386 616; x_wconf 86' lang='lat' dir='ltr'><strong>cant,</strong></span> <span class='ocrx_word' id='word_1_27' title='bbox 443 547 604 604; x_wconf 88' lang='lat' dir='ltr'><strong>missa</strong></span> <span class='ocrx_word' id='word_1_28' title='bbox 649 545 859 617; x_wconf 87' lang='lat' dir='ltr'><strong>fuisset,</strong></span> <span class='ocrx_word' id='word_1_29' title='bbox 890 563 954 603; x_wconf 91' lang='lat' dir='ltr'><strong>ac</strong></span> <span class='ocrx_word' id='word_1_30' title='bbox 999 564 1120 604; x_wconf 90' lang='lat' dir='ltr'><strong>cum</strong></span> <span class='ocrx_word' id='word_1_31' title='bbox 1150 565 1246 606; x_wconf 90' lang='lat' dir='ltr'><strong>vas</strong></span> <span class='ocrx_word' id='word_1_32' title='bbox 1275 551 1341 606; x_wconf 91' lang='lat' dir='ltr'><strong>ad</strong></span> <span class='ocrx_word' id='word_1_33' title='bbox 1369 550 1523 620; x_wconf 83' lang='lat' dir='ltr'><strong>plene</strong></span> <span class='ocrx_word' id='word_1_34' title='bbox 1561 553 1820 609; x_wconf 84' lang='lat' dir='ltr'><strong>refertum</strong></span> 
     </span>
    </p>
   </div>
   <div class='ocr_carea' id='block_1_6' title="bbox 237 639 1821 711">
    <p class='ocr_par' dir='ltr' id='par_1_6' title="bbox 237 639 1821 711">
     <span class='ocr_line' id='line_1_6' title="bbox 237 639 1821 711; baseline 0.003 -13"><span class='ocrx_word' id='word_1_35' title='bbox 237 656 304 698; x_wconf 86' lang='lat' dir='ltr'><strong>ex</strong></span> <span class='ocrx_word' id='word_1_36' title='bbox 331 649 490 710; x_wconf 91' lang='lat' dir='ltr'><strong>potus</strong></span> <span class='ocrx_word' id='word_1_37' title='bbox 517 639 726 710; x_wconf 91' lang='lat' dir='ltr'><strong>liquore</strong></span> <span class='ocrx_word' id='word_1_38' title='bbox 754 656 858 696; x_wconf 92' lang='lat' dir='ltr'><strong>non</strong></span> <span class='ocrx_word' id='word_1_39' title='bbox 893 649 1056 709; x_wconf 91' lang='lat' dir='ltr'><strong>esset,</strong></span> <span class='ocrx_word' id='word_1_40' title='bbox 1091 642 1292 698; x_wconf 87' lang='lat' dir='ltr'><strong>famula</strong></span> <span class='ocrx_word' id='word_1_41' title='bbox 1321 641 1548 711; x_wconf 83' lang='lat' dir='ltr'><strong>Christi,</strong></span> <span class='ocrx_word' id='word_1_42' title='bbox 1577 645 1663 702; x_wconf 89' lang='lat' dir='ltr'><strong>cui</strong></span> <span class='ocrx_word' id='word_1_43' title='bbox 1689 647 1821 703; x_wconf 89' lang='lat' dir='ltr'><strong>obe-</strong></span> 
     </span>
    </p>
   </div>
   <div class='ocr_carea' id='block_1_7' title="bbox 236 718 1906 807">
    <p class='ocr_par' dir='ltr' id='par_1_7' title="bbox 236 718 1906 807">
     <span class='ocr_line' id='line_1_7' title="bbox 236 718 1906 807; baseline 0.002 -20"><span class='ocrx_word' id='word_1_44' title='bbox 236 731 450 787; x_wconf 70' lang='lat' dir='ltr'><strong>dientia:</strong></span> <span class='ocrx_word' id='word_1_45' title='bbox 495 747 656 787; x_wconf 89' lang='lat' dir='ltr'><strong>causa</strong></span> <span class='ocrx_word' id='word_1_46' title='bbox 695 734 882 788; x_wconf 90' lang='lat' dir='ltr'><strong>eodem</strong></span> <span class='ocrx_word' id='word_1_47' title='bbox 927 749 1090 801; x_wconf 90' lang='lat' dir='ltr'><strong>anno,</strong></span> <span class='ocrx_word' id='word_1_48' title='bbox 1123 733 1278 804; x_wconf 86' lang='lat' dir='ltr'><strong>juxta</strong></span> <span class='ocrx_word' id='word_1_49' title='bbox 1323 718 1817 807; x_wconf 50' lang='lat' dir='ltr'><strong>teuorenfregnlae&#39;,</strong></span> <span class='ocrx_word' id='word_1_50' title='bbox 1904 805 1906 807; x_wconf 94' lang='lat'><em>_</em></span> 
     </span>
    </p>
   </div>
   <div class='ocr_carea' id='block_1_8' title="bbox 236 825 1819 900">
    <p class='ocr_par' dir='ltr' id='par_1_8' title="bbox 236 825 1819 900">
     <span class='ocr_line' id='line_1_8' title="bbox 236 825 1819 900; baseline 0.004 -20"><span class='ocrx_word' id='word_1_51' title='bbox 236 826 302 880; x_wconf 88' lang='lat' dir='ltr'><strong>ad</strong></span> <span class='ocrx_word' id='word_1_52' title='bbox 333 825 610 880; x_wconf 78' lang='lat' dir='ltr'><strong>cellarium</strong></span> <span class='ocrx_word' id='word_1_53' title='bbox 639 827 1073 896; x_wconf 91' lang='lat' dir='ltr'><strong>custodiendum,</strong></span> <span class='ocrx_word' id='word_1_54' title='bbox 1099 829 1484 900; x_wconf 83' lang='lat' dir='ltr'><strong>sororibusque</strong></span> <span class='ocrx_word' id='word_1_55' title='bbox 1510 831 1819 887; x_wconf 83' lang='lat' dir='ltr'><strong>ministran-</strong></span> 
     </span>
    </p>
   </div>
   <div class='ocr_carea' id='block_1_9' title="bbox 237 917 1820 985">
    <p class='ocr_par' dir='ltr' id='par_1_9' title="bbox 237 917 1820 985">
     <span class='ocr_line' id='line_1_9' title="bbox 237 917 1820 985; baseline 0.004 -14"><span class='ocrx_word' id='word_1_56' title='bbox 237 917 362 971; x_wconf 91' lang='lat' dir='ltr'><strong>dum</strong></span> <span class='ocrx_word' id='word_1_57' title='bbox 391 917 524 971; x_wconf 86' lang='lat' dir='ltr'><strong>ordo</strong></span> <span class='ocrx_word' id='word_1_58' title='bbox 555 925 830 985; x_wconf 85' lang='lat' dir='ltr'><strong>evenerat,</strong></span> <span class='ocrx_word' id='word_1_59' title='bbox 862 919 930 972; x_wconf 90' lang='lat' dir='ltr'><strong>ad</strong></span> <span class='ocrx_word' id='word_1_60' title='bbox 964 919 1322 976; x_wconf 81' lang='lat' dir='ltr'><strong>venerabilem</strong></span> <span class='ocrx_word' id='word_1_61' title='bbox 1349 930 1576 978; x_wconf 80' lang='lat' dir='ltr'><strong>matrem</strong></span> <span class='ocrx_word' id='word_1_62' title='bbox 1611 937 1820 978; x_wconf 89' lang='lat' dir='ltr'><strong>summa</strong></span> 
     </span>
    </p>
   </div>
   <div class='ocr_carea' id='block_1_10' title="bbox 233 1009 1817 1085">
    <p class='ocr_par' dir='ltr' id='par_1_10' title="bbox 233 1009 1817 1085">
     <span class='ocr_line' id='line_1_10' title="bbox 233 1009 1817 1085; baseline 0.003 -20"><span class='ocrx_word' id='word_1_63' title='bbox 233 1024 356 1065; x_wconf 89' lang='lat' dir='ltr'><strong>cum</strong></span> <span class='ocrx_word' id='word_1_64' title='bbox 379 1009 682 1065; x_wconf 81' lang='lat' dir='ltr'><strong>humilitate</strong></span> <span class='ocrx_word' id='word_1_65' title='bbox 709 1011 928 1066; x_wconf 90' lang='lat' dir='ltr'><strong>veniens</strong></span> <span class='ocrx_word' id='word_1_66' title='bbox 961 1013 1036 1068; x_wconf 87' lang='lat' dir='ltr'><strong>ait</strong></span> <span class='ocrx_word' id='word_1_67' title='bbox 1064 1031 1116 1065; x_wconf 74' lang='grc' dir='ltr'>τι</span> <span class='ocrx_word' id='word_1_68' title='bbox 1145 1013 1373 1083; x_wconf 90' lang='lat' dir='ltr'><strong>Domna,</strong></span> <span class='ocrx_word' id='word_1_69' title='bbox 1404 1014 1599 1085; x_wconf 89' lang='lat' dir='ltr'><strong>inquit,</strong></span> <span class='ocrx_word' id='word_1_70' title='bbox 1624 1023 1817 1080; x_wconf 86' lang='lat' dir='ltr'><strong>mater,</strong></span> 
     </span>
    </p>
   </div>
   <div class='ocr_carea' id='block_1_11' title="bbox 235 1100 1822 1174">
    <p class='ocr_par' dir='ltr' id='par_1_11' title="bbox 235 1100 1822 1174">
     <span class='ocr_line' id='line_1_11' title="bbox 235 1100 1822 1174; baseline 0.003 -20"><span class='ocrx_word' id='word_1_71' title='bbox 235 1100 364 1171; x_wconf 91' lang='lat' dir='ltr'><strong>quid</strong></span> <span class='ocrx_word' id='word_1_72' title='bbox 390 1100 672 1170; x_wconf 83' lang='lat' dir='ltr'><strong>faciemus,</strong></span> <span class='ocrx_word' id='word_1_73' title='bbox 695 1103 820 1173; x_wconf 82' lang='lat' dir='ltr'><strong>quia</strong></span> <span class='ocrx_word' id='word_1_74' title='bbox 846 1117 940 1158; x_wconf 90' lang='lat' dir='ltr'><strong>vas</strong></span> <span class='ocrx_word' id='word_1_75' title='bbox 960 1119 1064 1158; x_wconf 89' lang='lat' dir='ltr'><strong>non</strong></span> <span class='ocrx_word' id='word_1_76' title='bbox 1093 1114 1176 1159; x_wconf 90' lang='lat' dir='ltr'><strong>est</strong></span> <span class='ocrx_word' id='word_1_77' title='bbox 1200 1104 1416 1174; x_wconf 91' lang='lat' dir='ltr'><strong>plenum</strong></span> <span class='ocrx_word' id='word_1_78' title='bbox 1441 1119 1508 1160; x_wconf 85' lang='lat' dir='ltr'><strong>ex</strong></span> <span class='ocrx_word' id='word_1_79' title='bbox 1540 1105 1734 1172; x_wconf 90' lang='lat' dir='ltr'><strong>sicera,</strong></span> <span class='ocrx_word' id='word_1_80' title='bbox 1767 1114 1822 1160; x_wconf 90' lang='lat' dir='ltr'><strong>et</strong></span> 
     </span>
    </p>
   </div>
   <div class='ocr_carea' id='block_1_12' title="bbox 236 1195 1821 1260">
    <p class='ocr_par' dir='ltr' id='par_1_12' title="bbox 236 1195 1821 1260">
     <span class='ocr_line' id='line_1_12' title="bbox 236 1195 1821 1260; baseline 0.004 -14"><span class='ocrx_word' id='word_1_81' title='bbox 236 1205 330 1246; x_wconf 88' lang='lat' dir='ltr'><strong>aer</strong></span> <span class='ocrx_word' id='word_1_82' title='bbox 357 1204 573 1260; x_wconf 73' lang='lat' dir='ltr'><strong>aestuat,</strong></span> <span class='ocrx_word' id='word_1_83' title='bbox 616 1195 661 1250; x_wconf 88' lang='lat' dir='ltr'><strong>si</strong></span> <span class='ocrx_word' id='word_1_84' title='bbox 709 1204 932 1251; x_wconf 87' lang='lat' dir='ltr'><strong>sanctus</strong></span> <span class='ocrx_word' id='word_1_85' title='bbox 960 1196 1041 1250; x_wconf 91' lang='lat' dir='ltr'><strong>vir</strong></span> <span class='ocrx_word' id='word_1_86' title='bbox 1067 1195 1232 1252; x_wconf 84' lang='lat' dir='ltr'><strong>abbas</strong></span> <span class='ocrx_word' id='word_1_87' title='bbox 1278 1197 1603 1252; x_wconf 89' lang='lat' dir='ltr'><strong>inveniendo</strong></span> <span class='ocrx_word' id='word_1_88' title='bbox 1640 1213 1821 1252; x_wconf 89' lang='lat' dir='ltr'><strong>moras</strong></span> 
     </span>
    </p>
   </div>
   <div class='ocr_carea' id='block_1_13' title="bbox 235 1286 1818 1361">
    <p class='ocr_par' dir='ltr' id='par_1_13' title="bbox 235 1286 1818 1361">
     <span class='ocr_line' id='line_1_13' title="bbox 235 1286 1818 1361; baseline 0.003 -21"><span class='ocrx_word' id='word_1_89' title='bbox 235 1286 577 1354; x_wconf 88' lang='lat' dir='ltr'><strong>innexucrit,</strong></span> <span class='ocrx_word' id='word_1_90' title='bbox 610 1303 800 1344; x_wconf 90' lang='lat' dir='ltr'><strong>vereor</strong></span> <span class='ocrx_word' id='word_1_91' title='bbox 840 1304 908 1344; x_wconf 93' lang='lat' dir='ltr'><strong>ne</strong></span> <span class='ocrx_word' id='word_1_92' title='bbox 948 1299 1103 1361; x_wconf 91' lang='lat' dir='ltr'><strong>potus</strong></span> <span class='ocrx_word' id='word_1_93' title='bbox 1143 1289 1319 1359; x_wconf 90' lang='lat' dir='ltr'><strong>liquor</strong></span> <span class='ocrx_word' id='word_1_94' title='bbox 1365 1288 1417 1343; x_wconf 92' lang='lat' dir='ltr'><strong>in</strong></span> <span class='ocrx_word' id='word_1_95' title='bbox 1466 1290 1818 1346; x_wconf 85' lang='lat' dir='ltr'><strong>acerbitatem</strong></span> 
     </span>
    </p>
   </div>
   <div class='ocr_carea' id='block_1_14' title="bbox 235 1379 1818 1453">
    <p class='ocr_par' dir='ltr' id='par_1_14' title="bbox 235 1379 1818 1453">
     <span class='ocr_line' id='line_1_14' title="bbox 235 1379 1818 1453; baseline 0.003 -21"><span class='ocrx_word' id='word_1_96' title='bbox 235 1379 373 1433; x_wconf 90' lang='lat' dir='ltr'><strong>aceti</strong></span> <span class='ocrx_word' id='word_1_97' title='bbox 423 1390 640 1435; x_wconf 85' lang='lat' dir='ltr'><strong>acescat</strong></span> <span class='ocrx_word' id='word_1_98' title='bbox 673 1380 795 1453; x_wconf 84' lang='lat' dir='ltr'><strong>[al.,</strong></span> <span class='ocrx_word' id='word_1_99' title='bbox 829 1380 1149 1452; x_wconf 85' lang='lat' dir='ltr'><strong>accrescat].</strong></span> <span class='ocrx_word' id='word_1_100' title='bbox 1210 1400 1229 1432; x_wconf 74' lang='grc' dir='ltr'><strong>ι</strong></span> <span class='ocrx_word' id='word_1_101' title='bbox 1260 1380 1341 1436; x_wconf 84' lang='lat' dir='ltr'><strong>Ad</strong></span> <span class='ocrx_word' id='word_1_102' title='bbox 1387 1397 1551 1452; x_wconf 89' lang='lat' dir='ltr'><strong>quam</strong></span> <span class='ocrx_word' id='word_1_103' title='bbox 1581 1381 1670 1436; x_wconf 90' lang='lat' dir='ltr'><strong>illa</strong></span> <span class='ocrx_word' id='word_1_104' title='bbox 1700 1383 1776 1438; x_wconf 90' lang='lat' dir='ltr'><strong>ait</strong></span> <span class='ocrx_word' id='word_1_105' title='bbox 1804 1401 1818 1438; x_wconf 92' lang='lat'><strong>:</strong></span> 
     </span>
    </p>
   </div>
   <div class='ocr_carea' id='block_1_15' title="bbox 239 1468 1822 1544">
    <p class='ocr_par' dir='ltr' id='par_1_15' title="bbox 239 1468 1822 1544">
     <span class='ocr_line' id='line_1_15' title="bbox 239 1468 1822 1544; baseline 0.007 -23"><span class='ocrx_word' id='word_1_106' title='bbox 239 1487 256 1521; x_wconf 79' lang='grc' dir='ltr'><strong>ι</strong></span> <span class='ocrx_word' id='word_1_107' title='bbox 305 1468 473 1536; x_wconf 80' lang='lat' dir='ltr'><strong>Vade,</strong></span> <span class='ocrx_word' id='word_1_108' title='bbox 523 1484 577 1527; x_wconf 88' lang='lat' dir='ltr'><strong>et</strong></span> <span class='ocrx_word' id='word_1_109' title='bbox 622 1473 765 1544; x_wconf 74' lang='lat' dir='ltr'><strong>quod</strong></span> <span class='ocrx_word' id='word_1_110' title='bbox 807 1474 1140 1543; x_wconf 86' lang='lat' dir='ltr'><strong>subsequens</strong></span> <span class='ocrx_word' id='word_1_111' title='bbox 1175 1488 1241 1527; x_wconf 88' lang='lat' dir='ltr'><strong>ex</strong></span> <span class='ocrx_word' id='word_1_112' title='bbox 1291 1473 1502 1544; x_wconf 91' lang='lat' dir='ltr'><strong>liquore</strong></span> <span class='ocrx_word' id='word_1_113' title='bbox 1529 1484 1609 1531; x_wconf 86' lang='lat' dir='ltr'><strong>est</strong></span> <span class='ocrx_word' id='word_1_114' title='bbox 1639 1477 1822 1532; x_wconf 90' lang='lat' dir='ltr'><strong>confe-</strong></span> 
     </span>
    </p>
   </div>
   <div class='ocr_carea' id='block_1_16' title="bbox 231 1564 1821 1629">
    <p class='ocr_par' dir='ltr' id='par_1_16' title="bbox 231 1564 1821 1629">
     <span class='ocr_line' id='line_1_16' title="bbox 231 1564 1821 1629; baseline 0.005 -14"><span class='ocrx_word' id='word_1_115' title='bbox 231 1570 402 1629; x_wconf 89' lang='lat' dir='ltr'><strong>cttnn,</strong></span> <span class='ocrx_word' id='word_1_116' title='bbox 436 1564 600 1620; x_wconf 86' lang='lat' dir='ltr'><strong>funde</strong></span> <span class='ocrx_word' id='word_1_117' title='bbox 629 1565 679 1620; x_wconf 93' lang='lat' dir='ltr'><strong>in</strong></span> <span class='ocrx_word' id='word_1_118' title='bbox 711 1579 856 1622; x_wconf 87' lang='lat' dir='ltr'><strong>vase.</strong></span> <span class='ocrx_word' id='word_1_119' title='bbox 893 1587 910 1620; x_wconf 75' lang='grc' dir='ltr'><strong>ι</strong></span> <span class='ocrx_word' id='word_1_120' title='bbox 940 1567 1010 1620; x_wconf 89' lang='lat' dir='ltr'><strong>At</strong></span> <span class='ocrx_word' id='word_1_121' title='bbox 1035 1566 1121 1622; x_wconf 90' lang='lat' dir='ltr'><strong>illa</strong></span> <span class='ocrx_word' id='word_1_122' title='bbox 1147 1583 1254 1622; x_wconf 90' lang='lat' dir='ltr'><strong>non</strong></span> <span class='ocrx_word' id='word_1_123' title='bbox 1285 1567 1446 1623; x_wconf 88' lang='lat' dir='ltr'><strong>dubia</strong></span> <span class='ocrx_word' id='word_1_124' title='bbox 1475 1567 1635 1624; x_wconf 88' lang='lat' dir='ltr'><strong>celeri</strong></span> <span class='ocrx_word' id='word_1_125' title='bbox 1661 1584 1821 1624; x_wconf 89' lang='lat' dir='ltr'><strong>cursu</strong></span> 
     </span>
    </p>
   </div>
   <div class='ocr_carea' id='block_1_17' title="bbox 231 1657 1822 1735">
    <p class='ocr_par' dir='ltr' id='par_1_17' title="bbox 231 1657 1822 1735">
     <span class='ocr_line' id='line_1_17' title="bbox 231 1657 1822 1735; baseline 0.006 -25"><span class='ocrx_word' id='word_1_126' title='bbox 231 1670 484 1726; x_wconf 89' lang='lat' dir='ltr'><strong>pergens,</strong></span> <span class='ocrx_word' id='word_1_127' title='bbox 513 1669 568 1711; x_wconf 88' lang='lat' dir='ltr'><strong>ut</strong></span> <span class='ocrx_word' id='word_1_128' title='bbox 587 1657 884 1728; x_wconf 90' lang='lat' dir='ltr'><strong>jussioncm</strong></span> <span class='ocrx_word' id='word_1_129' title='bbox 910 1661 1117 1717; x_wconf 83' lang='lat' dir='ltr'><strong>scilicet</strong></span> <span class='ocrx_word' id='word_1_130' title='bbox 1146 1663 1334 1718; x_wconf 83' lang='lat' dir='ltr'><strong>matris</strong></span> <span class='ocrx_word' id='word_1_131' title='bbox 1359 1663 1627 1734; x_wconf 91' lang='lat' dir='ltr'><strong>impleret,</strong></span> <span class='ocrx_word' id='word_1_132' title='bbox 1672 1679 1822 1735; x_wconf 82' lang='lat' dir='ltr'><strong>repe-</strong></span> 
     </span>
    </p>
   </div>
   <div class='ocr_carea' id='block_1_18' title="bbox 229 1748 1821 1823">
    <p class='ocr_par' dir='ltr' id='par_1_18' title="bbox 229 1748 1821 1823">
     <span class='ocr_line' id='line_1_18' title="bbox 229 1748 1821 1823; baseline 0.005 -22"><span class='ocrx_word' id='word_1_133' title='bbox 229 1748 303 1802; x_wconf 91' lang='lat' dir='ltr'><strong>rit</strong></span> <span class='ocrx_word' id='word_1_134' title='bbox 336 1764 434 1805; x_wconf 89' lang='lat' dir='ltr'><strong>vas</strong></span> <span class='ocrx_word' id='word_1_135' title='bbox 461 1750 699 1819; x_wconf 87' lang='lat' dir='ltr'><strong>plenum,</strong></span> <span class='ocrx_word' id='word_1_136' title='bbox 734 1753 876 1823; x_wconf 89' lang='lat' dir='ltr'><strong>quod</strong></span> <span class='ocrx_word' id='word_1_137' title='bbox 909 1753 1182 1823; x_wconf 83' lang='lat' dir='ltr'><strong>paululum</strong></span> <span class='ocrx_word' id='word_1_138' title='bbox 1215 1754 1422 1822; x_wconf 81' lang='lat' dir='ltr'><strong>pridem</strong></span> <span class='ocrx_word' id='word_1_139' title='bbox 1449 1755 1821 1810; x_wconf 89' lang='lat' dir='ltr'><strong>scmivacuum</strong></span> 
     </span>
    </p>
   </div>
   <div class='ocr_carea' id='block_1_19' title="bbox 227 1839 1822 1916">
    <p class='ocr_par' dir='ltr' id='par_1_19' title="bbox 227 1839 1822 1916">
     <span class='ocr_line' id='line_1_19' title="bbox 227 1839 1822 1916; baseline 0.007 -23"><span class='ocrx_word' id='word_1_140' title='bbox 227 1839 548 1910; x_wconf 86' lang='lat' dir='ltr'><strong>reliquerat.</strong></span> <span class='ocrx_word' id='word_1_141' title='bbox 604 1843 681 1898; x_wconf 80' lang='lat' dir='ltr'><strong>Ac</strong></span> <span class='ocrx_word' id='word_1_142' title='bbox 736 1844 816 1899; x_wconf 90' lang='lat' dir='ltr'><strong>sic</strong></span> <span class='ocrx_word' id='word_1_143' title='bbox 865 1847 1252 1916; x_wconf 87' lang='lat' dir='ltr'><strong>omnipotentis</strong></span> <span class='ocrx_word' id='word_1_144' title='bbox 1307 1847 1404 1902; x_wconf 86' lang='lat' dir='ltr'><strong>Dei</strong></span> <span class='ocrx_word' id='word_1_145' title='bbox 1450 1848 1822 1904; x_wconf 87' lang='lat' dir='ltr'><strong>misericordia</strong></span> 
     </span>
    </p>
   </div>
   <div class='ocr_carea' id='block_1_20' title="bbox 227 1937 1824 2009">
    <p class='ocr_par' dir='ltr' id='par_1_20' title="bbox 227 1937 1824 2009">
     <span class='ocr_line' id='line_1_20' title="bbox 227 1937 1824 2009; baseline 0.008 -24"><span class='ocrx_word' id='word_1_146' title='bbox 227 1941 414 1987; x_wconf 87' lang='lat' dir='ltr'><strong>actum</strong></span> <span class='ocrx_word' id='word_1_147' title='bbox 442 1943 546 2000; x_wconf 91' lang='lat' dir='ltr'><strong>est,</strong></span> <span class='ocrx_word' id='word_1_148' title='bbox 575 1945 652 2004; x_wconf 92' lang='lat' dir='ltr'><strong>ut,</strong></span> <span class='ocrx_word' id='word_1_149' title='bbox 683 1937 806 1991; x_wconf 93' lang='lat' dir='ltr'><strong>dum</strong></span> <span class='ocrx_word' id='word_1_150' title='bbox 839 1939 1028 1994; x_wconf 83' lang='lat' dir='ltr'><strong>matris</strong></span> <span class='ocrx_word' id='word_1_151' title='bbox 1059 1939 1192 1996; x_wconf 82' lang='lat' dir='ltr'><strong>fides</strong></span> <span class='ocrx_word' id='word_1_152' title='bbox 1213 1950 1476 2009; x_wconf 90' lang='lat' dir='ltr'><strong>armatur,</strong></span> <span class='ocrx_word' id='word_1_153' title='bbox 1505 1941 1824 1998; x_wconf 75' lang='lat' dir='ltr'><strong>obcdientia:</strong></span> 
     </span>
    </p>
   </div>
   <div class='ocr_carea' id='block_1_21' title="bbox 225 2027 1820 2106">
    <p class='ocr_par' dir='ltr' id='par_1_21' title="bbox 225 2027 1820 2106">
     <span class='ocr_line' id='line_1_21' title="bbox 225 2027 1820 2106; baseline 0.008 -27"><span class='ocrx_word' id='word_1_154' title='bbox 225 2027 384 2098; x_wconf 87' lang='lat' dir='ltr'><strong>vigor</strong></span> <span class='ocrx_word' id='word_1_155' title='bbox 409 2028 463 2082; x_wconf 92' lang='lat' dir='ltr'><strong>in</strong></span> <span class='ocrx_word' id='word_1_156' title='bbox 489 2029 751 2100; x_wconf 86' lang='lat' dir='ltr'><strong>discipula</strong></span> <span class='ocrx_word' id='word_1_157' title='bbox 791 2033 1075 2088; x_wconf 88' lang='lat' dir='ltr'><strong>roboratur</strong></span> <span class='ocrx_word' id='word_1_158' title='bbox 1102 2032 1224 2106; x_wconf 82' lang='lat' dir='ltr'><strong>[al.,</strong></span> <span class='ocrx_word' id='word_1_159' title='bbox 1253 2043 1468 2090; x_wconf 89' lang='lat' dir='ltr'><strong>amatur</strong></span> <span class='ocrx_word' id='word_1_160' title='bbox 1492 2036 1820 2103; x_wconf 86' lang='lat' dir='ltr'><strong>obcdientia,</strong></span> 
     </span>
    </p>
   </div>
   <div class='ocr_carea' id='block_1_22' title="bbox 223 2120 1824 2201">
    <p class='ocr_par' dir='ltr' id='par_1_22' title="bbox 223 2120 1824 2201">
     <span class='ocr_line' id='line_1_22' title="bbox 223 2120 1824 2201; baseline 0.006 -25"><span class='ocrx_word' id='word_1_161' title='bbox 223 2120 385 2192; x_wconf 81' lang='lat' dir='ltr'><strong>vigor</strong></span> <span class='ocrx_word' id='word_1_162' title='bbox 419 2122 471 2176; x_wconf 92' lang='lat' dir='ltr'><strong>in</strong></span> <span class='ocrx_word' id='word_1_163' title='bbox 512 2123 791 2194; x_wconf 89' lang='lat' dir='ltr'><strong>discipula,</strong></span> <span class='ocrx_word' id='word_1_164' title='bbox 833 2125 986 2197; x_wconf 78' lang='lat' dir='ltr'><strong>etc.],</strong></span> <span class='ocrx_word' id='word_1_165' title='bbox 1035 2127 1311 2198; x_wconf 89' lang='lat' dir='ltr'><strong>virtusque</strong></span> <span class='ocrx_word' id='word_1_166' title='bbox 1351 2129 1534 2183; x_wconf 87' lang='lat' dir='ltr'><strong>divina</strong></span> <span class='ocrx_word' id='word_1_167' title='bbox 1577 2129 1824 2201; x_wconf 86' lang='lat' dir='ltr'><strong>protinus</strong></span> 
     </span>
    </p>
   </div>
   <div class='ocr_carea' id='block_1_23' title="bbox 224 2214 1824 2294">
    <p class='ocr_par' dir='ltr' id='par_1_23' title="bbox 224 2214 1824 2294">
     <span class='ocr_line' id='line_1_23' title="bbox 224 2214 1824 2294; baseline 0.006 -26"><span class='ocrx_word' id='word_1_168' title='bbox 224 2214 512 2284; x_wconf 85' lang='lat' dir='ltr'><strong>panditur,</strong></span> <span class='ocrx_word' id='word_1_169' title='bbox 556 2226 839 2288; x_wconf 89' lang='lat' dir='ltr'><strong>potusque,</strong></span> <span class='ocrx_word' id='word_1_170' title='bbox 887 2219 1030 2290; x_wconf 87' lang='lat' dir='ltr'><strong>quod</strong></span> <span class='ocrx_word' id='word_1_171' title='bbox 1061 2221 1312 2292; x_wconf 90' lang='lat' dir='ltr'><strong>exiguum</strong></span> <span class='ocrx_word' id='word_1_172' title='bbox 1353 2231 1490 2286; x_wconf 88' lang='lat' dir='ltr'><strong>erat,</strong></span> <span class='ocrx_word' id='word_1_173' title='bbox 1542 2222 1594 2276; x_wconf 91' lang='lat' dir='ltr'><strong>in</strong></span> <span class='ocrx_word' id='word_1_174' title='bbox 1651 2222 1824 2294; x_wconf 82' lang='lat' dir='ltr'><strong>majus</strong></span> 
     </span>
    </p>
   </div>
   <div class='ocr_carea' id='block_1_24' title="bbox 224 2309 1824 2380">
    <p class='ocr_par' dir='ltr' id='par_1_24' title="bbox 224 2309 1824 2380">
     <span class='ocr_line' id='line_1_24' title="bbox 224 2309 1824 2380; baseline 0.006 -22"><span class='ocrx_word' id='word_1_175' title='bbox 224 2313 486 2375; x_wconf 82' lang='lat' dir='ltr'><strong>augetur,</strong></span> <span class='ocrx_word' id='word_1_176' title='bbox 522 2323 882 2380; x_wconf 90' lang='lat' dir='ltr'><strong>remeansque</strong></span> <span class='ocrx_word' id='word_1_177' title='bbox 922 2309 1016 2366; x_wconf 86' lang='lat' dir='ltr'><strong>Dei</strong></span> <span class='ocrx_word' id='word_1_178' title='bbox 1045 2310 1267 2379; x_wconf 89' lang='lat' dir='ltr'><strong>famula,</strong></span> <span class='ocrx_word' id='word_1_179' title='bbox 1297 2327 1422 2367; x_wconf 87' lang='lat' dir='ltr'><strong>eum</strong></span> <span class='ocrx_word' id='word_1_180' title='bbox 1458 2312 1739 2368; x_wconf 87' lang='lat' dir='ltr'><strong>alacritate</strong></span> <span class='ocrx_word' id='word_1_181' title='bbox 1767 2321 1824 2368; x_wconf 83' lang='lat' dir='ltr'><strong>et</strong></span> 
     </span>
    </p>
   </div>
   <div class='ocr_carea' id='block_1_25' title="bbox 223 2395 1820 2475">
    <p class='ocr_par' dir='ltr' id='par_1_25' title="bbox 223 2395 1820 2475">
     <span class='ocr_line' id='line_1_25' title="bbox 223 2395 1820 2475; baseline 0.006 -25"><span class='ocrx_word' id='word_1_182' title='bbox 223 2395 540 2454; x_wconf 88' lang='lat' dir='ltr'><strong>humilitate</strong></span> <span class='ocrx_word' id='word_1_183' title='bbox 589 2409 789 2457; x_wconf 76' lang='lat' dir='ltr'><strong>sancta:</strong></span> <span class='ocrx_word' id='word_1_184' title='bbox 838 2401 998 2456; x_wconf 89' lang='lat' dir='ltr'><strong>matri</strong></span> <span class='ocrx_word' id='word_1_185' title='bbox 1045 2403 1286 2458; x_wconf 89' lang='lat' dir='ltr'><strong>narravit</strong></span> <span class='ocrx_word' id='word_1_186' title='bbox 1321 2403 1662 2459; x_wconf 88' lang='lat' dir='ltr'><strong>miraculum.</strong></span> <span class='ocrx_word' id='word_1_187' title='bbox 1705 2405 1820 2475; x_wconf 89' lang='lat' dir='ltr'><strong>Illa,</strong></span> 
     </span>
    </p>
   </div>
   <div class='ocr_carea' id='block_1_26' title="bbox 221 2495 1823 2554">
    <p class='ocr_par' dir='ltr' id='par_1_26' title="bbox 221 2495 1823 2554">
     <span class='ocr_line' id='line_1_26' title="bbox 221 2495 1823 2554; baseline 0.005 -8"><span class='ocrx_word' id='word_1_188' title='bbox 221 2505 448 2548; x_wconf 88' lang='lat' dir='ltr'><strong>summo</strong></span> <span class='ocrx_word' id='word_1_189' title='bbox 479 2509 660 2549; x_wconf 90' lang='lat' dir='ltr'><strong>rerum</strong></span> <span class='ocrx_word' id='word_1_190' title='bbox 689 2495 931 2552; x_wconf 88' lang='lat' dir='ltr'><strong>Creatori</strong></span> <span class='ocrx_word' id='word_1_191' title='bbox 973 2495 1200 2552; x_wconf 91' lang='lat' dir='ltr'><strong>Domino</strong></span> <span class='ocrx_word' id='word_1_192' title='bbox 1226 2505 1414 2553; x_wconf 88' lang='lat' dir='ltr'><strong>nostro</strong></span> <span class='ocrx_word' id='word_1_193' title='bbox 1442 2496 1570 2553; x_wconf 84' lang='lat' dir='ltr'><strong>Jesu</strong></span> <span class='ocrx_word' id='word_1_194' title='bbox 1604 2497 1823 2554; x_wconf 88' lang='lat' dir='ltr'><strong>Christo</strong></span> 
     </span>
    </p>
   </div>
   <div class='ocr_carea' id='block_1_27' title="bbox 221 2585 1822 2659">
    <p class='ocr_par' dir='ltr' id='par_1_27' title="bbox 221 2585 1822 2659">
     <span class='ocr_line' id='line_1_27' title="bbox 221 2585 1822 2659; baseline 0.007 -21"><span class='ocrx_word' id='word_1_195' title='bbox 221 2585 441 2655; x_wconf 78' lang='lat' dir='ltr'><strong>gratias</strong></span> <span class='ocrx_word' id='word_1_196' title='bbox 469 2586 658 2655; x_wconf 79' lang='lat' dir='ltr'><strong>refert,</strong></span> <span class='ocrx_word' id='word_1_197' title='bbox 683 2590 776 2659; x_wconf 89' lang='lat' dir='ltr'><strong>qui</strong></span> <span class='ocrx_word' id='word_1_198' title='bbox 806 2591 1167 2647; x_wconf 87' lang='lat' dir='ltr'><strong>servientibus</strong></span> <span class='ocrx_word' id='word_1_199' title='bbox 1208 2591 1310 2647; x_wconf 87' lang='lat' dir='ltr'><strong>sibi</strong></span> <span class='ocrx_word' id='word_1_200' title='bbox 1355 2591 1408 2646; x_wconf 90' lang='lat' dir='ltr'><strong>in</strong></span> <span class='ocrx_word' id='word_1_201' title='bbox 1456 2591 1684 2648; x_wconf 82' lang='lat' dir='ltr'><strong>veritate</strong></span> <span class='ocrx_word' id='word_1_202' title='bbox 1711 2591 1822 2649; x_wconf 90' lang='lat' dir='ltr'><strong>cito</strong></span> 
     </span>
    </p>
   </div>
   <div class='ocr_carea' id='block_1_28' title="bbox 221 2675 778 2737">
    <p class='ocr_par' dir='ltr' id='par_1_28' title="bbox 221 2675 778 2737">
     <span class='ocr_line' id='line_1_28' title="bbox 221 2675 778 2737; baseline 0.013 -7"><span class='ocrx_word' id='word_1_203' title='bbox 221 2675 432 2734; x_wconf 88' lang='lat' dir='ltr'><strong>adesse</strong></span> <span class='ocrx_word' id='word_1_204' title='bbox 459 2681 778 2737; x_wconf 85' lang='lat' dir='ltr'><strong>consuevit.’</strong></span> 
     </span>
    </p>
   </div>
   <div class='ocr_carea' id='block_1_29' title="bbox 852 2882 1208 2940">
    <p class='ocr_par' dir='ltr' id='par_1_29' title="bbox 852 2882 1208 2940">
     <span class='ocr_line' id='line_1_29' title="bbox 852 2882 1208 2940; baseline -0.006 0"><span class='ocrx_word' id='word_1_205' title='bbox 852 2882 1082 2940; x_wconf 87' lang='lat' dir='ltr'><strong>CAPUT</strong></span> <span class='ocrx_word' id='word_1_206' title='bbox 1117 2883 1208 2939; x_wconf 81' lang='lat' dir='ltr'><strong>XI.</strong></span> 
     </span>
    </p>
   </div>
   <div class='ocr_carea' id='block_1_30' title="bbox 804 3015 1236 3056">
    <p class='ocr_par' dir='ltr' id='par_1_30' title="bbox 804 3015 1236 3056">
     <span class='ocr_line' id='line_1_30' title="bbox 804 3015 1236 3056; baseline 0.002 -3"><span class='ocrx_word' id='word_1_207' title='bbox 804 3015 1116 3056; x_wconf 69' lang='lat' dir='ltr'><strong>IIIIACULUM</strong></span> <span class='ocrx_word' id='word_1_208' title='bbox 1153 3016 1236 3055; x_wconf 87' lang='lat' dir='ltr'>III.</span> 
     </span>
    </p>
   </div>
   <div class='ocr_carea' id='block_1_31' title="bbox 297 3134 1821 3208">
    <p class='ocr_par' dir='ltr' id='par_1_31' title="bbox 297 3134 1821 3208">
     <span class='ocr_line' id='line_1_31' title="bbox 297 3134 1821 3208; baseline 0.001 -20"><span class='ocrx_word' id='word_1_209' title='bbox 297 3134 587 3190; x_wconf 86' lang='lat' dir='ltr'><strong>Patratum</strong></span> <span class='ocrx_word' id='word_1_210' title='bbox 611 3135 865 3208; x_wconf 89' lang='lat' dir='ltr'><strong>deinceps</strong></span> <span class='ocrx_word' id='word_1_211' title='bbox 879 3136 1021 3192; x_wconf 90' lang='lat' dir='ltr'><strong>aliud</strong></span> <span class='ocrx_word' id='word_1_212' title='bbox 1038 3134 1352 3192; x_wconf 89' lang='lat' dir='ltr'><strong>miraculum</strong></span> <span class='ocrx_word' id='word_1_213' title='bbox 1372 3154 1384 3190; x_wconf 87' lang='lat'><strong>:</strong></span> <span class='ocrx_word' id='word_1_214' title='bbox 1405 3149 1559 3192; x_wconf 91' lang='lat' dir='ltr'><strong>soror</strong></span> <span class='ocrx_word' id='word_1_215' title='bbox 1573 3136 1821 3207; x_wconf 62' lang='lat' dir='ltr'><strong>quadam</strong></span> 
     </span>
    </p>
   </div>
   <div class='ocr_carea' id='block_1_32' title="bbox 220 3226 1822 3296">
    <p class='ocr_par' dir='ltr' id='par_1_32' title="bbox 220 3226 1822 3296">
     <span class='ocr_line' id='line_1_32' title="bbox 220 3226 1822 3296; baseline 0.001 -14"><span class='ocrx_word' id='word_1_216' title='bbox 220 3226 316 3282; x_wconf 88' lang='lat' dir='ltr'><strong>vel</strong></span> <span class='ocrx_word' id='word_1_217' title='bbox 363 3227 636 3284; x_wconf 90' lang='lat' dir='ltr'><strong>abluendo</strong></span> <span class='ocrx_word' id='word_1_218' title='bbox 663 3228 1106 3284; x_wconf 90' lang='lat' dir='ltr'><strong>vestimentorum</strong></span> <span class='ocrx_word' id='word_1_219' title='bbox 1137 3228 1345 3294; x_wconf 87' lang='lat' dir='ltr'><strong>sordes,</strong></span> <span class='ocrx_word' id='word_1_220' title='bbox 1379 3237 1437 3284; x_wconf 92' lang='lat' dir='ltr'><strong>ut</strong></span> <span class='ocrx_word' id='word_1_221' title='bbox 1461 3243 1578 3284; x_wconf 91' lang='lat' dir='ltr'><strong>mos</strong></span> <span class='ocrx_word' id='word_1_222' title='bbox 1606 3237 1711 3296; x_wconf 89' lang='lat' dir='ltr'><strong>est,</strong></span> <span class='ocrx_word' id='word_1_223' title='bbox 1757 3229 1822 3283; x_wconf 86' lang='lat' dir='ltr'><strong>ad</strong></span> 
     </span>
    </p>
   </div>
   <div class='ocr_carea' id='block_1_33' title="bbox 219 3320 1822 3394">
    <p class='ocr_par' dir='ltr' id='par_1_33' title="bbox 219 3320 1822 3394">
     <span class='ocr_line' id='line_1_33' title="bbox 219 3320 1822 3394; baseline 0 -18"><span class='ocrx_word' id='word_1_224' title='bbox 219 3320 429 3376; x_wconf 87' lang='lat' dir='ltr'><strong>cellam</strong></span> <span class='ocrx_word' id='word_1_225' title='bbox 458 3321 704 3392; x_wconf 73' lang='lat' dir='ltr'><strong>ofﬁcinae,</strong></span> <span class='ocrx_word' id='word_1_226' title='bbox 751 3339 856 3394; x_wconf 90' lang='lat' dir='ltr'><strong>qua</strong></span> <span class='ocrx_word' id='word_1_227' title='bbox 903 3324 1015 3379; x_wconf 76' lang='lat' dir='ltr'><strong>lucc</strong></span> <span class='ocrx_word' id='word_1_228' title='bbox 1045 3323 1129 3394; x_wconf 90' lang='lat' dir='ltr'><strong>agi</strong></span> <span class='ocrx_word' id='word_1_229' title='bbox 1163 3323 1379 3378; x_wconf 90' lang='lat' dir='ltr'><strong>solitum</strong></span> <span class='ocrx_word' id='word_1_230' title='bbox 1412 3331 1552 3388; x_wconf 77' lang='lat' dir='ltr'><strong>erat,</strong></span> <span class='ocrx_word' id='word_1_231' title='bbox 1579 3336 1822 3390; x_wconf 88' lang='lat' dir='ltr'><strong>vemens,</strong></span> 
     </span>
    </p>
   </div>
   <div class='ocr_carea' id='block_1_34' title="bbox 221 3413 1828 3484">
    <p class='ocr_par' dir='ltr' id='par_1_34' title="bbox 221 3413 1828 3484">
     <span class='ocr_line' id='line_1_34' title="bbox 221 3413 1828 3484; baseline 0.002 -19"><span class='ocrx_word' id='word_1_232' title='bbox 221 3420 464 3482; x_wconf 89' lang='lat' dir='ltr'><strong>accepto</strong></span> <span class='ocrx_word' id='word_1_233' title='bbox 512 3414 732 3470; x_wconf 88' lang='lat' dir='ltr'><strong>vasculo</strong></span> <span class='ocrx_word' id='word_1_234' title='bbox 784 3415 925 3484; x_wconf 91' lang='lat' dir='ltr'><strong>quod</strong></span> <span class='ocrx_word' id='word_1_235' title='bbox 977 3416 1027 3469; x_wconf 93' lang='lat' dir='ltr'><strong>in</strong></span> <span class='ocrx_word' id='word_1_236' title='bbox 1074 3413 1270 3470; x_wconf 89' lang='lat' dir='ltr'><strong>talibus</strong></span> <span class='ocrx_word' id='word_1_237' title='bbox 1317 3417 1478 3470; x_wconf 89' lang='lat' dir='ltr'><strong>rebus</strong></span> <span class='ocrx_word' id='word_1_238' title='bbox 1532 3413 1828 3469; x_wconf 86' lang='lat' dir='ltr'><strong>necessitas</strong></span> 
     </span>
    </p>
   </div>
   <div class='ocr_carea' id='block_1_35' title="bbox 217 3506 1825 3578">
    <p class='ocr_par' dir='ltr' id='par_1_35' title="bbox 217 3506 1825 3578">
     <span class='ocr_line' id='line_1_35' title="bbox 217 3506 1825 3578; baseline -0.001 -17"><span class='ocrx_word' id='word_1_239' title='bbox 217 3507 506 3575; x_wconf 87' lang='lat' dir='ltr'><strong>poposcit,</strong></span> <span class='ocrx_word' id='word_1_240' title='bbox 551 3506 798 3562; x_wconf 79' lang='lat' dir='ltr'><strong>deferens</strong></span> <span class='ocrx_word' id='word_1_241' title='bbox 849 3507 1009 3563; x_wconf 91' lang='lat' dir='ltr'><strong>simul</strong></span> <span class='ocrx_word' id='word_1_242' title='bbox 1040 3518 1093 3562; x_wconf 90' lang='lat' dir='ltr'><strong>et</strong></span> <span class='ocrx_word' id='word_1_243' title='bbox 1127 3509 1320 3578; x_wconf 85' lang='lat' dir='ltr'><strong>exigua</strong></span> <span class='ocrx_word' id='word_1_244' title='bbox 1361 3507 1527 3578; x_wconf 87' lang='lat' dir='ltr'><strong>ligna,</strong></span> <span class='ocrx_word' id='word_1_245' title='bbox 1558 3507 1825 3578; x_wconf 87' lang='lat' dir='ltr'><strong>pervenit.</strong></span> 
     </span>
    </p>
   </div>
   <div class='ocr_carea' id='block_1_36' title="bbox 221 3595 1830 3670">
    <p class='ocr_par' dir='ltr' id='par_1_36' title="bbox 221 3595 1830 3670">
     <span class='ocr_line' id='line_1_36' title="bbox 221 3595 1830 3670; baseline -0.001 -18"><span class='ocrx_word' id='word_1_246' title='bbox 221 3595 344 3652; x_wconf 85' lang='lat' dir='ltr'><strong>Sed</strong></span> <span class='ocrx_word' id='word_1_247' title='bbox 406 3598 533 3667; x_wconf 89' lang='lat' dir='ltr'><strong>quia</strong></span> <span class='ocrx_word' id='word_1_248' title='bbox 581 3607 803 3664; x_wconf 86' lang='lat' dir='ltr'><strong>eatena,</strong></span> <span class='ocrx_word' id='word_1_249' title='bbox 865 3600 917 3652; x_wconf 90' lang='lat' dir='ltr'><strong>in</strong></span> <span class='ocrx_word' id='word_1_250' title='bbox 969 3615 1072 3668; x_wconf 91' lang='lat' dir='ltr'><strong>qua</strong></span> <span class='ocrx_word' id='word_1_251' title='bbox 1125 3599 1393 3670; x_wconf 88' lang='lat' dir='ltr'><strong>pendebat</strong></span> <span class='ocrx_word' id='word_1_252' title='bbox 1441 3615 1554 3662; x_wconf 86' lang='lat' dir='ltr'><strong>vas,</strong></span> <span class='ocrx_word' id='word_1_253' title='bbox 1590 3599 1746 3654; x_wconf 86' lang='lat' dir='ltr'><strong>exilis</strong></span> <span class='ocrx_word' id='word_1_254' title='bbox 1775 3607 1830 3654; x_wconf 91' lang='lat' dir='ltr'><strong>et</strong></span> 
     </span>
    </p>
   </div>
   <div class='ocr_carea' id='block_1_37' title="bbox 216 3687 1826 3764">
    <p class='ocr_par' dir='ltr' id='par_1_37' title="bbox 216 3687 1826 3764">
     <span class='ocr_line' id='line_1_37' title="bbox 216 3687 1826 3764; baseline 0.002 -21"><span class='ocrx_word' id='word_1_255' title='bbox 216 3687 458 3744; x_wconf 89' lang='lat' dir='ltr'><strong>brevior</strong></span> <span class='ocrx_word' id='word_1_256' title='bbox 488 3691 793 3756; x_wconf 87' lang='lat' dir='ltr'><strong>constabat,</strong></span> <span class='ocrx_word' id='word_1_257' title='bbox 842 3691 951 3762; x_wconf 87' lang='lat' dir='ltr'><strong>igni</strong></span> <span class='ocrx_word' id='word_1_258' title='bbox 990 3708 1096 3747; x_wconf 90' lang='lat' dir='ltr'><strong>non</strong></span> <span class='ocrx_word' id='word_1_259' title='bbox 1134 3693 1571 3764; x_wconf 85' lang='lat' dir='ltr'><strong>appropinquans</strong></span> <span class='ocrx_word' id='word_1_260' title='bbox 1595 3733 1610 3757; x_wconf 89' lang='lat'><strong>,</strong></span> <span class='ocrx_word' id='word_1_261' title='bbox 1669 3708 1826 3762; x_wconf 87' lang='lat' dir='ltr'><strong>repe-</strong></span> 
     </span>
    </p>
   </div>
   <div class='ocr_carea' id='block_1_38' title="bbox 217 3781 1826 3851">
    <p class='ocr_par' dir='ltr' id='par_1_38' title="bbox 217 3781 1826 3851">
     <span class='ocr_line' id='line_1_38' title="bbox 217 3781 1826 3851; baseline 0.002 -17"><span class='ocrx_word' id='word_1_262' title='bbox 217 3781 389 3836; x_wconf 85' lang='lat' dir='ltr'><strong>riens</strong></span> <span class='ocrx_word' id='word_1_263' title='bbox 441 3782 507 3837; x_wconf 89' lang='lat' dir='ltr'><strong>de</strong></span> <span class='ocrx_word' id='word_1_264' title='bbox 554 3783 814 3837; x_wconf 89' lang='lat' dir='ltr'><strong>industria</strong></span> <span class='ocrx_word' id='word_1_265' title='bbox 847 3784 1043 3838; x_wconf 91' lang='lat' dir='ltr'><strong>famula</strong></span> <span class='ocrx_word' id='word_1_266' title='bbox 1091 3783 1183 3838; x_wconf 90' lang='lat' dir='ltr'><strong>Dei</strong></span> <span class='ocrx_word' id='word_1_267' title='bbox 1215 3783 1375 3838; x_wconf 90' lang='lat' dir='ltr'><strong>aliam</strong></span> <span class='ocrx_word' id='word_1_268' title='bbox 1406 3793 1678 3851; x_wconf 85' lang='lat' dir='ltr'><strong>catenam,</strong></span> <span class='ocrx_word' id='word_1_269' title='bbox 1725 3783 1826 3839; x_wconf 86' lang='lat' dir='ltr'><strong>sibi</strong></span> 
     </span>
    </p>
   </div>
   <div class='ocr_carea' id='block_1_39' title="bbox 218 3871 1830 3944">
    <p class='ocr_par' dir='ltr' id='par_1_39' title="bbox 218 3871 1830 3944">
     <span class='ocr_line' id='line_1_39' title="bbox 218 3871 1830 3944; baseline 0.002 -18"><span class='ocrx_word' id='word_1_270' title='bbox 218 3871 473 3927; x_wconf 88' lang='lat' dir='ltr'><strong>invicem</strong></span> <span class='ocrx_word' id='word_1_271' title='bbox 508 3874 711 3938; x_wconf 82' lang='lat' dir='ltr'><strong>nexuit,</strong></span> <span class='ocrx_word' id='word_1_272' title='bbox 758 3883 814 3929; x_wconf 85' lang='lat' dir='ltr'><strong>et</strong></span> <span class='ocrx_word' id='word_1_273' title='bbox 860 3890 985 3930; x_wconf 89' lang='lat' dir='ltr'><strong>ecce</strong></span> <span class='ocrx_word' id='word_1_274' title='bbox 1029 3875 1132 3930; x_wconf 92' lang='lat' dir='ltr'><strong>alia</strong></span> <span class='ocrx_word' id='word_1_275' title='bbox 1181 3876 1380 3930; x_wconf 91' lang='lat' dir='ltr'><strong>sodalis</strong></span> <span class='ocrx_word' id='word_1_276' title='bbox 1411 3873 1524 3944; x_wconf 85' lang='lat' dir='ltr'><strong>ejus</strong></span> <span class='ocrx_word' id='word_1_277' title='bbox 1569 3891 1690 3930; x_wconf 89' lang='lat' dir='ltr'><strong>cum</strong></span> <span class='ocrx_word' id='word_1_278' title='bbox 1724 3873 1830 3929; x_wconf 90' lang='lat' dir='ltr'><strong>alio</strong></span> 
     </span>
    </p>
   </div>
   <div class='ocr_carea' id='block_1_40' title="bbox 217 3966 1828 4036">
    <p class='ocr_par' dir='ltr' id='par_1_40' title="bbox 217 3966 1828 4036">
     <span class='ocr_line' id='line_1_40' title="bbox 217 3966 1828 4036; baseline -0.001 -16"><span class='ocrx_word' id='word_1_279' title='bbox 217 3966 461 4021; x_wconf 85' lang='lat' dir='ltr'><strong>vasculo</strong></span> <span class='ocrx_word' id='word_1_280' title='bbox 485 3982 548 4020; x_wconf 82' lang='lat' dir='ltr'><strong>ex</strong></span> <span class='ocrx_word' id='word_1_281' title='bbox 577 3967 718 4022; x_wconf 90' lang='lat' dir='ltr'><strong>aeris</strong></span> <span class='ocrx_word' id='word_1_282' title='bbox 745 3967 961 4020; x_wconf 87' lang='lat' dir='ltr'><strong>metallo</strong></span> <span class='ocrx_word' id='word_1_283' title='bbox 990 3967 1133 4022; x_wconf 88' lang='lat' dir='ltr'><strong>facto</strong></span> <span class='ocrx_word' id='word_1_284' title='bbox 1154 3967 1445 4022; x_wconf 85' lang='lat' dir='ltr'><strong>adveniens</strong></span> <span class='ocrx_word' id='word_1_285' title='bbox 1473 3966 1648 4021; x_wconf 87' lang='lat' dir='ltr'><strong>simile</strong></span> <span class='ocrx_word' id='word_1_286' title='bbox 1673 3975 1828 4036; x_wconf 91' lang='lat' dir='ltr'><strong>opta-</strong></span> 
     </span>
    </p>
   </div>
   <div class='ocr_carea' id='block_1_41' title="bbox 215 4058 1831 4130">
    <p class='ocr_par' dir='ltr' id='par_1_41' title="bbox 215 4058 1831 4130">
     <span class='ocr_line' id='line_1_41' title="bbox 215 4058 1831 4130; baseline -0.002 -14"><span class='ocrx_word' id='word_1_287' title='bbox 215 4058 324 4116; x_wconf 94' lang='lat' dir='ltr'><strong>bat</strong></span> <span class='ocrx_word' id='word_1_288' title='bbox 379 4075 548 4130; x_wconf 90' lang='lat' dir='ltr'><strong>opus,</strong></span> <span class='ocrx_word' id='word_1_289' title='bbox 609 4059 883 4115; x_wconf 88' lang='lat' dir='ltr'><strong>humiliter</strong></span> <span class='ocrx_word' id='word_1_290' title='bbox 928 4060 1207 4130; x_wconf 91' lang='lat' dir='ltr'><strong>postulans</strong></span> <span class='ocrx_word' id='word_1_291' title='bbox 1253 4060 1414 4117; x_wconf 80' lang='lat' dir='ltr'><strong>sociae</strong></span> <span class='ocrx_word' id='word_1_292' title='bbox 1465 4059 1831 4114; x_wconf 83' lang='lat' dir='ltr'><strong>dixit:Com-</strong></span> 
     </span>
    </p>
   </div>
   <div class='ocr_carea' id='block_1_42' title="bbox 218 4151 1832 4217">
    <p class='ocr_par' dir='ltr' id='par_1_42' title="bbox 218 4151 1832 4217">
     <span class='ocr_line' id='line_1_42' title="bbox 218 4151 1832 4217; baseline -0.001 -9"><span class='ocrx_word' id='word_1_293' title='bbox 218 4153 400 4208; x_wconf 85' lang='lat' dir='ltr'><strong>moda</strong></span> <span class='ocrx_word' id='word_1_294' title='bbox 434 4151 587 4217; x_wconf 89' lang='lat' dir='ltr'><strong>mihi,</strong></span> <span class='ocrx_word' id='word_1_295' title='bbox 622 4169 793 4217; x_wconf 90' lang='lat' dir='ltr'><strong>soror,</strong></span> <span class='ocrx_word' id='word_1_296' title='bbox 825 4169 987 4208; x_wconf 91' lang='lat' dir='ltr'><strong>unam</strong></span> <span class='ocrx_word' id='word_1_297' title='bbox 1015 4162 1283 4217; x_wconf 88' lang='lat' dir='ltr'><strong>catenam,</strong></span> <span class='ocrx_word' id='word_1_298' title='bbox 1319 4155 1567 4208; x_wconf 70' lang='lat' dir='ltr'><strong>utambze</strong></span> <span class='ocrx_word' id='word_1_299' title='bbox 1593 4152 1832 4207; x_wconf 81' lang='lat' dir='ltr'><strong>velocius</strong></span> 
     </span>
    </p>
   </div>
   <div class='ocr_carea' id='block_1_43' title="bbox 218 4243 1833 4316">
    <p class='ocr_par' dir='ltr' id='par_1_43' title="bbox 218 4243 1833 4316">
     <span class='ocr_line' id='line_1_43' title="bbox 218 4243 1833 4316; baseline 0 -16"><span class='ocrx_word' id='word_1_300' title='bbox 218 4260 550 4316; x_wconf 90' lang='lat' dir='ltr'><strong>operemur.</strong></span> <span class='ocrx_word' id='word_1_301' title='bbox 580 4243 665 4298; x_wconf 90' lang='lat' dir='ltr'><strong>Ait</strong></span> <span class='ocrx_word' id='word_1_302' title='bbox 700 4247 850 4300; x_wconf 91' lang='lat' dir='ltr'><strong>socia</strong></span> <span class='ocrx_word' id='word_1_303' title='bbox 888 4263 899 4300; x_wconf 93' lang='lat'><strong>:</strong></span> <span class='ocrx_word' id='word_1_304' title='bbox 935 4245 1040 4299; x_wconf 85' lang='lat' dir='ltr'><strong>Pro</strong></span> <span class='ocrx_word' id='word_1_305' title='bbox 1071 4244 1356 4299; x_wconf 89' lang='lat' dir='ltr'><strong>charitatis</strong></span> <span class='ocrx_word' id='word_1_306' title='bbox 1381 4244 1553 4314; x_wconf 86' lang='lat' dir='ltr'><strong>gratia</strong></span> <span class='ocrx_word' id='word_1_307' title='bbox 1593 4259 1833 4300; x_wconf 78' lang='lat' dir='ltr'><strong>comme-</strong></span> 
     </span>
    </p>
   </div>
   <div class='ocr_carea' id='block_1_44' title="bbox 219 4338 1828 4412">
    <p class='ocr_par' dir='ltr' id='par_1_44' title="bbox 219 4338 1828 4412">
     <span class='ocr_line' id='line_1_44' title="bbox 219 4338 1828 4412; baseline -0.001 -19"><span class='ocrx_word' id='word_1_308' title='bbox 219 4339 381 4396; x_wconf 86' lang='lat' dir='ltr'><strong>dabo</strong></span> <span class='ocrx_word' id='word_1_309' title='bbox 416 4338 530 4405; x_wconf 88' lang='lat' dir='ltr'><strong>tibi,</strong></span> <span class='ocrx_word' id='word_1_310' title='bbox 569 4342 659 4395; x_wconf 90' lang='lat' dir='ltr'><strong>scd</strong></span> <span class='ocrx_word' id='word_1_311' title='bbox 687 4357 849 4412; x_wconf 88' lang='lat' dir='ltr'><strong>perge</strong></span> <span class='ocrx_word' id='word_1_312' title='bbox 887 4351 941 4394; x_wconf 90' lang='lat' dir='ltr'><strong>tu</strong></span> <span class='ocrx_word' id='word_1_313' title='bbox 995 4350 1050 4394; x_wconf 89' lang='lat' dir='ltr'><strong>et</strong></span> <span class='ocrx_word' id='word_1_314' title='bbox 1102 4340 1234 4393; x_wconf 76' lang='lat' dir='ltr'><strong>affer</strong></span> <span class='ocrx_word' id='word_1_315' title='bbox 1280 4340 1408 4410; x_wconf 81' lang='lat' dir='ltr'><strong>ligni</strong></span> <span class='ocrx_word' id='word_1_316' title='bbox 1446 4340 1828 4409; x_wconf 82' lang='lat' dir='ltr'><strong>quantitatem,</strong></span> 
     </span>
    </p>
   </div>
   <div class='ocr_carea' id='block_1_45' title="bbox 219 4429 1831 4504">
    <p class='ocr_par' dir='ltr' id='par_1_45' title="bbox 219 4429 1831 4504">
     <span class='ocr_line' id='line_1_45' title="bbox 219 4429 1831 4504; baseline -0.003 -18"><span class='ocrx_word' id='word_1_317' title='bbox 219 4440 506 4504; x_wconf 87' lang='lat' dir='ltr'><strong>quantum</strong></span> <span class='ocrx_word' id='word_1_318' title='bbox 535 4432 790 4497; x_wconf 89' lang='lat' dir='ltr'><strong>volueris,</strong></span> <span class='ocrx_word' id='word_1_319' title='bbox 818 4432 943 4502; x_wconf 86' lang='lat' dir='ltr'><strong>quia</strong></span> <span class='ocrx_word' id='word_1_320' title='bbox 971 4432 1138 4486; x_wconf 89' lang='lat' dir='ltr'><strong>ardue</strong></span> <span class='ocrx_word' id='word_1_321' title='bbox 1165 4430 1568 4500; x_wconf 89' lang='lat' dir='ltr'><strong>suspenduntur</strong></span> <span class='ocrx_word' id='word_1_322' title='bbox 1589 4429 1831 4495; x_wconf 89' lang='lat' dir='ltr'><strong>vascula,</strong></span> 
     </span>
    </p>
   </div>
   <div class='ocr_carea' id='block_1_46' title="bbox 219 4522 1907 4617">
    <p class='ocr_par' dir='ltr' id='par_1_46' title="bbox 219 4522 1907 4617">
     <span class='ocr_line' id='line_1_46' title="bbox 219 4522 1907 4617; baseline -0.004 -35"><span class='ocrx_word' id='word_1_323' title='bbox 219 4535 290 4582; x_wconf 83' lang='lat' dir='ltr'><strong>ut</strong></span> <span class='ocrx_word' id='word_1_324' title='bbox 339 4525 625 4581; x_wconf 87' lang='lat' dir='ltr'><strong>valeamus</strong></span> <span class='ocrx_word' id='word_1_325' title='bbox 678 4525 934 4594; x_wconf 83' lang='lat' dir='ltr'><strong>perlicere</strong></span> <span class='ocrx_word' id='word_1_326' title='bbox 985 4524 1128 4596; x_wconf 92' lang='lat' dir='ltr'><strong>quod</strong></span> <span class='ocrx_word' id='word_1_327' title='bbox 1187 4523 1484 4578; x_wconf 86' lang='lat' dir='ltr'><strong>necessitas</strong></span> <span class='ocrx_word' id='word_1_328' title='bbox 1533 4522 1824 4592; x_wconf 84' lang='lat' dir='ltr'><strong>compellit.</strong></span> <span class='ocrx_word' id='word_1_329' title='bbox 1861 4556 1907 4617; x_wconf 70' lang='grc' dir='ltr'>ο</span> 
     </span>
    </p>
   </div>
   <div class='ocr_carea' id='block_1_47' title="bbox 220 4615 1824 4688">
    <p class='ocr_par' dir='ltr' id='par_1_47' title="bbox 220 4615 1824 4688">
     <span class='ocr_line' id='line_1_47' title="bbox 220 4615 1824 4688; baseline -0.003 -14"><span class='ocrx_word' id='word_1_330' title='bbox 220 4617 374 4688; x_wconf 61' lang='lat' dir='ltr'><strong>Quae</strong></span> <span class='ocrx_word' id='word_1_331' title='bbox 416 4633 536 4673; x_wconf 91' lang='lat' dir='ltr'><strong>cum</strong></span> <span class='ocrx_word' id='word_1_332' title='bbox 585 4619 828 4684; x_wconf 89' lang='lat' dir='ltr'><strong>abiisset,</strong></span> <span class='ocrx_word' id='word_1_333' title='bbox 853 4633 1194 4688; x_wconf 89' lang='lat' dir='ltr'><strong>nequaquam</strong></span> <span class='ocrx_word' id='word_1_334' title='bbox 1245 4617 1446 4687; x_wconf 87' lang='lat' dir='ltr'><strong>reperit</strong></span> <span class='ocrx_word' id='word_1_335' title='bbox 1477 4615 1620 4688; x_wconf 90' lang='lat' dir='ltr'><strong>quod</strong></span> <span class='ocrx_word' id='word_1_336' title='bbox 1653 4615 1824 4686; x_wconf 90' lang='lat' dir='ltr'><strong>petiit.</strong></span> 
     </span>
    </p>
   </div>
   <div class='ocr_carea' id='block_1_48' title="bbox 222 4710 1827 4782">
    <p class='ocr_par' dir='ltr' id='par_1_48' title="bbox 222 4710 1827 4782">
     <span class='ocr_line' id='line_1_48' title="bbox 222 4710 1827 4782; baseline -0.004 -14"><span class='ocrx_word' id='word_1_337' title='bbox 222 4713 402 4768; x_wconf 87' lang='lat' dir='ltr'><strong>Tunc</strong></span> <span class='ocrx_word' id='word_1_338' title='bbox 437 4722 678 4782; x_wconf 73' lang='lat' dir='ltr'><strong>utrmque</strong></span> <span class='ocrx_word' id='word_1_339' title='bbox 708 4712 915 4767; x_wconf 66' lang='lat' dir='ltr'><strong>ancilla:</strong></span> <span class='ocrx_word' id='word_1_340' title='bbox 943 4711 1145 4767; x_wconf 85' lang='lat' dir='ltr'><strong>Christi</strong></span> <span class='ocrx_word' id='word_1_341' title='bbox 1181 4710 1355 4764; x_wconf 71' lang='lat' dir='ltr'><strong>anxiae</strong></span> <span class='ocrx_word' id='word_1_342' title='bbox 1387 4725 1505 4766; x_wconf 89' lang='lat' dir='ltr'><strong>csse</strong></span> <span class='ocrx_word' id='word_1_343' title='bbox 1526 4720 1827 4779; x_wconf 72' lang='lat' dir='ltr'><strong>cmperuut,</strong></span> 
     </span>
    </p>
   </div>
   <div class='ocr_carea' id='block_1_49' title="bbox 222 4791 1831 4873">
    <p class='ocr_par' dir='ltr' id='par_1_49' title="bbox 222 4791 1831 4873">
     <span class='ocr_line' id='line_1_49' title="bbox 222 4791 1831 4873; baseline 0 -17"><span class='ocrx_word' id='word_1_344' title='bbox 222 4802 377 4873; x_wconf 84' lang='lat' dir='ltr'><strong>quid</strong></span> <span class='ocrx_word' id='word_1_345' title='bbox 409 4810 585 4857; x_wconf 87' lang='lat' dir='ltr'><strong>tamen</strong></span> <span class='ocrx_word' id='word_1_346' title='bbox 622 4791 863 4858; x_wconf 86' lang='lat' dir='ltr'><strong>facerent</strong></span> <span class='ocrx_word' id='word_1_347' title='bbox 906 4804 1132 4872; x_wconf 65' lang='lat' dir='ltr'><strong>ignarae;</strong></span> <span class='ocrx_word' id='word_1_348' title='bbox 1183 4809 1238 4857; x_wconf 91' lang='lat' dir='ltr'><strong>et</strong></span> <span class='ocrx_word' id='word_1_349' title='bbox 1272 4801 1451 4857; x_wconf 89' lang='lat' dir='ltr'><strong>subito</strong></span> <span class='ocrx_word' id='word_1_350' title='bbox 1483 4816 1678 4872; x_wconf 85' lang='lat' dir='ltr'><strong>magno</strong></span> <span class='ocrx_word' id='word_1_351' title='bbox 1707 4817 1831 4856; x_wconf 88' lang='lat' dir='ltr'><strong>cum</strong></span> 
     </span>
    </p>
   </div>
   <div class='ocr_carea' id='block_1_50' title="bbox 222 4893 1830 4967">
    <p class='ocr_par' dir='ltr' id='par_1_50' title="bbox 222 4893 1830 4967">
     <span class='ocr_line' id='line_1_50' title="bbox 222 4893 1830 4967; baseline -0.002 -15"><span class='ocrx_word' id='word_1_352' title='bbox 222 4896 429 4952; x_wconf 86' lang='lat' dir='ltr'><strong>sonitu</strong></span> <span class='ocrx_word' id='word_1_353' title='bbox 470 4896 602 4951; x_wconf 89' lang='lat' dir='ltr'><strong>cella</strong></span> <span class='ocrx_word' id='word_1_354' title='bbox 638 4896 863 4951; x_wconf 75' lang='lat' dir='ltr'><strong>ollicinte</strong></span> <span class='ocrx_word' id='word_1_355' title='bbox 914 4897 1067 4967; x_wconf 90' lang='lat' dir='ltr'><strong>quasi</strong></span> <span class='ocrx_word' id='word_1_356' title='bbox 1110 4910 1301 4950; x_wconf 90' lang='lat' dir='ltr'><strong>casura</strong></span> <span class='ocrx_word' id='word_1_357' title='bbox 1334 4895 1502 4951; x_wconf 89' lang='lat' dir='ltr'><strong>semel</strong></span> <span class='ocrx_word' id='word_1_358' title='bbox 1545 4893 1830 4958; x_wconf 81' lang='lat' dir='ltr'><strong>flectendo,</strong></span> 
     </span>
    </p>
   </div>
   <div class='ocr_carea' id='block_1_51' title="bbox 223 4984 1831 5055">
    <p class='ocr_par' dir='ltr' id='par_1_51' title="bbox 223 4984 1831 5055">
     <span class='ocr_line' id='line_1_51' title="bbox 223 4984 1831 5055; baseline -0.002 -13"><span class='ocrx_word' id='word_1_359' title='bbox 223 4984 518 5042; x_wconf 81' lang='lat' dir='ltr'><strong>addicitur</strong></span> <span class='ocrx_word' id='word_1_360' title='bbox 549 4986 676 5055; x_wconf 93' lang='lat' dir='ltr'><strong>igni.</strong></span> <span class='ocrx_word' id='word_1_361' title='bbox 706 4985 856 5041; x_wconf 87' lang='lat' dir='ltr'><strong>Tune</strong></span> <span class='ocrx_word' id='word_1_362' title='bbox 901 4986 1115 5042; x_wconf 90' lang='lat' dir='ltr'><strong>concito</strong></span> <span class='ocrx_word' id='word_1_363' title='bbox 1156 5001 1318 5042; x_wconf 91' lang='lat' dir='ltr'><strong>cursu</strong></span> <span class='ocrx_word' id='word_1_364' title='bbox 1352 4985 1564 5040; x_wconf 76' lang='lat' dir='ltr'><strong>famulae</strong></span> <span class='ocrx_word' id='word_1_365' title='bbox 1607 4984 1831 5050; x_wconf 87' lang='lat' dir='ltr'><strong>Christi,</strong></span> 
     </span>
    </p>
   </div>
   <div class='ocr_carea' id='block_1_52' title="bbox 223 5079 1837 5150">
    <p class='ocr_par' dir='ltr' id='par_1_52' title="bbox 223 5079 1837 5150">
     <span class='ocr_line' id='line_1_52' title="bbox 223 5079 1837 5150; baseline -0.002 -14"><span class='ocrx_word' id='word_1_366' title='bbox 223 5092 546 5148; x_wconf 88' lang='lat' dir='ltr'><strong>omnesque</strong></span> <span class='ocrx_word' id='word_1_367' title='bbox 595 5094 810 5134; x_wconf 89' lang='lat' dir='ltr'><strong>sorores</strong></span> <span class='ocrx_word' id='word_1_368' title='bbox 844 5081 910 5135; x_wconf 88' lang='lat' dir='ltr'><strong>ad</strong></span> <span class='ocrx_word' id='word_1_369' title='bbox 955 5096 1074 5136; x_wconf 90' lang='lat' dir='ltr'><strong>eam</strong></span> <span class='ocrx_word' id='word_1_370' title='bbox 1107 5080 1471 5150; x_wconf 86' lang='lat' dir='ltr'><strong>aspiciendam</strong></span> <span class='ocrx_word' id='word_1_371' title='bbox 1498 5079 1744 5145; x_wconf 80' lang='lat' dir='ltr'><strong>veniunt,</strong></span> <span class='ocrx_word' id='word_1_372' title='bbox 1781 5087 1837 5133; x_wconf 89' lang='lat' dir='ltr'><strong>et</strong></span> 
     </span>
    </p>
   </div>
   <div class='ocr_carea' id='block_1_53' title="bbox 225 5172 1834 5244">
    <p class='ocr_par' dir='ltr' id='par_1_53' title="bbox 225 5172 1834 5244">
     <span class='ocr_line' id='line_1_53' title="bbox 225 5172 1834 5244; baseline -0.001 -16"><span class='ocrx_word' id='word_1_373' title='bbox 225 5173 503 5244; x_wconf 85' lang='lat' dir='ltr'><strong>quisnam</strong></span> <span class='ocrx_word' id='word_1_374' title='bbox 558 5182 705 5228; x_wconf 88' lang='lat' dir='ltr'><strong>esset</strong></span> <span class='ocrx_word' id='word_1_375' title='bbox 769 5173 949 5244; x_wconf 81' lang='lat' dir='ltr'><strong>fragor</strong></span> <span class='ocrx_word' id='word_1_376' title='bbox 998 5175 1324 5244; x_wconf 88' lang='lat' dir='ltr'><strong>strepitusve</strong></span> <span class='ocrx_word' id='word_1_377' title='bbox 1376 5173 1676 5243; x_wconf 87' lang='lat' dir='ltr'><strong>inquirunt.</strong></span> <span class='ocrx_word' id='word_1_378' title='bbox 1729 5172 1834 5227; x_wconf 86' lang='lat' dir='ltr'><strong>Sed</strong></span> 
     </span>
    </p>
   </div>
   <div class='ocr_carea' id='block_1_54' title="bbox 221 5265 1840 5336">
    <p class='ocr_par' dir='ltr' id='par_1_54' title="bbox 221 5265 1840 5336">
     <span class='ocr_line' id='line_1_54' title="bbox 221 5265 1840 5336; baseline -0.002 -14"><span class='ocrx_word' id='word_1_379' title='bbox 221 5266 498 5322; x_wconf 86' lang='lat' dir='ltr'><strong>videntes</strong></span> <span class='ocrx_word' id='word_1_380' title='bbox 538 5265 854 5320; x_wconf 88' lang='lat' dir='ltr'><strong>miraculum</strong></span> <span class='ocrx_word' id='word_1_381' title='bbox 899 5268 1216 5336; x_wconf 77' lang='lat' dir='ltr'><strong>stupefacta:</strong></span> <span class='ocrx_word' id='word_1_382' title='bbox 1259 5274 1383 5320; x_wconf 90' lang='lat' dir='ltr'><strong>sunt</strong></span> <span class='ocrx_word' id='word_1_383' title='bbox 1427 5265 1478 5319; x_wconf 92' lang='lat' dir='ltr'><strong>in</strong></span> <span class='ocrx_word' id='word_1_384' title='bbox 1512 5281 1568 5318; x_wconf 85' lang='lat' dir='ltr'><strong>re</strong></span> <span class='ocrx_word' id='word_1_385' title='bbox 1597 5279 1716 5334; x_wconf 69' lang='lat' dir='ltr'><strong>qua)</strong></span> <span class='ocrx_word' id='word_1_386' title='bbox 1747 5279 1840 5320; x_wconf 86' lang='lat' dir='ltr'><strong>ac-</strong></span> 
     </span>
    </p>
   </div>
   <div class='ocr_carea' id='block_1_55' title="bbox 219 5358 1833 5429">
    <p class='ocr_par' dir='ltr' id='par_1_55' title="bbox 219 5358 1833 5429">
     <span class='ocr_line' id='line_1_55' title="bbox 219 5358 1833 5429; baseline -0.004 -14"><span class='ocrx_word' id='word_1_387' title='bbox 219 5358 477 5416; x_wconf 82' lang='lat' dir='ltr'><strong>ciderat.</strong></span> <span class='ocrx_word' id='word_1_388' title='bbox 523 5358 665 5414; x_wconf 88' lang='lat' dir='ltr'><strong>I‘unc</strong></span> <span class='ocrx_word' id='word_1_389' title='bbox 705 5358 1026 5414; x_wconf 86' lang='lat' dir='ltr'><strong>venerabilis</strong></span> <span class='ocrx_word' id='word_1_390' title='bbox 1057 5359 1405 5429; x_wconf 86' lang='lat' dir='ltr'><strong>materjubct</strong></span> <span class='ocrx_word' id='word_1_391' title='bbox 1430 5359 1497 5414; x_wconf 89' lang='lat' dir='ltr'><strong>ad</strong></span> <span class='ocrx_word' id='word_1_392' title='bbox 1535 5360 1638 5414; x_wconf 90' lang='lat' dir='ltr'><strong>hoc</strong></span> <span class='ocrx_word' id='word_1_393' title='bbox 1671 5358 1833 5413; x_wconf 88' lang='lat' dir='ltr'><strong>mira-</strong></span> 
     </span>
    </p>
   </div>
   <div class='ocr_carea' id='block_1_56' title="bbox 217 5450 1836 5522">
    <p class='ocr_par' dir='ltr' id='par_1_56' title="bbox 217 5450 1836 5522">
     <span class='ocr_line' id='line_1_56' title="bbox 217 5450 1836 5522; baseline -0.001 -14"><span class='ocrx_word' id='word_1_394' title='bbox 217 5450 347 5508; x_wconf 85' lang='lat' dir='ltr'><strong>culi</strong></span> <span class='ocrx_word' id='word_1_395' title='bbox 389 5467 578 5522; x_wconf 85' lang='lat' dir='ltr'><strong>genus,</strong></span> <span class='ocrx_word' id='word_1_396' title='bbox 613 5460 671 5506; x_wconf 91' lang='lat' dir='ltr'><strong>ut</strong></span> <span class='ocrx_word' id='word_1_397' title='bbox 698 5452 780 5505; x_wconf 91' lang='lat' dir='ltr'><strong>vir</strong></span> <span class='ocrx_word' id='word_1_398' title='bbox 811 5450 900 5507; x_wconf 87' lang='lat' dir='ltr'><strong>Dei</strong></span> <span class='ocrx_word' id='word_1_399' title='bbox 937 5450 1098 5506; x_wconf 86' lang='lat' dir='ltr'><strong>Italus</strong></span> <span class='ocrx_word' id='word_1_400' title='bbox 1141 5453 1446 5522; x_wconf 88' lang='lat' dir='ltr'><strong>presbyter,</strong></span> <span class='ocrx_word' id='word_1_401' title='bbox 1499 5461 1662 5522; x_wconf 88' lang='lat' dir='ltr'><strong>atque</strong></span> <span class='ocrx_word' id='word_1_402' title='bbox 1689 5451 1836 5521; x_wconf 85' lang='lat' dir='ltr'><strong>ejus-</strong></span> 
     </span>
    </p>
   </div>
   <div class='ocr_carea' id='block_1_57' title="bbox 220 5543 1836 5615">
    <p class='ocr_par' dir='ltr' id='par_1_57' title="bbox 220 5543 1836 5615">
     <span class='ocr_line' id='line_1_57' title="bbox 220 5543 1836 5615; baseline -0.002 -14"><span class='ocrx_word' id='word_1_403' title='bbox 220 5545 372 5601; x_wconf 88' lang='lat' dir='ltr'><strong>dem</strong></span> <span class='ocrx_word' id='word_1_404' title='bbox 409 5545 643 5600; x_wconf 74' lang='lat' dir='ltr'><strong>ctenobii</strong></span> <span class='ocrx_word' id='word_1_405' title='bbox 673 5545 1012 5615; x_wconf 66' lang='lat' dir='ltr'><strong>praepositus,</strong></span> <span class='ocrx_word' id='word_1_406' title='bbox 1044 5543 1506 5614; x_wconf 87' lang='lat' dir='ltr'><strong>contemplaturus</strong></span> <span class='ocrx_word' id='word_1_407' title='bbox 1533 5543 1836 5600; x_wconf 88' lang='lat' dir='ltr'><strong>accederet.</strong></span> 
     </span>
    </p>
   </div>
   <div class='ocr_carea' id='block_1_58' title="bbox 219 5637 1839 5710">
    <p class='ocr_par' dir='ltr' id='par_1_58' title="bbox 219 5637 1839 5710">
     <span class='ocr_line' id='line_1_58' title="bbox 219 5637 1839 5710; baseline -0.002 -15"><span class='ocrx_word' id='word_1_408' title='bbox 219 5639 339 5695; x_wconf 79' lang='lat' dir='ltr'><strong>Vir</strong></span> <span class='ocrx_word' id='word_1_409' title='bbox 380 5647 562 5694; x_wconf 89' lang='lat' dir='ltr'><strong>autem</strong></span> <span class='ocrx_word' id='word_1_410' title='bbox 605 5641 698 5694; x_wconf 88' lang='lat' dir='ltr'><strong>Dei</strong></span> <span class='ocrx_word' id='word_1_411' title='bbox 734 5656 854 5696; x_wconf 91' lang='lat' dir='ltr'><strong>cum</strong></span> <span class='ocrx_word' id='word_1_412' title='bbox 892 5637 1159 5710; x_wconf 74' lang='lat' dir='ltr'><strong>affuisset,</strong></span> <span class='ocrx_word' id='word_1_413' title='bbox 1209 5637 1396 5693; x_wconf 88' lang='lat' dir='ltr'><strong>videns</strong></span> <span class='ocrx_word' id='word_1_414' title='bbox 1427 5637 1616 5693; x_wconf 90' lang='lat' dir='ltr'><strong>cellam</strong></span> <span class='ocrx_word' id='word_1_415' title='bbox 1659 5637 1839 5707; x_wconf 86' lang='lat' dir='ltr'><strong>frago-</strong></span> 
     </span>
    </p>
   </div>
   <div class='ocr_carea' id='block_1_59' title="bbox 223 5728 1838 5801">
    <p class='ocr_par' dir='ltr' id='par_1_59' title="bbox 223 5728 1838 5801">
     <span class='ocr_line' id='line_1_59' title="bbox 223 5728 1838 5801; baseline -0.004 -13"><span class='ocrx_word' id='word_1_416' title='bbox 223 5732 408 5788; x_wconf 83' lang='lat' dir='ltr'><strong>ribus</strong></span> <span class='ocrx_word' id='word_1_417' title='bbox 433 5747 533 5787; x_wconf 89' lang='lat' dir='ltr'><strong>nec</strong></span> <span class='ocrx_word' id='word_1_418' title='bbox 554 5731 794 5787; x_wconf 88' lang='lat' dir='ltr'><strong>dirutam.</strong></span> <span class='ocrx_word' id='word_1_419' title='bbox 814 5733 911 5798; x_wconf 75' lang='lat' dir='ltr'><strong>sed</strong></span> <span class='ocrx_word' id='word_1_420' title='bbox 937 5733 1160 5788; x_wconf 69' lang='lat' dir='ltr'><strong>illaesam</strong></span> <span class='ocrx_word' id='word_1_421' title='bbox 1189 5739 1618 5801; x_wconf 89' lang='lat' dir='ltr'><strong>permanentem,</strong></span> <span class='ocrx_word' id='word_1_422' title='bbox 1645 5728 1838 5784; x_wconf 85' lang='lat' dir='ltr'><strong>uberes</strong></span> 
     </span>
    </p>
   </div>
   <div class='ocr_carea' id='block_1_60' title="bbox 224 5812 1838 5900">
    <p class='ocr_par' dir='ltr' id='par_1_60' title="bbox 224 5812 1838 5900">
     <span class='ocr_line' id='line_1_60' title="bbox 224 5812 1838 5900; baseline 0 -16"><span class='ocrx_word' id='word_1_423' title='bbox 224 5827 368 5890; x_wconf 83' lang='lat' dir='ltr'><strong>Deo</strong></span> <span class='ocrx_word' id='word_1_424' title='bbox 427 5827 628 5898; x_wconf 79' lang='lat' dir='ltr'><strong>gratias</strong></span> <span class='ocrx_word' id='word_1_425' title='bbox 686 5812 870 5882; x_wconf 88' lang='lat' dir='ltr'><strong>retulit</strong></span> <span class='ocrx_word' id='word_1_426' title='bbox 923 5826 1264 5900; x_wconf 87' lang='lat' dir='ltr'><strong>perpendens</strong></span> <span class='ocrx_word' id='word_1_427' title='bbox 1312 5834 1570 5900; x_wconf 54' lang='lat' dir='ltr'><strong>meritum,</strong></span> <span class='ocrx_word' id='word_1_428' title='bbox 1610 5821 1838 5894; x_wconf 78' lang='lat' dir='ltr'><strong>matris.</strong></span> 
     </span>
    </p>
   </div>
   <div class='ocr_carea' id='block_1_61' title="bbox 1922 553 3396 622">
    <p class='ocr_par' dir='ltr' id='par_1_61' title="bbox 1922 553 3396 622">
     <span class='ocr_line' id='line_1_61' title="bbox 1922 553 3396 622; baseline 0.01 -15"><span class='ocrx_word' id='word_1_429' title='bbox 1922 568 2042 608; x_wconf 92' lang='lat' dir='ltr'><strong>rum</strong></span> <span class='ocrx_word' id='word_1_430' title='bbox 2069 555 2323 612; x_wconf 87' lang='lat' dir='ltr'><strong>charitati</strong></span> <span class='ocrx_word' id='word_1_431' title='bbox 2359 553 2586 614; x_wconf 85' lang='lat' dir='ltr'><strong>ferventi</strong></span> <span class='ocrx_word' id='word_1_432' title='bbox 2617 560 2782 615; x_wconf 90' lang='lat' dir='ltr'><strong>etiam</strong></span> <span class='ocrx_word' id='word_1_433' title='bbox 2815 559 3082 618; x_wconf 87' lang='lat' dir='ltr'><strong>elementa</strong></span> <span class='ocrx_word' id='word_1_434' title='bbox 3105 565 3396 622; x_wconf 90' lang='lat' dir='ltr'><strong>servirent.</strong></span> 
     </span>
    </p>
   </div>
   <div class='ocr_carea' id='block_1_62' title="bbox 2528 718 2948 815">
    <p class='ocr_par' dir='ltr' id='par_1_62' title="bbox 2528 718 2948 815">
     <span class='ocr_line' id='line_1_62' title="bbox 2528 718 2948 815; baseline 0 -41"><span class='ocrx_word' id='word_1_435' title='bbox 2528 718 2756 776; x_wconf 84' lang='lat' dir='ltr'><strong>CAPUT</strong></span> <span class='ocrx_word' id='word_1_436' title='bbox 2797 719 2908 775; x_wconf 81' lang='lat' dir='ltr'>XII.</span> <span class='ocrx_word' id='word_1_437' title='bbox 2935 791 2948 815; x_wconf 51' lang='grc' dir='ltr'><strong><em>ι</em></strong></span> 
     </span>
    </p>
   </div>
   <div class='ocr_carea' id='block_1_63' title="bbox 1993 826 3510 911">
    <p class='ocr_par' dir='ltr' id='par_1_63' title="bbox 1993 826 3510 911">
     <span class='ocr_line' id='line_1_63' title="bbox 1993 826 3510 911; baseline 0.015 -32"><span class='ocrx_word' id='word_1_438' title='bbox 1993 826 2234 894; x_wconf 88' lang='lat' dir='ltr'><strong>Quadam</strong></span> <span class='ocrx_word' id='word_1_439' title='bbox 2271 831 2501 902; x_wconf 90' lang='lat' dir='ltr'><strong>denique</strong></span> <span class='ocrx_word' id='word_1_440' title='bbox 2541 833 2629 891; x_wconf 90' lang='lat' dir='ltr'><strong>die</strong></span> <span class='ocrx_word' id='word_1_441' title='bbox 2673 850 2796 891; x_wconf 92' lang='lat' dir='ltr'><strong>cum</strong></span> <span class='ocrx_word' id='word_1_442' title='bbox 2847 845 3002 892; x_wconf 84' lang='lat' dir='ltr'><strong>extra</strong></span> <span class='ocrx_word' id='word_1_443' title='bbox 3046 853 3261 894; x_wconf 89' lang='lat' dir='ltr'><strong>murum</strong></span> <span class='ocrx_word' id='word_1_444' title='bbox 3302 837 3510 911; x_wconf 78' lang='lat' dir='ltr'><strong>oppidi.</strong></span> 
     </span>
    </p>
   </div>
   <div class='ocr_carea' id='block_1_64' title="bbox 1921 917 3510 1004">
    <p class='ocr_par' dir='ltr' id='par_1_64' title="bbox 1921 917 3510 1004">
     <span class='ocr_line' id='line_1_64' title="bbox 1921 917 3510 1004; baseline 0.011 -32"><span class='ocrx_word' id='word_1_445' title='bbox 1921 917 2063 973; x_wconf 89' lang='lat' dir='ltr'><strong>infra</strong></span> <span class='ocrx_word' id='word_1_446' title='bbox 2087 920 2324 976; x_wconf 89' lang='lat' dir='ltr'><strong>claustra</strong></span> <span class='ocrx_word' id='word_1_447' title='bbox 2359 931 2536 979; x_wconf 89' lang='lat' dir='ltr'><strong>tamen</strong></span> <span class='ocrx_word' id='word_1_448' title='bbox 2568 929 2800 984; x_wconf 87' lang='lat' dir='ltr'><strong>coenobii</strong></span> <span class='ocrx_word' id='word_1_449' title='bbox 2829 931 3015 987; x_wconf 84' lang='lat' dir='ltr'><strong>aestivo</strong></span> <span class='ocrx_word' id='word_1_450' title='bbox 3043 940 3288 1004; x_wconf 90' lang='lat' dir='ltr'><strong>tempore</strong></span> <span class='ocrx_word' id='word_1_451' title='bbox 3315 933 3510 998; x_wconf 81' lang='lat' dir='ltr'><strong>deam-</strong></span> 
     </span>
    </p>
   </div>
   <div class='ocr_carea' id='block_1_65' title="bbox 1921 1012 3564 1083">
    <p class='ocr_par' dir='ltr' id='par_1_65' title="bbox 1921 1012 3564 1083">
     <span class='ocr_line' id='line_1_65' title="bbox 1921 1012 3564 1083; baseline 0.01 -17"><span class='ocrx_word' id='word_1_452' title='bbox 1921 1012 2158 1080; x_wconf 88' lang='lat' dir='ltr'><strong>bularet,</strong></span> <span class='ocrx_word' id='word_1_453' title='bbox 2196 1015 2330 1069; x_wconf 90' lang='lat' dir='ltr'><strong>vidit</strong></span> <span class='ocrx_word' id='word_1_454' title='bbox 2379 1016 2766 1075; x_wconf 82' lang='lat' dir='ltr'><strong>Landefridum</strong></span> <span class='ocrx_word' id='word_1_455' title='bbox 2814 1024 3136 1081; x_wconf 86' lang='lat' dir='ltr'><strong>monachum</strong></span> <span class='ocrx_word' id='word_1_456' title='bbox 3173 1042 3329 1083; x_wconf 87' lang='lat' dir='ltr'><strong>suum</strong></span> <span class='ocrx_word' id='word_1_457' title='bbox 3378 1029 3512 1082; x_wconf 84' lang='lat' dir='ltr'><strong>hor-</strong></span> <span class='ocrx_word' id='word_1_458' title='bbox 3557 1015 3564 1020; x_wconf 52' lang='grc'><strong>’</strong></span> 
     </span>
    </p>
   </div>
   <div class='ocr_carea' id='block_1_66' title="bbox 1925 1104 3511 1188">
    <p class='ocr_par' dir='ltr' id='par_1_66' title="bbox 1925 1104 3511 1188">
     <span class='ocr_line' id='line_1_66' title="bbox 1925 1104 3511 1188; baseline 0.01 -30"><span class='ocrx_word' id='word_1_459' title='bbox 1925 1104 2166 1160; x_wconf 77' lang='lat' dir='ltr'><strong>tulanum</strong></span> <span class='ocrx_word' id='word_1_460' title='bbox 2205 1107 2258 1162; x_wconf 93' lang='lat' dir='ltr'><strong>in</strong></span> <span class='ocrx_word' id='word_1_461' title='bbox 2293 1109 2434 1164; x_wconf 92' lang='lat' dir='ltr'><strong>horti</strong></span> <span class='ocrx_word' id='word_1_462' title='bbox 2479 1111 2706 1181; x_wconf 85' lang='lat' dir='ltr'><strong>ambitu,</strong></span> <span class='ocrx_word' id='word_1_463' title='bbox 2742 1116 2924 1171; x_wconf 89' lang='lat' dir='ltr'><strong>nescio</strong></span> <span class='ocrx_word' id='word_1_464' title='bbox 2960 1117 3088 1188; x_wconf 88' lang='lat' dir='ltr'><strong>quid</strong></span> <span class='ocrx_word' id='word_1_465' title='bbox 3121 1119 3285 1176; x_wconf 90' lang='lat' dir='ltr'><strong>oleris</strong></span> <span class='ocrx_word' id='word_1_466' title='bbox 3323 1135 3511 1184; x_wconf 87' lang='lat' dir='ltr'><strong>causa,</strong></span> 
     </span>
    </p>
   </div>
   <div class='ocr_carea' id='block_1_67' title="bbox 1926 1195 3515 1274">
    <p class='ocr_par' dir='ltr' id='par_1_67' title="bbox 1926 1195 3515 1274">
     <span class='ocr_line' id='line_1_67' title="bbox 1926 1195 3515 1274; baseline 0.011 -25"><span class='ocrx_word' id='word_1_467' title='bbox 1926 1195 2370 1268; x_wconf 81' lang='lat' dir='ltr'><strong>investigantem,</strong></span> <span class='ocrx_word' id='word_1_468' title='bbox 2411 1199 2627 1256; x_wconf 88' lang='lat' dir='ltr'><strong>innoxia</strong></span> <span class='ocrx_word' id='word_1_469' title='bbox 2667 1203 2914 1274; x_wconf 88' lang='lat' dir='ltr'><strong>gramina</strong></span> <span class='ocrx_word' id='word_1_470' title='bbox 2958 1207 3386 1266; x_wconf 90' lang='lat' dir='ltr'><strong>abscindentem.</strong></span> <span class='ocrx_word' id='word_1_471' title='bbox 3430 1210 3515 1266; x_wconf 87' lang='lat' dir='ltr'><strong>Ad</strong></span> 
     </span>
    </p>
   </div>
   <div class='ocr_carea' id='block_1_68' title="bbox 1923 1293 3514 1376">
    <p class='ocr_par' dir='ltr' id='par_1_68' title="bbox 1923 1293 3514 1376">
     <span class='ocr_line' id='line_1_68' title="bbox 1923 1293 3514 1376; baseline 0.011 -32"><span class='ocrx_word' id='word_1_472' title='bbox 1923 1306 2086 1362; x_wconf 89' lang='lat' dir='ltr'><strong>quem</strong></span> <span class='ocrx_word' id='word_1_473' title='bbox 2137 1293 2238 1348; x_wconf 90' lang='lat' dir='ltr'><strong>sub</strong></span> <span class='ocrx_word' id='word_1_474' title='bbox 2275 1293 2419 1350; x_wconf 88' lang='lat' dir='ltr'><strong>sibili</strong></span> <span class='ocrx_word' id='word_1_475' title='bbox 2466 1311 2598 1351; x_wconf 91' lang='lat' dir='ltr'><strong>voce</strong></span> <span class='ocrx_word' id='word_1_476' title='bbox 2631 1297 2940 1368; x_wconf 90' lang='lat' dir='ltr'><strong>silentique,</strong></span> <span class='ocrx_word' id='word_1_477' title='bbox 2983 1303 3126 1370; x_wconf 92' lang='lat' dir='ltr'><strong>quod</strong></span> <span class='ocrx_word' id='word_1_478' title='bbox 3172 1319 3514 1376; x_wconf 88' lang='lat' dir='ltr'><strong>nequaquam</strong></span> 
     </span>
    </p>
   </div>
   <div class='ocr_carea' id='block_1_69' title="bbox 1925 1383 3512 1464">
    <p class='ocr_par' dir='ltr' id='par_1_69' title="bbox 1925 1383 3512 1464">
     <span class='ocr_line' id='line_1_69' title="bbox 1925 1383 3512 1464; baseline 0.009 -28"><span class='ocrx_word' id='word_1_479' title='bbox 1925 1383 2106 1453; x_wconf 86' lang='lat' dir='ltr'><strong>aliqua</strong></span> <span class='ocrx_word' id='word_1_480' title='bbox 2136 1398 2384 1440; x_wconf 89' lang='lat' dir='ltr'><strong>sororum</strong></span> <span class='ocrx_word' id='word_1_481' title='bbox 2428 1387 2615 1443; x_wconf 87' lang='lat' dir='ltr'><strong>audire</strong></span> <span class='ocrx_word' id='word_1_482' title='bbox 2646 1397 2920 1460; x_wconf 87' lang='lat' dir='ltr'><strong>potuerat,</strong></span> <span class='ocrx_word' id='word_1_483' title='bbox 2951 1390 3028 1446; x_wconf 88' lang='lat' dir='ltr'><strong>ait</strong></span> <span class='ocrx_word' id='word_1_484' title='bbox 3059 1410 3070 1446; x_wconf 92' lang='lat'>:</span> <span class='ocrx_word' id='word_1_485' title='bbox 3099 1392 3280 1461; x_wconf 88' lang='lat' dir='ltr'><strong>Defer,</strong></span> <span class='ocrx_word' id='word_1_486' title='bbox 3315 1396 3512 1464; x_wconf 86' lang='lat' dir='ltr'><strong>inquit,</strong></span> 
     </span>
    </p>
   </div>
   <div class='ocr_carea' id='block_1_70' title="bbox 1924 1475 3516 1552">
    <p class='ocr_par' dir='ltr' id='par_1_70' title="bbox 1924 1475 3516 1552">
     <span class='ocr_line' id='line_1_70' title="bbox 1924 1475 3516 1552; baseline 0.008 -23"><span class='ocrx_word' id='word_1_487' title='bbox 1924 1475 2082 1530; x_wconf 90' lang='lat' dir='ltr'><strong>nobis</strong></span> <span class='ocrx_word' id='word_1_488' title='bbox 2122 1491 2186 1530; x_wconf 90' lang='lat' dir='ltr'><strong>ex</strong></span> <span class='ocrx_word' id='word_1_489' title='bbox 2216 1476 2462 1545; x_wconf 90' lang='lat' dir='ltr'><strong>lactucis,</strong></span> <span class='ocrx_word' id='word_1_490' title='bbox 2491 1479 2657 1552; x_wconf 76' lang='lat'><strong>685</strong></span> <span class='ocrx_word' id='word_1_491' title='bbox 2690 1481 2859 1537; x_wconf 88' lang='lat' dir='ltr'><strong>frater</strong></span> <span class='ocrx_word' id='word_1_492' title='bbox 2887 1481 3231 1540; x_wconf 86' lang='lat' dir='ltr'><strong>Landefride.</strong></span> <span class='ocrx_word' id='word_1_493' title='bbox 3269 1486 3395 1540; x_wconf 86' lang='lat' dir='ltr'><strong>Haec</strong></span> <span class='ocrx_word' id='word_1_494' title='bbox 3425 1486 3516 1542; x_wconf 89' lang='lat' dir='ltr'><strong>illa</strong></span> 
     </span>
    </p>
   </div>
   <div class='ocr_carea' id='block_1_71' title="bbox 1927 1566 3519 1648">
    <p class='ocr_par' dir='ltr' id='par_1_71' title="bbox 1927 1566 3519 1648">
     <span class='ocr_line' id='line_1_71' title="bbox 1927 1566 3519 1648; baseline 0.009 -28"><span class='ocrx_word' id='word_1_495' title='bbox 1927 1566 2200 1624; x_wconf 76' lang='lat' dir='ltr'><strong>iunuendo</strong></span> <span class='ocrx_word' id='word_1_496' title='bbox 2234 1571 2404 1642; x_wconf 86' lang='lat' dir='ltr'><strong>magis</strong></span> <span class='ocrx_word' id='word_1_497' title='bbox 2437 1587 2600 1642; x_wconf 89' lang='lat' dir='ltr'><strong>quam</strong></span> <span class='ocrx_word' id='word_1_498' title='bbox 2641 1573 2910 1644; x_wconf 90' lang='lat' dir='ltr'><strong>loquendo</strong></span> <span class='ocrx_word' id='word_1_499' title='bbox 2957 1577 3172 1632; x_wconf 80' lang='lat' dir='ltr'><strong>affatur.</strong></span> <span class='ocrx_word' id='word_1_500' title='bbox 3211 1577 3338 1634; x_wconf 82' lang='lat' dir='ltr'><strong>Haec</strong></span> <span class='ocrx_word' id='word_1_501' title='bbox 3381 1595 3519 1648; x_wconf 74' lang='lat' dir='ltr'><strong>prae-</strong></span> 
     </span>
    </p>
   </div>
   <div class='ocr_carea' id='block_1_72' title="bbox 1923 1656 3518 1742">
    <p class='ocr_par' dir='ltr' id='par_1_72' title="bbox 1923 1656 3518 1742">
     <span class='ocr_line' id='line_1_72' title="bbox 1923 1656 3518 1742; baseline 0.009 -31"><span class='ocrx_word' id='word_1_502' title='bbox 1923 1656 2070 1716; x_wconf 85' lang='lat' dir='ltr'><strong>fatus</strong></span> <span class='ocrx_word' id='word_1_503' title='bbox 2096 1660 2266 1717; x_wconf 91' lang='lat' dir='ltr'><strong>frater</strong></span> <span class='ocrx_word' id='word_1_504' title='bbox 2285 1679 2512 1720; x_wconf 89' lang='lat' dir='ltr'><strong>narrare</strong></span> <span class='ocrx_word' id='word_1_505' title='bbox 2534 1678 2892 1724; x_wconf 89' lang='lat' dir='ltr'><strong>consueverat</strong></span> <span class='ocrx_word' id='word_1_506' title='bbox 2914 1669 3007 1739; x_wconf 90' lang='lat' dir='ltr'><strong>qui</strong></span> <span class='ocrx_word' id='word_1_507' title='bbox 3038 1671 3214 1726; x_wconf 89' lang='lat' dir='ltr'><strong>adhuc</strong></span> <span class='ocrx_word' id='word_1_508' title='bbox 3243 1682 3518 1742; x_wconf 89' lang='lat' dir='ltr'><strong>superest.</strong></span> 
     </span>
    </p>
   </div>
   <div class='ocr_carea' id='block_1_73' title="bbox 1925 1751 3520 1830">
    <p class='ocr_par' dir='ltr' id='par_1_73' title="bbox 1925 1751 3520 1830">
     <span class='ocr_line' id='line_1_73' title="bbox 1925 1751 3520 1830; baseline 0.009 -25"><span class='ocrx_word' id='word_1_509' title='bbox 1925 1751 2121 1807; x_wconf 84' lang='lat' dir='ltr'><strong>Mirum</strong></span> <span class='ocrx_word' id='word_1_510' title='bbox 2155 1754 2335 1810; x_wconf 76' lang='lat' dir='ltr'><strong>dictu!</strong></span> <span class='ocrx_word' id='word_1_511' title='bbox 2375 1755 2484 1812; x_wconf 82' lang='lat' dir='ltr'><strong>Vox</strong></span> <span class='ocrx_word' id='word_1_512' title='bbox 2518 1775 2637 1829; x_wconf 78' lang='lat' dir='ltr'><strong>qua:</strong></span> <span class='ocrx_word' id='word_1_513' title='bbox 2663 1775 2830 1830; x_wconf 83' lang='lat' dir='ltr'><strong>parvo</strong></span> <span class='ocrx_word' id='word_1_514' title='bbox 2863 1761 3102 1816; x_wconf 88' lang='lat' dir='ltr'><strong>anhelitu</strong></span> <span class='ocrx_word' id='word_1_515' title='bbox 3140 1774 3196 1818; x_wconf 93' lang='lat' dir='ltr'><strong>ct</strong></span> <span class='ocrx_word' id='word_1_516' title='bbox 3228 1763 3377 1819; x_wconf 92' lang='lat' dir='ltr'><strong>nullo</strong></span> <span class='ocrx_word' id='word_1_517' title='bbox 3409 1763 3520 1819; x_wconf 92' lang='lat' dir='ltr'><strong>alio</strong></span> 
     </span>
    </p>
   </div>
   <div class='ocr_carea' id='block_1_74' title="bbox 1856 1833 3518 1918">
    <p class='ocr_par' dir='ltr' id='par_1_74' title="bbox 1856 1833 3518 1918">
     <span class='ocr_line' id='line_1_74' title="bbox 1856 1833 3518 1918; baseline 0.008 -21"><span class='ocrx_word' id='word_1_518' title='bbox 1856 1833 1900 1890; x_wconf 87' lang='grc' dir='ltr'>Β</span> <span class='ocrx_word' id='word_1_519' title='bbox 1926 1844 2182 1900; x_wconf 87' lang='lat' dir='ltr'><strong>audiente</strong></span> <span class='ocrx_word' id='word_1_520' title='bbox 2227 1848 2428 1904; x_wconf 87' lang='lat' dir='ltr'><strong>emissa</strong></span> <span class='ocrx_word' id='word_1_521' title='bbox 2483 1849 2678 1918; x_wconf 88' lang='lat' dir='ltr'><strong>fuerat,</strong></span> <span class='ocrx_word' id='word_1_522' title='bbox 2718 1852 2770 1906; x_wconf 91' lang='lat' dir='ltr'><strong>in</strong></span> <span class='ocrx_word' id='word_1_523' title='bbox 2812 1868 2970 1908; x_wconf 91' lang='lat' dir='ltr'><strong>aures</strong></span> <span class='ocrx_word' id='word_1_524' title='bbox 3003 1853 3187 1910; x_wconf 90' lang='lat' dir='ltr'><strong>fratris</strong></span> <span class='ocrx_word' id='word_1_525' title='bbox 3226 1855 3518 1912; x_wconf 87' lang='lat' dir='ltr'><strong>admodum</strong></span> 
     </span>
    </p>
   </div>
   <div class='ocr_carea' id='block_1_75' title="bbox 1923 1937 3517 2017">
    <p class='ocr_par' dir='ltr' id='par_1_75' title="bbox 1923 1937 3517 2017">
     <span class='ocr_line' id='line_1_75' title="bbox 1923 1937 3517 2017; baseline 0.007 -27"><span class='ocrx_word' id='word_1_526' title='bbox 1923 1937 2206 2006; x_wconf 89' lang='lat' dir='ltr'><strong>pervenit,</strong></span> <span class='ocrx_word' id='word_1_527' title='bbox 2263 1941 2418 2011; x_wconf 90' lang='lat' dir='ltr'><strong>quasi</strong></span> <span class='ocrx_word' id='word_1_528' title='bbox 2463 1941 2514 1996; x_wconf 91' lang='lat' dir='ltr'><strong>in</strong></span> <span class='ocrx_word' id='word_1_529' title='bbox 2569 1945 2856 2014; x_wconf 81' lang='lat' dir='ltr'><strong>praesentia</strong></span> <span class='ocrx_word' id='word_1_530' title='bbox 2907 1945 3090 2001; x_wconf 89' lang='lat' dir='ltr'><strong>fratris</strong></span> <span class='ocrx_word' id='word_1_531' title='bbox 3143 1947 3312 2017; x_wconf 91' lang='lat' dir='ltr'><strong>ipsius</strong></span> <span class='ocrx_word' id='word_1_532' title='bbox 3371 1948 3517 2003; x_wconf 90' lang='lat' dir='ltr'><strong>dicta</strong></span> 
     </span>
    </p>
   </div>
   <div class='ocr_carea' id='block_1_76' title="bbox 1925 2029 3518 2112">
    <p class='ocr_par' dir='ltr' id='par_1_76' title="bbox 1925 2029 3518 2112">
     <span class='ocr_line' id='line_1_76' title="bbox 1925 2029 3518 2112; baseline 0.009 -28"><span class='ocrx_word' id='word_1_533' title='bbox 1925 2029 2135 2087; x_wconf 90' lang='lat' dir='ltr'><strong>fuisset.</strong></span> <span class='ocrx_word' id='word_1_534' title='bbox 2166 2033 2300 2089; x_wconf 90' lang='lat' dir='ltr'><strong>Erat</strong></span> <span class='ocrx_word' id='word_1_535' title='bbox 2327 2045 2508 2090; x_wconf 92' lang='lat' dir='ltr'><strong>autem</strong></span> <span class='ocrx_word' id='word_1_536' title='bbox 2534 2038 2766 2108; x_wconf 87' lang='lat' dir='ltr'><strong>spatium</strong></span> <span class='ocrx_word' id='word_1_537' title='bbox 2796 2039 2941 2095; x_wconf 90' lang='lat' dir='ltr'><strong>inter</strong></span> <span class='ocrx_word' id='word_1_538' title='bbox 2969 2041 3113 2112; x_wconf 92' lang='lat' dir='ltr'><strong>ipsos</strong></span> <span class='ocrx_word' id='word_1_539' title='bbox 3143 2041 3299 2112; x_wconf 91' lang='lat' dir='ltr'><strong>quasi</strong></span> <span class='ocrx_word' id='word_1_540' title='bbox 3326 2041 3518 2099; x_wconf 84' lang='lat' dir='ltr'><strong>stadiis</strong></span> 
     </span>
    </p>
   </div>
   <div class='ocr_carea' id='block_1_77' title="bbox 1925 2129 2580 2199">
    <p class='ocr_par' dir='ltr' id='par_1_77' title="bbox 1925 2129 2580 2199">
     <span class='ocr_line' id='line_1_77' title="bbox 1925 2129 2580 2199; baseline 0.009 -21"><span class='ocrx_word' id='word_1_541' title='bbox 1925 2135 2178 2192; x_wconf 87' lang='lat' dir='ltr'><strong>quatuor,</strong></span> <span class='ocrx_word' id='word_1_542' title='bbox 2209 2135 2302 2182; x_wconf 87' lang='lat' dir='ltr'><strong>aut</strong></span> <span class='ocrx_word' id='word_1_543' title='bbox 2329 2129 2580 2199; x_wconf 90' lang='lat' dir='ltr'><strong>amplius.</strong></span> 
     </span>
    </p>
   </div>
   <div class='ocr_carea' id='block_1_78' title="bbox 2499 2267 2917 2325">
    <p class='ocr_par' dir='ltr' id='par_1_78' title="bbox 2499 2267 2917 2325">
     <span class='ocr_line' id='line_1_78' title="bbox 2499 2267 2917 2325; baseline 0.005 -3"><span class='ocrx_word' id='word_1_544' title='bbox 2499 2267 2728 2325; x_wconf 84' lang='lat' dir='ltr'><strong>CAPUT</strong></span> <span class='ocrx_word' id='word_1_545' title='bbox 2782 2268 2917 2324; x_wconf 83' lang='lat' dir='ltr'>XIII.</span> 
     </span>
    </p>
   </div>
   <div class='ocr_carea' id='block_1_79' title="bbox 1994 2357 3518 2434">
    <p class='ocr_par' dir='ltr' id='par_1_79' title="bbox 1994 2357 3518 2434">
     <span class='ocr_line' id='line_1_79' title="bbox 1994 2357 3518 2434; baseline 0.005 -22"><span class='ocrx_word' id='word_1_546' title='bbox 1994 2357 2206 2415; x_wconf 76' lang='lat' dir='ltr'><strong>Accidit</strong></span> <span class='ocrx_word' id='word_1_547' title='bbox 2236 2375 2448 2431; x_wconf 89' lang='lat' dir='ltr'><strong>quoque</strong></span> <span class='ocrx_word' id='word_1_548' title='bbox 2466 2368 2522 2416; x_wconf 90' lang='lat' dir='ltr'><strong>et</strong></span> <span class='ocrx_word' id='word_1_549' title='bbox 2549 2359 2694 2416; x_wconf 88' lang='lat' dir='ltr'><strong>aliud</strong></span> <span class='ocrx_word' id='word_1_550' title='bbox 2725 2362 2970 2418; x_wconf 90' lang='lat' dir='ltr'><strong>miraculi</strong></span> <span class='ocrx_word' id='word_1_551' title='bbox 3003 2378 3192 2434; x_wconf 87' lang='lat' dir='ltr'><strong>genus.</strong></span> <span class='ocrx_word' id='word_1_552' title='bbox 3225 2363 3360 2419; x_wconf 89' lang='lat' dir='ltr'><strong>Cum</strong></span> <span class='ocrx_word' id='word_1_553' title='bbox 3383 2379 3518 2434; x_wconf 82' lang='lat' dir='ltr'><strong>quo-</strong></span> 
     </span>
    </p>
   </div>
   <div class='ocr_carea' id='block_1_80' title="bbox 1925 2447 3519 2526">
    <p class='ocr_par' dir='ltr' id='par_1_80' title="bbox 1925 2447 3519 2526">
     <span class='ocr_line' id='line_1_80' title="bbox 1925 2447 3519 2526; baseline 0.006 -23"><span class='ocrx_word' id='word_1_554' title='bbox 1925 2447 2049 2505; x_wconf 90' lang='lat' dir='ltr'><strong>dam</strong></span> <span class='ocrx_word' id='word_1_555' title='bbox 2091 2459 2332 2522; x_wconf 91' lang='lat' dir='ltr'><strong>tempore</strong></span> <span class='ocrx_word' id='word_1_556' title='bbox 2362 2454 2414 2508; x_wconf 90' lang='lat' dir='ltr'><strong>in</strong></span> <span class='ocrx_word' id='word_1_557' title='bbox 2452 2453 2699 2522; x_wconf 73' lang='lat' dir='ltr'><strong>coquina:</strong></span> <span class='ocrx_word' id='word_1_558' title='bbox 2737 2453 2934 2522; x_wconf 81' lang='lat' dir='ltr'><strong>cilicio,</strong></span> <span class='ocrx_word' id='word_1_559' title='bbox 2979 2465 3038 2511; x_wconf 79' lang='lat' dir='ltr'><strong>ut</strong></span> <span class='ocrx_word' id='word_1_560' title='bbox 3063 2471 3182 2512; x_wconf 93' lang='lat' dir='ltr'><strong>mos</strong></span> <span class='ocrx_word' id='word_1_561' title='bbox 3210 2467 3352 2526; x_wconf 89' lang='lat' dir='ltr'><strong>erat,</strong></span> <span class='ocrx_word' id='word_1_562' title='bbox 3384 2457 3519 2512; x_wconf 87' lang='lat' dir='ltr'><strong>heb-</strong></span> 
     </span>
    </p>
   </div>
   <div class='ocr_carea' id='block_1_81' title="bbox 1925 2542 3518 2620">
    <p class='ocr_par' dir='ltr' id='par_1_81' title="bbox 1925 2542 3518 2620">
     <span class='ocr_line' id='line_1_81' title="bbox 1925 2542 3518 2620; baseline 0.004 -22"><span class='ocrx_word' id='word_1_563' title='bbox 1925 2542 2211 2599; x_wconf 90' lang='lat' dir='ltr'><strong>domadam</strong></span> <span class='ocrx_word' id='word_1_564' title='bbox 2249 2561 2402 2601; x_wconf 90' lang='lat' dir='ltr'><strong>suam</strong></span> <span class='ocrx_word' id='word_1_565' title='bbox 2451 2547 2730 2603; x_wconf 89' lang='lat' dir='ltr'><strong>sororibus</strong></span> <span class='ocrx_word' id='word_1_566' title='bbox 2774 2549 3094 2617; x_wconf 87' lang='lat' dir='ltr'><strong>deserviret,</strong></span> <span class='ocrx_word' id='word_1_567' title='bbox 3149 2559 3202 2606; x_wconf 91' lang='lat' dir='ltr'><strong>et</strong></span> <span class='ocrx_word' id='word_1_568' title='bbox 3248 2550 3518 2620; x_wconf 86' lang='lat' dir='ltr'><strong>pisciculi,</strong></span> 
     </span>
    </p>
   </div>
   <div class='ocr_carea' id='block_1_82' title="bbox 1925 2635 3523 2711">
    <p class='ocr_par' dir='ltr' id='par_1_82' title="bbox 1925 2635 3523 2711">
     <span class='ocr_line' id='line_1_82' title="bbox 1925 2635 3523 2711; baseline 0.004 -22"><span class='ocrx_word' id='word_1_569' title='bbox 1925 2635 2008 2690; x_wconf 90' lang='lat' dir='ltr'><strong>vel</strong></span> <span class='ocrx_word' id='word_1_570' title='bbox 2061 2635 2163 2691; x_wconf 90' lang='lat' dir='ltr'><strong>alia</strong></span> <span class='ocrx_word' id='word_1_571' title='bbox 2217 2638 2473 2708; x_wconf 67' lang='lat' dir='ltr'><strong>quaelibet</strong></span> <span class='ocrx_word' id='word_1_572' title='bbox 2518 2639 2839 2696; x_wconf 89' lang='lat' dir='ltr'><strong>monasticis</strong></span> <span class='ocrx_word' id='word_1_573' title='bbox 2885 2639 3072 2696; x_wconf 89' lang='lat' dir='ltr'><strong>usibus</strong></span> <span class='ocrx_word' id='word_1_574' title='bbox 3116 2649 3266 2711; x_wconf 89' lang='lat' dir='ltr'><strong>apta,</strong></span> <span class='ocrx_word' id='word_1_575' title='bbox 3299 2641 3523 2696; x_wconf 82' lang='lat' dir='ltr'><strong>minime</strong></span> 
     </span>
    </p>
   </div>
   <div class='ocr_carea' id='block_1_83' title="bbox 1925 2728 3522 2802">
    <p class='ocr_par' dir='ltr' id='par_1_83' title="bbox 1925 2728 3522 2802">
     <span class='ocr_line' id='line_1_83' title="bbox 1925 2728 3522 2802; baseline 0.005 -21"><span class='ocrx_word' id='word_1_576' title='bbox 1925 2735 2292 2796; x_wconf 86' lang='lat' dir='ltr'><strong>suppeterent,</strong></span> <span class='ocrx_word' id='word_1_577' title='bbox 2343 2728 2574 2785; x_wconf 90' lang='lat' dir='ltr'><strong>Basinus</strong></span> <span class='ocrx_word' id='word_1_578' title='bbox 2618 2731 3034 2788; x_wconf 89' lang='lat' dir='ltr'><strong>archidiaconus</strong></span> <span class='ocrx_word' id='word_1_579' title='bbox 3072 2730 3313 2802; x_wconf 85' lang='lat' dir='ltr'><strong>ejusdem</strong></span> <span class='ocrx_word' id='word_1_580' title='bbox 3367 2733 3522 2790; x_wconf 88' lang='lat' dir='ltr'><strong>urbis</strong></span> 
     </span>
    </p>
   </div>
   <div class='ocr_carea' id='block_1_84' title="bbox 1925 2815 3520 2892">
    <p class='ocr_par' dir='ltr' id='par_1_84' title="bbox 1925 2815 3520 2892">
     <span class='ocr_line' id='line_1_84' title="bbox 1925 2815 3520 2892; baseline 0.004 -22"><span class='ocrx_word' id='word_1_581' title='bbox 1925 2815 2069 2871; x_wconf 90' lang='lat' dir='ltr'><strong>domi</strong></span> <span class='ocrx_word' id='word_1_582' title='bbox 2115 2817 2481 2882; x_wconf 86' lang='lat' dir='ltr'><strong>recumbebat,</strong></span> <span class='ocrx_word' id='word_1_583' title='bbox 2521 2827 2576 2874; x_wconf 92' lang='lat' dir='ltr'><strong>et</strong></span> <span class='ocrx_word' id='word_1_584' title='bbox 2613 2834 2740 2875; x_wconf 91' lang='lat' dir='ltr'><strong>ecce</strong></span> <span class='ocrx_word' id='word_1_585' title='bbox 2785 2836 2888 2876; x_wconf 82' lang='lat' dir='ltr'><strong>vox</strong></span> <span class='ocrx_word' id='word_1_586' title='bbox 2919 2819 2974 2875; x_wconf 89' lang='lat' dir='ltr'><strong>in</strong></span> <span class='ocrx_word' id='word_1_587' title='bbox 3017 2836 3180 2879; x_wconf 88' lang='lat' dir='ltr'><strong>aures</strong></span> <span class='ocrx_word' id='word_1_588' title='bbox 3215 2820 3332 2892; x_wconf 89' lang='lat' dir='ltr'><strong>ejus</strong></span> <span class='ocrx_word' id='word_1_589' title='bbox 3368 2822 3520 2878; x_wconf 83' lang='lat' dir='ltr'><strong>inso-</strong></span> 
     </span>
    </p>
   </div>
   <div class='ocr_carea' id='block_1_85' title="bbox 1925 2908 3523 2982">
    <p class='ocr_par' dir='ltr' id='par_1_85' title="bbox 1925 2908 3523 2982">
     <span class='ocr_line' id='line_1_85' title="bbox 1925 2908 3523 2982; baseline 0.002 -20"><span class='ocrx_word' id='word_1_590' title='bbox 1925 2909 2046 2963; x_wconf 90' lang='lat' dir='ltr'><strong>nuit</strong></span> <span class='ocrx_word' id='word_1_591' title='bbox 2086 2908 2319 2965; x_wconf 89' lang='lat' dir='ltr'><strong>dicens:</strong></span> <span class='ocrx_word' id='word_1_592' title='bbox 2362 2909 2512 2966; x_wconf 87' lang='lat' dir='ltr'><strong>Nosti</strong></span> <span class='ocrx_word' id='word_1_593' title='bbox 2567 2911 2712 2981; x_wconf 89' lang='lat' dir='ltr'><strong>quod</strong></span> <span class='ocrx_word' id='word_1_594' title='bbox 2763 2912 3039 2969; x_wconf 85' lang='lat' dir='ltr'><strong>abbatissa</strong></span> <span class='ocrx_word' id='word_1_595' title='bbox 3096 2927 3236 2968; x_wconf 90' lang='lat' dir='ltr'><strong>onus</strong></span> <span class='ocrx_word' id='word_1_596' title='bbox 3275 2912 3523 2982; x_wconf 70' lang='lat' dir='ltr'><strong>coquinae</strong></span> 
     </span>
    </p>
   </div>
   <div class='ocr_carea' id='block_1_86' title="bbox 1926 3001 3523 3074">
    <p class='ocr_par' dir='ltr' id='par_1_86' title="bbox 1926 3001 3523 3074">
     <span class='ocr_line' id='line_1_86' title="bbox 1926 3001 3523 3074; baseline 0.003 -18"><span class='ocrx_word' id='word_1_597' title='bbox 1926 3001 2206 3057; x_wconf 88' lang='lat' dir='ltr'><strong>sororibus</strong></span> <span class='ocrx_word' id='word_1_598' title='bbox 2243 3011 2481 3058; x_wconf 75' lang='lat' dir='ltr'><strong>exercet.</strong></span> <span class='ocrx_word' id='word_1_599' title='bbox 2517 3003 2596 3058; x_wconf 81' lang='lat' dir='ltr'><strong>Ad</strong></span> <span class='ocrx_word' id='word_1_600' title='bbox 2639 3018 2758 3058; x_wconf 87' lang='lat' dir='ltr'><strong>eam</strong></span> <span class='ocrx_word' id='word_1_601' title='bbox 2787 3003 3067 3060; x_wconf 85' lang='lat' dir='ltr'><strong>visendam</strong></span> <span class='ocrx_word' id='word_1_602' title='bbox 3103 3002 3322 3074; x_wconf 87' lang='lat' dir='ltr'><strong>expedit</strong></span> <span class='ocrx_word' id='word_1_603' title='bbox 3347 3013 3400 3059; x_wconf 89' lang='lat' dir='ltr'><strong>te</strong></span> <span class='ocrx_word' id='word_1_604' title='bbox 3429 3004 3523 3060; x_wconf 82' lang='lat' dir='ltr'><strong>de-</strong></span> 
     </span>
    </p>
   </div>
   <div class='ocr_carea' id='block_1_87' title="bbox 1925 3092 3524 3166">
    <p class='ocr_par' dir='ltr' id='par_1_87' title="bbox 1925 3092 3524 3166">
     <span class='ocr_line' id='line_1_87' title="bbox 1925 3092 3524 3166; baseline 0.001 -18"><span class='ocrx_word' id='word_1_605' title='bbox 1925 3092 2056 3148; x_wconf 88' lang='lat' dir='ltr'><strong>bere</strong></span> <span class='ocrx_word' id='word_1_606' title='bbox 2085 3095 2408 3163; x_wconf 90' lang='lat' dir='ltr'><strong>quantocius</strong></span> <span class='ocrx_word' id='word_1_607' title='bbox 2448 3109 2761 3166; x_wconf 88' lang='lat' dir='ltr'><strong>properare.</strong></span> <span class='ocrx_word' id='word_1_608' title='bbox 2814 3094 2921 3150; x_wconf 88' lang='lat' dir='ltr'><strong>Sed</strong></span> <span class='ocrx_word' id='word_1_609' title='bbox 2949 3095 3037 3150; x_wconf 92' lang='lat' dir='ltr'><strong>ille</strong></span> <span class='ocrx_word' id='word_1_610' title='bbox 3079 3094 3249 3151; x_wconf 89' lang='lat' dir='ltr'><strong>levius</strong></span> <span class='ocrx_word' id='word_1_611' title='bbox 3281 3094 3524 3154; x_wconf 88' lang='lat' dir='ltr'><strong>retinens</strong></span> 
     </span>
    </p>
   </div>
   <div class='ocr_carea' id='block_1_88' title="bbox 1851 3184 3514 3258">
    <p class='ocr_par' dir='ltr' id='par_1_88' title="bbox 1851 3184 3514 3258">
     <span class='ocr_line' id='line_1_88' title="bbox 1851 3184 3514 3258; baseline 0.001 -20"><span class='ocrx_word' id='word_1_612' title='bbox 1851 3191 1899 3254; x_wconf 72' lang='grc' dir='ltr'>ο</span> <span class='ocrx_word' id='word_1_613' title='bbox 1928 3184 2186 3257; x_wconf 84' lang='lat' dir='ltr'><strong>neglexit.</strong></span> <span class='ocrx_word' id='word_1_614' title='bbox 2243 3186 2485 3257; x_wconf 88' lang='lat' dir='ltr'><strong>Cumque</strong></span> <span class='ocrx_word' id='word_1_615' title='bbox 2534 3202 2706 3258; x_wconf 89' lang='lat' dir='ltr'><strong>usque</strong></span> <span class='ocrx_word' id='word_1_616' title='bbox 2757 3195 2839 3242; x_wconf 89' lang='lat' dir='ltr'><strong>ter</strong></span> <span class='ocrx_word' id='word_1_617' title='bbox 2895 3187 3087 3243; x_wconf 89' lang='lat' dir='ltr'><strong>fuisset</strong></span> <span class='ocrx_word' id='word_1_618' title='bbox 3154 3186 3464 3242; x_wconf 89' lang='lat' dir='ltr'><strong>admonitus</strong></span> <span class='ocrx_word' id='word_1_619' title='bbox 3497 3227 3514 3250; x_wconf 90' lang='lat'><strong>,</strong></span> 
     </span>
    </p>
   </div>
   <div class='ocr_carea' id='block_1_89' title="bbox 1928 3277 3523 3348">
    <p class='ocr_par' dir='ltr' id='par_1_89' title="bbox 1928 3277 3523 3348">
     <span class='ocr_line' id='line_1_89' title="bbox 1928 3277 3523 3348; baseline -0.001 -15"><span class='ocrx_word' id='word_1_620' title='bbox 1928 3277 2091 3333; x_wconf 87' lang='lat' dir='ltr'><strong>etiam</strong></span> <span class='ocrx_word' id='word_1_621' title='bbox 2119 3277 2338 3348; x_wconf 89' lang='lat' dir='ltr'><strong>insuper</strong></span> <span class='ocrx_word' id='word_1_622' title='bbox 2366 3278 2592 3333; x_wconf 89' lang='lat' dir='ltr'><strong>verbera</strong></span> <span class='ocrx_word' id='word_1_623' title='bbox 2622 3279 2860 3334; x_wconf 91' lang='lat' dir='ltr'><strong>minatur</strong></span> <span class='ocrx_word' id='word_1_624' title='bbox 2897 3279 3174 3334; x_wconf 89' lang='lat' dir='ltr'><strong>adhibere.</strong></span> <span class='ocrx_word' id='word_1_625' title='bbox 3230 3277 3370 3346; x_wconf 83' lang='lat' dir='ltr'><strong>Quid</strong></span> <span class='ocrx_word' id='word_1_626' title='bbox 3395 3293 3523 3348; x_wconf 83' lang='lat' dir='ltr'><strong>age-</strong></span> 
     </span>
    </p>
   </div>
   <div class='ocr_carea' id='block_1_90' title="bbox 1929 3370 3522 3441">
    <p class='ocr_par' dir='ltr' id='par_1_90' title="bbox 1929 3370 3522 3441">
     <span class='ocr_line' id='line_1_90' title="bbox 1929 3370 3522 3441; baseline 0 -15"><span class='ocrx_word' id='word_1_627' title='bbox 1929 3379 2032 3436; x_wconf 90' lang='lat' dir='ltr'><strong>ret,</strong></span> <span class='ocrx_word' id='word_1_628' title='bbox 2062 3371 2190 3441; x_wconf 88' lang='lat' dir='ltr'><strong>quid</strong></span> <span class='ocrx_word' id='word_1_629' title='bbox 2222 3379 2382 3426; x_wconf 72' lang='lat' dir='ltr'><strong>tanta:</strong></span> <span class='ocrx_word' id='word_1_630' title='bbox 2440 3372 2599 3427; x_wconf 91' lang='lat' dir='ltr'><strong>matri</strong></span> <span class='ocrx_word' id='word_1_631' title='bbox 2635 3371 2939 3428; x_wconf 90' lang='lat' dir='ltr'><strong>munusculi</strong></span> <span class='ocrx_word' id='word_1_632' title='bbox 2989 3370 3245 3438; x_wconf 87' lang='lat' dir='ltr'><strong>deferret,</strong></span> <span class='ocrx_word' id='word_1_633' title='bbox 3296 3370 3522 3426; x_wconf 85' lang='lat' dir='ltr'><strong>minime</strong></span> 
     </span>
    </p>
   </div>
   <div class='ocr_carea' id='block_1_91' title="bbox 1930 3463 3522 3536">
    <p class='ocr_par' dir='ltr' id='par_1_91' title="bbox 1930 3463 3522 3536">
     <span class='ocr_line' id='line_1_91' title="bbox 1930 3463 3522 3536; baseline 0.002 -18"><span class='ocrx_word' id='word_1_634' title='bbox 1930 3463 1996 3518; x_wconf 90' lang='lat' dir='ltr'><strong>ad</strong></span> <span class='ocrx_word' id='word_1_635' title='bbox 2028 3463 2398 3534; x_wconf 87' lang='lat' dir='ltr'><strong>hujuscemodi</strong></span> <span class='ocrx_word' id='word_1_636' title='bbox 2449 3481 2583 3535; x_wconf 89' lang='lat' dir='ltr'><strong>opus</strong></span> <span class='ocrx_word' id='word_1_637' title='bbox 2636 3465 2887 3522; x_wconf 88' lang='lat' dir='ltr'><strong>habebat.</strong></span> <span class='ocrx_word' id='word_1_638' title='bbox 2943 3465 3181 3522; x_wconf 86' lang='lat' dir='ltr'><strong>Tandem</strong></span> <span class='ocrx_word' id='word_1_639' title='bbox 3230 3464 3522 3536; x_wconf 87' lang='lat' dir='ltr'><strong>aliquando</strong></span> 
     </span>
    </p>
   </div>
   <div class='ocr_carea' id='block_1_92' title="bbox 1931 3555 3524 3630">
    <p class='ocr_par' dir='ltr' id='par_1_92' title="bbox 1931 3555 3524 3630">
     <span class='ocr_line' id='line_1_92' title="bbox 1931 3555 3524 3630; baseline 0.002 -21"><span class='ocrx_word' id='word_1_640' title='bbox 1931 3555 2091 3612; x_wconf 92' lang='lat' dir='ltr'><strong>domo</strong></span> <span class='ocrx_word' id='word_1_641' title='bbox 2119 3572 2368 3628; x_wconf 89' lang='lat' dir='ltr'><strong>egressus</strong></span> <span class='ocrx_word' id='word_1_642' title='bbox 2399 3557 2449 3613; x_wconf 91' lang='lat' dir='ltr'><strong>in</strong></span> <span class='ocrx_word' id='word_1_643' title='bbox 2479 3559 2687 3615; x_wconf 90' lang='lat' dir='ltr'><strong>foribus</strong></span> <span class='ocrx_word' id='word_1_644' title='bbox 2723 3560 2848 3614; x_wconf 87' lang='lat' dir='ltr'><strong>ostii</strong></span> <span class='ocrx_word' id='word_1_645' title='bbox 2887 3559 3091 3630; x_wconf 87' lang='lat' dir='ltr'><strong>reperit</strong></span> <span class='ocrx_word' id='word_1_646' title='bbox 3121 3559 3391 3614; x_wconf 88' lang='lat' dir='ltr'><strong>hominem</strong></span> <span class='ocrx_word' id='word_1_647' title='bbox 3438 3559 3524 3628; x_wconf 86' lang='lat' dir='ltr'><strong>pi-</strong></span> 
     </span>
    </p>
   </div>
   <div class='ocr_carea' id='block_1_93' title="bbox 1931 3649 3520 3723">
    <p class='ocr_par' dir='ltr' id='par_1_93' title="bbox 1931 3649 3520 3723">
     <span class='ocr_line' id='line_1_93' title="bbox 1931 3649 3520 3723; baseline 0 -18"><span class='ocrx_word' id='word_1_648' title='bbox 1931 3665 2075 3706; x_wconf 88' lang='lat' dir='ltr'><strong>scem</strong></span> <span class='ocrx_word' id='word_1_649' title='bbox 2121 3651 2272 3706; x_wconf 79' lang='lat' dir='ltr'><strong>mirae</strong></span> <span class='ocrx_word' id='word_1_650' title='bbox 2324 3652 2707 3723; x_wconf 85' lang='lat' dir='ltr'><strong>magnitudinis</strong></span> <span class='ocrx_word' id='word_1_651' title='bbox 2759 3659 3080 3723; x_wconf 84' lang='lat' dir='ltr'><strong>gestantem,</strong></span> <span class='ocrx_word' id='word_1_652' title='bbox 3125 3667 3286 3720; x_wconf 88' lang='lat' dir='ltr'><strong>quem</strong></span> <span class='ocrx_word' id='word_1_653' title='bbox 3336 3649 3520 3722; x_wconf 67' lang='lat' dir='ltr'><strong>divino</strong></span> 
     </span>
    </p>
   </div>
   <div class='ocr_carea' id='block_1_94' title="bbox 1931 3739 3518 3812">
    <p class='ocr_par' dir='ltr' id='par_1_94' title="bbox 1931 3739 3518 3812">
     <span class='ocr_line' id='line_1_94' title="bbox 1931 3739 3518 3812; baseline -0.002 -17"><span class='ocrx_word' id='word_1_654' title='bbox 1931 3749 2064 3796; x_wconf 89' lang='lat' dir='ltr'><strong>nutu</strong></span> <span class='ocrx_word' id='word_1_655' title='bbox 2093 3739 2312 3796; x_wconf 89' lang='lat' dir='ltr'><strong>allatum</strong></span> <span class='ocrx_word' id='word_1_656' title='bbox 2342 3742 2588 3810; x_wconf 88' lang='lat' dir='ltr'><strong>credens,</strong></span> <span class='ocrx_word' id='word_1_657' title='bbox 2620 3743 2745 3797; x_wconf 89' lang='lat' dir='ltr'><strong>dato</strong></span> <span class='ocrx_word' id='word_1_658' title='bbox 2798 3741 3056 3796; x_wconf 80' lang='lat' dir='ltr'><strong>duntaxat</strong></span> <span class='ocrx_word' id='word_1_659' title='bbox 3089 3741 3283 3812; x_wconf 89' lang='lat' dir='ltr'><strong>pretio,</strong></span> <span class='ocrx_word' id='word_1_660' title='bbox 3315 3739 3518 3808; x_wconf 77' lang='lat' dir='ltr'><strong>piscem</strong></span> 
     </span>
    </p>
   </div>
   <div class='ocr_carea' id='block_1_95' title="bbox 1930 3832 3523 3906">
    <p class='ocr_par' dir='ltr' id='par_1_95' title="bbox 1930 3832 3523 3906">
     <span class='ocr_line' id='line_1_95' title="bbox 1930 3832 3523 3906; baseline -0.001 -18"><span class='ocrx_word' id='word_1_661' title='bbox 1930 3832 2103 3889; x_wconf 63' lang='lat' dir='ltr'><strong>beatae</strong></span> <span class='ocrx_word' id='word_1_662' title='bbox 2129 3836 2286 3888; x_wconf 90' lang='lat' dir='ltr'><strong>matri</strong></span> <span class='ocrx_word' id='word_1_663' title='bbox 2321 3835 2528 3891; x_wconf 89' lang='lat' dir='ltr'><strong>detulit.</strong></span> <span class='ocrx_word' id='word_1_664' title='bbox 2585 3835 2664 3890; x_wconf 84' lang='lat' dir='ltr'><strong>Ex</strong></span> <span class='ocrx_word' id='word_1_665' title='bbox 2705 3851 2813 3906; x_wconf 89' lang='lat' dir='ltr'><strong>quo</strong></span> <span class='ocrx_word' id='word_1_666' title='bbox 2859 3835 2946 3889; x_wconf 86' lang='lat' dir='ltr'><strong>illa</strong></span> <span class='ocrx_word' id='word_1_667' title='bbox 2983 3834 3321 3904; x_wconf 89' lang='lat' dir='ltr'><strong>pulmentum</strong></span> <span class='ocrx_word' id='word_1_668' title='bbox 3370 3846 3523 3887; x_wconf 82' lang='lat' dir='ltr'><strong>soro-</strong></span> 
     </span>
    </p>
   </div>
   <div class='ocr_carea' id='block_1_96' title="bbox 1931 3924 3520 3998">
    <p class='ocr_par' dir='ltr' id='par_1_96' title="bbox 1931 3924 3520 3998">
     <span class='ocr_line' id='line_1_96' title="bbox 1931 3924 3520 3998; baseline -0.001 -19"><span class='ocrx_word' id='word_1_669' title='bbox 1931 3926 2083 3981; x_wconf 89' lang='lat' dir='ltr'><strong>ribus</strong></span> <span class='ocrx_word' id='word_1_670' title='bbox 2111 3927 2394 3996; x_wconf 89' lang='lat' dir='ltr'><strong>adhibens,</strong></span> <span class='ocrx_word' id='word_1_671' title='bbox 2440 3943 2630 3984; x_wconf 91' lang='lat' dir='ltr'><strong>omnes</strong></span> <span class='ocrx_word' id='word_1_672' title='bbox 2661 3943 2833 3998; x_wconf 88' lang='lat' dir='ltr'><strong>usque</strong></span> <span class='ocrx_word' id='word_1_673' title='bbox 2855 3927 2921 3982; x_wconf 90' lang='lat' dir='ltr'><strong>ad</strong></span> <span class='ocrx_word' id='word_1_674' title='bbox 2963 3927 3270 3982; x_wconf 89' lang='lat' dir='ltr'><strong>satietatem</strong></span> <span class='ocrx_word' id='word_1_675' title='bbox 3309 3924 3520 3981; x_wconf 87' lang='lat' dir='ltr'><strong>refecit.</strong></span> 
     </span>
    </p>
   </div>
   <div class='ocr_carea' id='block_1_97' title="bbox 1933 4018 3521 4086">
    <p class='ocr_par' dir='ltr' id='par_1_97' title="bbox 1933 4018 3521 4086">
     <span class='ocr_line' id='line_1_97' title="bbox 1933 4018 3521 4086; baseline 0.001 -13"><span class='ocrx_word' id='word_1_676' title='bbox 1933 4018 2087 4085; x_wconf 84' lang='lat' dir='ltr'><strong>Quod</strong></span> <span class='ocrx_word' id='word_1_677' title='bbox 2114 4020 2292 4075; x_wconf 88' lang='lat' dir='ltr'><strong>necui</strong></span> <span class='ocrx_word' id='word_1_678' title='bbox 2321 4021 2389 4077; x_wconf 91' lang='lat' dir='ltr'><strong>de</strong></span> <span class='ocrx_word' id='word_1_679' title='bbox 2443 4021 2711 4077; x_wconf 89' lang='lat' dir='ltr'><strong>industria</strong></span> <span class='ocrx_word' id='word_1_680' title='bbox 2759 4023 2964 4077; x_wconf 92' lang='lat' dir='ltr'><strong>factum</strong></span> <span class='ocrx_word' id='word_1_681' title='bbox 3017 4019 3186 4077; x_wconf 89' lang='lat' dir='ltr'><strong>fuisse</strong></span> <span class='ocrx_word' id='word_1_682' title='bbox 3232 4021 3521 4086; x_wconf 89' lang='lat' dir='ltr'><strong>credatur;</strong></span> 
     </span>
    </p>
   </div>
   <div class='ocr_carea' id='block_1_98' title="bbox 1933 4111 3526 4184">
    <p class='ocr_par' dir='ltr' id='par_1_98' title="bbox 1933 4111 3526 4184">
     <span class='ocr_line' id='line_1_98' title="bbox 1933 4111 3526 4184; baseline -0.001 -17"><span class='ocrx_word' id='word_1_683' title='bbox 1933 4112 2024 4167; x_wconf 90' lang='lat' dir='ltr'><strong>sed</strong></span> <span class='ocrx_word' id='word_1_684' title='bbox 2054 4123 2185 4166; x_wconf 92' lang='lat' dir='ltr'><strong>nutu</strong></span> <span class='ocrx_word' id='word_1_685' title='bbox 2219 4113 2401 4168; x_wconf 89' lang='lat' dir='ltr'><strong>divino</strong></span> <span class='ocrx_word' id='word_1_686' title='bbox 2426 4114 2494 4168; x_wconf 87' lang='lat' dir='ltr'><strong>ad</strong></span> <span class='ocrx_word' id='word_1_687' title='bbox 2521 4111 2640 4182; x_wconf 84' lang='lat' dir='ltr'><strong>ejus</strong></span> <span class='ocrx_word' id='word_1_688' title='bbox 2671 4113 3020 4170; x_wconf 86' lang='lat' dir='ltr'><strong>refectionem</strong></span> <span class='ocrx_word' id='word_1_689' title='bbox 3042 4113 3364 4184; x_wconf 77' lang='lat' dir='ltr'><strong>exigendam</strong></span> <span class='ocrx_word' id='word_1_690' title='bbox 3387 4126 3526 4182; x_wconf 68' lang='lat' dir='ltr'><strong>pra:-</strong></span> 
     </span>
    </p>
   </div>
   <div class='ocr_carea' id='block_1_99' title="bbox 1932 4203 3523 4276">
    <p class='ocr_par' dir='ltr' id='par_1_99' title="bbox 1932 4203 3523 4276">
     <span class='ocr_line' id='line_1_99' title="bbox 1932 4203 3523 4276; baseline 0 -20"><span class='ocrx_word' id='word_1_691' title='bbox 1932 4212 2202 4271; x_wconf 87' lang='lat' dir='ltr'><strong>paratum,</strong></span> <span class='ocrx_word' id='word_1_692' title='bbox 2234 4206 2492 4274; x_wconf 91' lang='lat' dir='ltr'><strong>quoniam</strong></span> <span class='ocrx_word' id='word_1_693' title='bbox 2523 4220 2654 4260; x_wconf 87' lang='lat' dir='ltr'><strong>vero</strong></span> <span class='ocrx_word' id='word_1_694' title='bbox 2703 4215 2904 4276; x_wconf 91' lang='lat' dir='ltr'><strong>quanto</strong></span> <span class='ocrx_word' id='word_1_695' title='bbox 2957 4219 3144 4260; x_wconf 91' lang='lat' dir='ltr'><strong>amore</strong></span> <span class='ocrx_word' id='word_1_696' title='bbox 3192 4205 3245 4258; x_wconf 93' lang='lat' dir='ltr'><strong>in</strong></span> <span class='ocrx_word' id='word_1_697' title='bbox 3275 4204 3377 4258; x_wconf 90' lang='lat' dir='ltr'><strong>hac</strong></span> <span class='ocrx_word' id='word_1_698' title='bbox 3411 4203 3523 4257; x_wconf 89' lang='lat' dir='ltr'><strong>vita</strong></span> 
     </span>
    </p>
   </div>
   <div class='ocr_carea' id='block_1_100' title="bbox 1932 4295 3523 4366">
    <p class='ocr_par' dir='ltr' id='par_1_100' title="bbox 1932 4295 3523 4366">
     <span class='ocr_line' id='line_1_100' title="bbox 1932 4295 3523 4366; baseline 0 -16"><span class='ocrx_word' id='word_1_699' title='bbox 1932 4297 2270 4366; x_wconf 77' lang='lat' dir='ltr'><strong>omnipotens</strong></span> <span class='ocrx_word' id='word_1_700' title='bbox 2325 4298 2465 4353; x_wconf 89' lang='lat' dir='ltr'><strong>Deus</strong></span> <span class='ocrx_word' id='word_1_701' title='bbox 2508 4315 2628 4353; x_wconf 90' lang='lat' dir='ltr'><strong>eam</strong></span> <span class='ocrx_word' id='word_1_702' title='bbox 2659 4299 2930 4362; x_wconf 83' lang='lat' dir='ltr'><strong>dilexerit,</strong></span> <span class='ocrx_word' id='word_1_703' title='bbox 2961 4297 3068 4354; x_wconf 81' lang='lat' dir='ltr'><strong>into</strong></span> <span class='ocrx_word' id='word_1_704' title='bbox 3110 4307 3170 4352; x_wconf 87' lang='lat' dir='ltr'><strong>ut</strong></span> <span class='ocrx_word' id='word_1_705' title='bbox 3207 4310 3396 4350; x_wconf 84' lang='lat' dir='ltr'><strong>aurum</strong></span> <span class='ocrx_word' id='word_1_706' title='bbox 3427 4295 3523 4350; x_wconf 86' lang='lat' dir='ltr'><strong>ob-</strong></span> 
     </span>
    </p>
   </div>
   <div class='ocr_carea' id='block_1_101' title="bbox 1934 4387 3448 4462">
    <p class='ocr_par' dir='ltr' id='par_1_101' title="bbox 1934 4387 3448 4462">
     <span class='ocr_line' id='line_1_101' title="bbox 1934 4387 3448 4462; baseline -0.001 -20"><span class='ocrx_word' id='word_1_707' title='bbox 1934 4389 2104 4444; x_wconf 88' lang='lat' dir='ltr'><strong>rizum</strong></span> <span class='ocrx_word' id='word_1_708' title='bbox 2151 4391 2480 4462; x_wconf 88' lang='lat' dir='ltr'><strong>purgaverit,</strong></span> <span class='ocrx_word' id='word_1_709' title='bbox 2509 4391 2723 4446; x_wconf 90' lang='lat' dir='ltr'><strong>silentio</strong></span> <span class='ocrx_word' id='word_1_710' title='bbox 2753 4405 2859 4446; x_wconf 91' lang='lat' dir='ltr'><strong>non</strong></span> <span class='ocrx_word' id='word_1_711' title='bbox 2886 4399 2968 4446; x_wconf 89' lang='lat' dir='ltr'><strong>est</strong></span> <span class='ocrx_word' id='word_1_712' title='bbox 2990 4387 3448 4460; x_wconf 60' lang='lat' dir='ltr'><strong>prxtereundum.</strong></span> 
     </span>
    </p>
   </div>
   <div class='ocr_carea' id='block_1_102' title="bbox 2493 4519 2976 4593">
    <p class='ocr_par' dir='ltr' id='par_1_102' title="bbox 2493 4519 2976 4593">
     <span class='ocr_line' id='line_1_102' title="bbox 2493 4519 2976 4593; baseline 0 -16"><span class='ocrx_word' id='word_1_713' title='bbox 2493 4519 2718 4578; x_wconf 81' lang='lat' dir='ltr'><strong>CAPUT</strong></span> <span class='ocrx_word' id='word_1_714' title='bbox 2773 4520 2914 4577; x_wconf 81' lang='lat' dir='ltr'><strong>xw.</strong></span> <span class='ocrx_word' id='word_1_715' title='bbox 2971 4589 2976 4593; x_wconf 29' lang='grc' dir='ltr'>η</span> 
     </span>
    </p>
   </div>
   <div class='ocr_carea' id='block_1_103' title="bbox 1999 4606 3514 4684">
    <p class='ocr_par' dir='ltr' id='par_1_103' title="bbox 1999 4606 3514 4684">
     <span class='ocr_line' id='line_1_103' title="bbox 1999 4606 3514 4684; baseline -0.003 -16"><span class='ocrx_word' id='word_1_716' title='bbox 1999 4613 2246 4682; x_wconf 88' lang='lat' dir='ltr'><strong>Quodam</strong></span> <span class='ocrx_word' id='word_1_717' title='bbox 2277 4628 2508 4684; x_wconf 90' lang='lat' dir='ltr'><strong>namque</strong></span> <span class='ocrx_word' id='word_1_718' title='bbox 2535 4621 2775 4684; x_wconf 88' lang='lat' dir='ltr'><strong>tempore</strong></span> <span class='ocrx_word' id='word_1_719' title='bbox 2798 4611 3027 4668; x_wconf 90' lang='lat' dir='ltr'><strong>febrium</strong></span> <span class='ocrx_word' id='word_1_720' title='bbox 3052 4611 3174 4680; x_wconf 84' lang='lat' dir='ltr'><strong>igne</strong></span> <span class='ocrx_word' id='word_1_721' title='bbox 3203 4609 3322 4684; x_wconf 77' lang='lat' dir='ltr'><strong>[al.,</strong></span> <span class='ocrx_word' id='word_1_722' title='bbox 3353 4606 3514 4683; x_wconf 80' lang='lat' dir='ltr'><strong>vena]</strong></span> 
     </span>
    </p>
   </div>
   <div class='ocr_carea' id='block_1_104' title="bbox 1935 4705 3525 4778">
    <p class='ocr_par' dir='ltr' id='par_1_104' title="bbox 1935 4705 3525 4778">
     <span class='ocr_line' id='line_1_104' title="bbox 1935 4705 3525 4778; baseline -0.001 -15"><span class='ocrx_word' id='word_1_723' title='bbox 1935 4722 2183 4774; x_wconf 78' lang='lat' dir='ltr'><strong>accensa,</strong></span> <span class='ocrx_word' id='word_1_724' title='bbox 2215 4723 2431 4778; x_wconf 81' lang='lat' dir='ltr'><strong>gravem</strong></span> <span class='ocrx_word' id='word_1_725' title='bbox 2465 4707 2763 4763; x_wconf 89' lang='lat' dir='ltr'><strong>molestiam</strong></span> <span class='ocrx_word' id='word_1_726' title='bbox 2807 4708 3048 4777; x_wconf 87' lang='lat' dir='ltr'><strong>corporis</strong></span> <span class='ocrx_word' id='word_1_727' title='bbox 3088 4705 3414 4777; x_wconf 89' lang='lat' dir='ltr'><strong>perferebat,</strong></span> <span class='ocrx_word' id='word_1_728' title='bbox 3451 4705 3525 4761; x_wconf 86' lang='lat' dir='ltr'><strong>ita</strong></span> 
     </span>
    </p>
   </div>
   <div class='ocr_carea' id='block_1_105' title="bbox 1933 4800 3524 4877">
    <p class='ocr_par' dir='ltr' id='par_1_105' title="bbox 1933 4800 3524 4877">
     <span class='ocr_line' id='line_1_105' title="bbox 1933 4800 3524 4877; baseline -0.005 -15"><span class='ocrx_word' id='word_1_729' title='bbox 1933 4817 1994 4862; x_wconf 89' lang='lat' dir='ltr'><strong>ut</strong></span> <span class='ocrx_word' id='word_1_730' title='bbox 2038 4806 2288 4877; x_wconf 82' lang='lat' dir='ltr'><strong>loquendi</strong></span> <span class='ocrx_word' id='word_1_731' title='bbox 2334 4805 2646 4861; x_wconf 86' lang='lat' dir='ltr'><strong>facultatem</strong></span> <span class='ocrx_word' id='word_1_732' title='bbox 2677 4804 2988 4869; x_wconf 85' lang='lat' dir='ltr'><strong>amitteret;</strong></span> <span class='ocrx_word' id='word_1_733' title='bbox 3043 4803 3135 4858; x_wconf 89' lang='lat' dir='ltr'><strong>sed</strong></span> <span class='ocrx_word' id='word_1_734' title='bbox 3176 4817 3297 4858; x_wconf 84' lang='lat' dir='ltr'><strong>cum</strong></span> <span class='ocrx_word' id='word_1_735' title='bbox 3329 4800 3524 4855; x_wconf 88' lang='lat' dir='ltr'><strong>melius</strong></span> 
     </span>
    </p>
   </div>
   <div class='ocr_carea' id='block_1_106' title="bbox 1934 4890 3523 4968">
    <p class='ocr_par' dir='ltr' id='par_1_106' title="bbox 1934 4890 3523 4968">
     <span class='ocr_line' id='line_1_106' title="bbox 1934 4890 3523 4968; baseline -0.006 -15"><span class='ocrx_word' id='word_1_736' title='bbox 1934 4897 2401 4968; x_wconf 80' lang='lat' dir='ltr'><strong>Christo.pr:csulc</strong></span> <span class='ocrx_word' id='word_1_737' title='bbox 2431 4895 2813 4961; x_wconf 88' lang='lat' dir='ltr'><strong>convaluisset,</strong></span> <span class='ocrx_word' id='word_1_738' title='bbox 2854 4893 3127 4950; x_wconf 90' lang='lat' dir='ltr'><strong>sciscitata</strong></span> <span class='ocrx_word' id='word_1_739' title='bbox 3154 4893 3262 4948; x_wconf 86' lang='lat' dir='ltr'><strong>imo</strong></span> <span class='ocrx_word' id='word_1_740' title='bbox 3286 4890 3523 4963; x_wconf 82' lang='lat' dir='ltr'><strong>flagitata</strong></span> 
     </span>
    </p>
   </div>
   <div class='ocr_carea' id='block_1_107' title="bbox 1937 4982 3525 5059">
    <p class='ocr_par' dir='ltr' id='par_1_107' title="bbox 1937 4982 3525 5059">
     <span class='ocr_line' id='line_1_107' title="bbox 1937 4982 3525 5059; baseline -0.003 -14"><span class='ocrx_word' id='word_1_741' title='bbox 1937 5007 1966 5045; x_wconf 88' lang='lat' dir='ltr'><strong>a</strong></span> <span class='ocrx_word' id='word_1_742' title='bbox 1993 4989 2271 5045; x_wconf 88' lang='lat' dir='ltr'><strong>sororibus</strong></span> <span class='ocrx_word' id='word_1_743' title='bbox 2299 5004 2546 5059; x_wconf 80' lang='lat' dir='ltr'><strong>quamam</strong></span> <span class='ocrx_word' id='word_1_744' title='bbox 2597 4987 2784 5043; x_wconf 88' lang='lat' dir='ltr'><strong>fuisset</strong></span> <span class='ocrx_word' id='word_1_745' title='bbox 2826 4985 3096 5055; x_wconf 88' lang='lat' dir='ltr'><strong>correptio</strong></span> <span class='ocrx_word' id='word_1_746' title='bbox 3125 4982 3236 5050; x_wconf 90' lang='lat' dir='ltr'><strong>illa,</strong></span> <span class='ocrx_word' id='word_1_747' title='bbox 3281 4983 3525 5040; x_wconf 83' lang='lat' dir='ltr'><strong>fervente</strong></span> 
     </span>
    </p>
   </div>
   <div class='ocr_carea' id='block_1_108' title="bbox 1937 5076 3524 5155">
    <p class='ocr_par' dir='ltr' id='par_1_108' title="bbox 1937 5076 3524 5155">
     <span class='ocr_line' id='line_1_108' title="bbox 1937 5076 3524 5155; baseline -0.005 -16"><span class='ocrx_word' id='word_1_748' title='bbox 1937 5085 2126 5155; x_wconf 88' lang='lat' dir='ltr'><strong>spiritu</strong></span> <span class='ocrx_word' id='word_1_749' title='bbox 2155 5083 2470 5152; x_wconf 90' lang='lat' dir='ltr'><strong>respondit:</strong></span> <span class='ocrx_word' id='word_1_750' title='bbox 2505 5079 2885 5136; x_wconf 72' lang='lat' dir='ltr'><strong>Oduleissima:</strong></span> <span class='ocrx_word' id='word_1_751' title='bbox 2925 5092 3162 5146; x_wconf 88' lang='lat' dir='ltr'><strong>sorores,</strong></span> <span class='ocrx_word' id='word_1_752' title='bbox 3199 5076 3329 5148; x_wconf 91' lang='lat' dir='ltr'><strong>quid</strong></span> <span class='ocrx_word' id='word_1_753' title='bbox 3373 5076 3524 5131; x_wconf 92' lang='lat' dir='ltr'><strong>inve-</strong></span> 
     </span>
    </p>
   </div>
   <div class='ocr_carea' id='block_1_109' title="bbox 1938 5169 3520 5248">
    <p class='ocr_par' dir='ltr' id='par_1_109' title="bbox 1938 5169 3520 5248">
     <span class='ocr_line' id='line_1_109' title="bbox 1938 5169 3520 5248; baseline -0.009 -15"><span class='ocrx_word' id='word_1_754' title='bbox 1938 5179 2139 5248; x_wconf 85' lang='lat' dir='ltr'><strong>stigare</strong></span> <span class='ocrx_word' id='word_1_755' title='bbox 2165 5175 2328 5230; x_wconf 89' lang='lat' dir='ltr'><strong>vultis</strong></span> <span class='ocrx_word' id='word_1_756' title='bbox 2359 5173 2436 5228; x_wconf 93' lang='lat' dir='ltr'><strong>rei</strong></span> <span class='ocrx_word' id='word_1_757' title='bbox 2464 5173 2728 5229; x_wconf 87' lang='lat' dir='ltr'><strong>causam?</strong></span> <span class='ocrx_word' id='word_1_758' title='bbox 2764 5172 2806 5226; x_wconf 84' lang='lat' dir='ltr'><strong>A</strong></span> <span class='ocrx_word' id='word_1_759' title='bbox 2831 5173 2988 5228; x_wconf 69' lang='lat' dir='ltr'><strong>saevis</strong></span> <span class='ocrx_word' id='word_1_760' title='bbox 3029 5186 3263 5241; x_wconf 87' lang='lat' dir='ltr'><strong>namque</strong></span> <span class='ocrx_word' id='word_1_761' title='bbox 3293 5169 3520 5224; x_wconf 89' lang='lat' dir='ltr'><strong>nimium</strong></span> 
     </span>
    </p>
   </div>
   <div class='ocr_carea' id='block_1_110' title="bbox 1937 5257 3522 5337">
    <p class='ocr_par' dir='ltr' id='par_1_110' title="bbox 1937 5257 3522 5337">
     <span class='ocr_line' id='line_1_110' title="bbox 1937 5257 3522 5337; baseline -0.008 -13"><span class='ocrx_word' id='word_1_762' title='bbox 1937 5278 1993 5324; x_wconf 91' lang='lat' dir='ltr'><strong>et</strong></span> <span class='ocrx_word' id='word_1_763' title='bbox 2036 5267 2189 5324; x_wconf 89' lang='lat' dir='ltr'><strong>tetris</strong></span> <span class='ocrx_word' id='word_1_764' title='bbox 2236 5265 2583 5337; x_wconf 90' lang='lat' dir='ltr'><strong>opprimebar</strong></span> <span class='ocrx_word' id='word_1_765' title='bbox 2629 5263 2962 5319; x_wconf 66' lang='lat' dir='ltr'><strong>daemonibus</strong></span> <span class='ocrx_word' id='word_1_766' title='bbox 3010 5262 3130 5334; x_wconf 86' lang='lat' dir='ltr'><strong>[al.,</strong></span> <span class='ocrx_word' id='word_1_767' title='bbox 3184 5257 3522 5331; x_wconf 74' lang='lat' dir='ltr'><strong>Spit-hibus];</strong></span> 
     </span>
    </p>
   </div>
   <div class='ocr_carea' id='block_1_111' title="bbox 1940 5350 3522 5429">
    <p class='ocr_par' dir='ltr' id='par_1_111' title="bbox 1940 5350 3522 5429">
     <span class='ocr_line' id='line_1_111' title="bbox 1940 5350 3522 5429; baseline -0.005 -17"><span class='ocrx_word' id='word_1_768' title='bbox 1940 5359 2156 5429; x_wconf 89' lang='lat' dir='ltr'><strong>quando</strong></span> <span class='ocrx_word' id='word_1_769' title='bbox 2189 5364 2366 5411; x_wconf 90' lang='lat' dir='ltr'><strong>autem</strong></span> <span class='ocrx_word' id='word_1_770' title='bbox 2405 5355 2597 5409; x_wconf 90' lang='lat' dir='ltr'><strong>melius</strong></span> <span class='ocrx_word' id='word_1_771' title='bbox 2639 5354 3083 5409; x_wconf 87' lang='lat' dir='ltr'><strong>convalescebam</strong></span> <span class='ocrx_word' id='word_1_772' title='bbox 3117 5354 3236 5407; x_wconf 78' lang='lat' dir='ltr'><strong>date</strong></span> <span class='ocrx_word' id='word_1_773' title='bbox 3268 5351 3367 5406; x_wconf 65' lang='lat' dir='ltr'><strong>alte</strong></span> <span class='ocrx_word' id='word_1_774' title='bbox 3395 5350 3522 5405; x_wconf 89' lang='lat' dir='ltr'><strong>dor-</strong></span> 
     </span>
    </p>
   </div>
   <div class='ocr_carea' id='block_1_112' title="bbox 1941 5444 3524 5519">
    <p class='ocr_par' dir='ltr' id='par_1_112' title="bbox 1941 5444 3524 5519">
     <span class='ocr_line' id='line_1_112' title="bbox 1941 5444 3524 5519; baseline -0.008 -10"><span class='ocrx_word' id='word_1_775' title='bbox 1941 5468 2057 5509; x_wconf 90' lang='lat' dir='ltr'><strong>sum</strong></span> <span class='ocrx_word' id='word_1_776' title='bbox 2088 5466 2267 5506; x_wconf 90' lang='lat' dir='ltr'><strong>meum</strong></span> <span class='ocrx_word' id='word_1_777' title='bbox 2292 5449 2570 5503; x_wconf 82' lang='lat' dir='ltr'><strong>venientes</strong></span> <span class='ocrx_word' id='word_1_778' title='bbox 2616 5447 3013 5519; x_wconf 67' lang='lat' dir='ltr'><strong>gyrabantlal.,</strong></span> <span class='ocrx_word' id='word_1_779' title='bbox 3040 5461 3070 5500; x_wconf 89' lang='lat' dir='ltr'><strong>a</strong></span> <span class='ocrx_word' id='word_1_780' title='bbox 3098 5444 3262 5500; x_wconf 87' lang='lat' dir='ltr'><strong>dorso</strong></span> <span class='ocrx_word' id='word_1_781' title='bbox 3279 5458 3399 5498; x_wconf 91' lang='lat' dir='ltr'><strong>meo</strong></span> <span class='ocrx_word' id='word_1_782' title='bbox 3427 5455 3524 5494; x_wconf 81' lang='lat' dir='ltr'><strong>vc-</strong></span> 
     </span>
    </p>
   </div>
   <div class='ocr_carea' id='block_1_113' title="bbox 1941 5535 3525 5614">
    <p class='ocr_par' dir='ltr' id='par_1_113' title="bbox 1941 5535 3525 5614">
     <span class='ocr_line' id='line_1_113' title="bbox 1941 5535 3525 5614; baseline -0.006 -14"><span class='ocrx_word' id='word_1_783' title='bbox 1941 5546 2150 5600; x_wconf 90' lang='lat' dir='ltr'><strong>nientes</strong></span> <span class='ocrx_word' id='word_1_784' title='bbox 2178 5543 2442 5614; x_wconf 87' lang='lat' dir='ltr'><strong>gyrabant</strong></span> <span class='ocrx_word' id='word_1_785' title='bbox 2467 5539 2598 5612; x_wconf 72' lang='lat' dir='ltr'><strong>me],</strong></span> <span class='ocrx_word' id='word_1_786' title='bbox 2626 5555 2853 5611; x_wconf 89' lang='lat' dir='ltr'><strong>quarum</strong></span> <span class='ocrx_word' id='word_1_787' title='bbox 2878 5539 3011 5594; x_wconf 92' lang='lat' dir='ltr'><strong>visio</strong></span> <span class='ocrx_word' id='word_1_788' title='bbox 3059 5552 3192 5594; x_wconf 88' lang='lat' dir='ltr'><strong>auro</strong></span> <span class='ocrx_word' id='word_1_789' title='bbox 3231 5535 3525 5608; x_wconf 88' lang='lat' dir='ltr'><strong>purissimo</strong></span> 
     </span>
    </p>
   </div>
   <div class='ocr_carea' id='block_1_114' title="bbox 1941 5628 3525 5709">
    <p class='ocr_par' dir='ltr' id='par_1_114' title="bbox 1941 5628 3525 5709">
     <span class='ocr_line' id='line_1_114' title="bbox 1941 5628 3525 5709; baseline -0.008 -17"><span class='ocrx_word' id='word_1_790' title='bbox 1941 5636 2218 5709; x_wconf 91' lang='lat' dir='ltr'><strong>pulchrior</strong></span> <span class='ocrx_word' id='word_1_791' title='bbox 2251 5643 2386 5689; x_wconf 89' lang='lat' dir='ltr'><strong>erat.</strong></span> <span class='ocrx_word' id='word_1_792' title='bbox 2435 5633 2566 5688; x_wconf 84' lang='lat' dir='ltr'><strong>Nam</strong></span> <span class='ocrx_word' id='word_1_793' title='bbox 2594 5641 2648 5687; x_wconf 92' lang='lat' dir='ltr'><strong>ct</strong></span> <span class='ocrx_word' id='word_1_794' title='bbox 2685 5631 2972 5688; x_wconf 89' lang='lat' dir='ltr'><strong>summitas</strong></span> <span class='ocrx_word' id='word_1_795' title='bbox 2994 5645 3181 5687; x_wconf 88' lang='lat' dir='ltr'><strong>earum</strong></span> <span class='ocrx_word' id='word_1_796' title='bbox 3211 5628 3386 5702; x_wconf 85' lang='lat' dir='ltr'><strong>gladio</strong></span> <span class='ocrx_word' id='word_1_797' title='bbox 3431 5643 3525 5682; x_wconf 89' lang='lat' dir='ltr'><strong>an-</strong></span> 
     </span>
    </p>
   </div>
   <div class='ocr_carea' id='block_1_115' title="bbox 1943 5718 3524 5799">
    <p class='ocr_par' dir='ltr' id='par_1_115' title="bbox 1943 5718 3524 5799">
     <span class='ocr_line' id='line_1_115' title="bbox 1943 5718 3524 5799; baseline -0.009 -14"><span class='ocrx_word' id='word_1_798' title='bbox 1943 5729 2091 5799; x_wconf 92' lang='lat' dir='ltr'><strong>cipiti</strong></span> <span class='ocrx_word' id='word_1_799' title='bbox 2121 5726 2332 5787; x_wconf 61' lang='lat' dir='ltr'><strong>acutior</strong></span> <span class='ocrx_word' id='word_1_800' title='bbox 2361 5726 2714 5782; x_wconf 87' lang='lat' dir='ltr'><strong>sentiebatur.</strong></span> <span class='ocrx_word' id='word_1_801' title='bbox 2755 5723 2889 5780; x_wconf 92' lang='lat' dir='ltr'><strong>Cum</strong></span> <span class='ocrx_word' id='word_1_802' title='bbox 2934 5732 3112 5779; x_wconf 91' lang='lat' dir='ltr'><strong>autem</strong></span> <span class='ocrx_word' id='word_1_803' title='bbox 3143 5723 3210 5778; x_wconf 90' lang='lat' dir='ltr'><strong>ab</strong></span> <span class='ocrx_word' id='word_1_804' title='bbox 3251 5722 3337 5778; x_wconf 91' lang='lat' dir='ltr'><strong>his</strong></span> <span class='ocrx_word' id='word_1_805' title='bbox 3362 5718 3524 5774; x_wconf 88' lang='lat' dir='ltr'><strong>valla-</strong></span> 
     </span>
    </p>
   </div>
   <div class='ocr_carea' id='block_1_116' title="bbox 1943 5808 3568 5896">
    <p class='ocr_par' dir='ltr' id='par_1_116' title="bbox 1943 5808 3568 5896">
     <span class='ocr_line' id='line_1_116' title="bbox 1943 5808 3568 5896; baseline -0.01 -16"><span class='ocrx_word' id='word_1_806' title='bbox 1943 5822 2058 5892; x_wconf 76' lang='lat' dir='ltr'><strong>b‘ar,</strong></span> <span class='ocrx_word' id='word_1_807' title='bbox 2089 5813 2362 5894; x_wconf 75' lang='lat' dir='ltr'><strong>fugiebant</strong></span> <span class='ocrx_word' id='word_1_808' title='bbox 2410 5817 2667 5877; x_wconf 86' lang='lat' dir='ltr'><strong>tcterrimi</strong></span> <span class='ocrx_word' id='word_1_809' title='bbox 2703 5817 2945 5896; x_wconf 85' lang='lat' dir='ltr'><strong>spiritus.</strong></span> <span class='ocrx_word' id='word_1_810' title='bbox 2977 5816 3114 5888; x_wconf 82' lang='lat' dir='ltr'><strong>Quid</strong></span> <span class='ocrx_word' id='word_1_811' title='bbox 3145 5823 3322 5873; x_wconf 83' lang='lat' dir='ltr'><strong>autent</strong></span> <span class='ocrx_word' id='word_1_812' title='bbox 3377 5808 3524 5868; x_wconf 80' lang='lat' dir='ltr'><strong>aliud</strong></span> <span class='ocrx_word' id='word_1_813' title='bbox 3565 5881 3568 5886; x_wconf 87' lang='lat'><strong><em>_</em></strong></span> 
     </span>
    </p>
   </div>
  </div>
