4032 6336
640 290 780 347 1255

977 292 1088 348 .AD
1129 261 1278 351 OPP.
1316 293 1473 352 VEN.
1505 297 1836 356 GUIBERTI
1876 301 1965 359 DE
2003 279 2675 368 NOVIGENTOADDIT.
2708 343 2776 353 —
2799 315 2962 372 VlTA
2993 314 3050 372 S.
3085 316 3514 378 SALABERGE.

3693 333 3786 391 1256

639 413 800 468 datur
841 413 1084 484 intelligi,
1121 418 1224 472 nisi
1264 421 1405 488 quod
1457 424 1802 494 omnipotens
1846 426 1990 485 Deus
2025 431 2229 502 plasma
2261 438 2308 495 A
2335 437 2572 493 ostendit
2599 439 2872 497 civitatem
2905 442 3000 498 Dei
3052 445 3329 513 Altissimi,
3361 459 3409 502 et
3435 452 3667 506 duodecim
3689 461 3791 518 sedes

638 519 796 559 suum
834 507 886 560 in
917 509 1169 576 praesenti
1200 511 1460 568 duntaxat
1502 526 1759 587 purgaret
1789 520 1917 583 vita,
1951 531 2006 577 et
2036 524 2225 580 dextra

638 609 750 648 suae
771 598 1118 664 protectionis
1146 599 1264 672 [al.,
1290 603 1526 660 dextera
1552 622 1662 662 suae
1678 612 2036 685 protectione]
2067 616 2224 670 robo-

637 695 813 741 ratam
836 703 958 742 cum
991 695 1195 748 sanctis
1225 707 1562 768 aggregaret.
1603 699 1714 755 Ala:
1763 704 1960 760 etenim
1989 706 2043 759 in
2076 706 2223 762 Scri-

630 777 807 844 pturis
831 781 1035 835 sanctis
1060 797 1308 852 supernae
1336 787 1709 858 intelliguntur
1735 802 2050 862 potestates.
2079 796 2221 853 Con-

629 867 909 926 valescens
954 888 1202 942 corpore,
1243 879 1335 932 sed
1391 891 1573 936 mente
1635 884 1925 953 robustior,
1984 903 2125 944 anno
2167 899 2221 946 et

630 976 823 1018 novem
861 980 965 1019 non
1003 968 1175 1036 plenis
1207 973 1484 1028 mensibus
1511 976 1644 1030 vixit
1675 980 1972 1035 tentatione
1999 994 2211 1038 exacta.

626 1051 762 1108 Nam
790 1057 910 1126 quis
953 1060 1133 1115 valeat
1170 1063 1286 1132 ejus
1326 1069 1632 1124 sanctitatis
1675 1074 2092 1146 sagacitatisque
2127 1093 2207 1131 asu

627 1145 818 1199 tutiam
849 1149 1130 1221 condignis
1187 1153 1390 1210 referre
1431 1161 1736 1227 praeconiis,
1785 1163 1934 1232 cujus
1975 1145 2214 1226 charitas

624 1237 676 1283 et
709 1232 988 1291 humilitas
1018 1248 1338 1296 cunctarum
1367 1243 1731 1313 subjectarutn
1757 1249 1857 1304 sibi
1887 1257 2208 1321 praemine-

619 1321 716 1376 bat
763 1327 914 1381 mira:
943 1329 1241 1388 dulcedinis
1263 1343 1318 1388 et
1337 1336 1595 1394 bonitatis
1632 1340 1828 1397 alfectu
1854 1344 1876 1396 ?
1907 1345 2037 1400 Erat
2062 1349 2209 1402 enim

615 1410 812 1471 hilaris
852 1420 1002 1474 vultu
1065 1435 1399 1497 venustoque
1436 1441 1680 1500 aspectu,
1736 1436 1932 1492 alacris
1981 1439 2035 1493 in
2095 1441 2209 1496 col-

617 1499 826 1572 loquio,
876 1511 1150 1568 moderata
1182 1517 1231 1568 in
1264 1519 1450 1586 verbo,
1505 1524 1729 1579 consilio
1755 1529 2013 1596 prudens,
2045 1530 2096 1584 in
2125 1548 2208 1586 or-

619 1593 868 1654 dinandis
912 1605 1142 1658 cmnobii
1197 1611 1375 1666 causis
1404 1616 1698 1685 praecipua,
1753 1636 1914 1692 sagax
1965 1623 2202 1694 ingenio,

615 1684 1080 1761 eleemosynarum
1115 1700 1287 1754 amori
1357 1684 1653 1771 deditapct
1704 1711 2068 1780 hospitalitate
2095 1730 2204 1770 non

612 1778 788 1848 pigra.
826 1781 878 1836 in
923 1788 1154 1856 regulari
1193 1807 1381 1850 norma
1412 1797 1670 1868 discreta,
1708 1814 2018 1860 sanctarum
2044 1807 2203 1862 femi-
2231 1797 2284 1855 Β

617 1884 812 1926 narum
845 1875 1012 1931 vitam
1054 1881 1291 1953 imitans,
1341 1887 1582 1948 Melaniae
1627 1896 1876 1952 videlicet
1905 1908 1960 1953 et
2001 1899 2200 1966 Paulae,

612 1975 841 2055 quarum
871 1965 1119 2034 Melania,
1150 1985 1206 2030 ut
1235 1976 1296 2030 B.
1347 1979 1708 2055 Hieronymus
1735 1988 1830 2052 ait,
1866 1965 2201 2047 ttobiliSsittta

609 2049 976 2114 Romanarum
1014 2061 1336 2125 feminarum
1372 2073 1495 2140 fuit,
1521 2086 1575 2131 et
1605 2078 1899 2136 Marcellini
1927 2086 2198 2152 quondam

609 2147 846 2204 consulis
886 2151 1012 2219 ﬁlia,
1065 2157 1489 2234 Hierosolymam
1531 2172 1821 2240 navigavit,
1873 2174 1958 2228 ubi
1993 2189 2199 2229 tantum

606 2234 990 2298 humilitatem
1039 2250 1302 2307 t-imritate
1361 2256 1585 2329 insignis
1630 2265 1838 2318 exstitit
1877 2277 1934 2320 ut
1987 2267 2200 2324 Theclae

605 2343 804 2425 nomen
839 2341 1128 2406 acceperit.
1157 2341 1318 2398 Paula
1351 2363 1501 2413 vero,
1529 2353 1721 2408 relicto
1761 2357 2087 2425 patrimonio
2111 2375 2199 2413 ur—

603 2416 761 2484 bano,
811 2423 1118 2484 Graecorum
1147 2443 1264 2489 orta
1295 2441 1570 2509 prosapia,
1595 2443 2040 2502 Bethleltcmitica
2073 2465 2195 2503 rura

602 2523 884 2584 expetens,
933 2535 1058 2576 cum
1093 2539 1303 2582 summa
1332 2531 1572 2589 bonitate
1603 2547 1656 2592 et
1702 2540 2006 2597 humilitate
2029 2544 2192 2596 vitam

602 2601 825 2674 degens,
859 2623 1072 2668 sacrum
1103 2617 1351 2684 spiritum
1380 2621 1606 2680 Domino
1636 2626 1796 2685 fudit.
1822 2629 1885 2684 Et
1918 2642 1973 2685 ιιι
2003 2632 2193 2687 altiora

600 2705 841 2762 repetam
873 2717 887 2752 :
929 2700 1096 2757 Beata
1141 2705 1434 2782 Salaberga
1470 2715 1680 2770 imitata
1721 2717 1977 2774 Helenam
2011 2723 2194 2793 Angit--

601 2793 763 2855 stam,
788 2789 1127 2851 Coustantini
1154 2799 1379 2872 Augusti
1408 2807 1656 2873 matrem,
1677 2818 1735 2864 ut
1759 2811 1979 2867 historia
2007 2789 2194 2868 narrat

598 2877 986 2950 ecclesiastica,
1023 2889 1362 2948 mortificatis
1391 2897 1573 2952 carnis
1617 2899 1874 2955 membris
1901 2903 2192 2972 mundique

595 2972 808 3041 pompis
835 2978 1173 3048 postpositis,
1202 2985 1528 3051 quotidianis
1577 2987 1686 3043 Deo
1717 2990 2076 3046 fmnulabatur
2097 2995 2191 3048 ob-

596 3064 818 3132 sequiis.
871 3068 1140 3140 Quidquid
1183 3076 1324 3129 enim
1357 3077 1410 3132 in
1445 3081 1692 3135 cceuobio
1733 3083 1957 3138 vilitatis
1993 3095 2044 3140 et
2069 3103 2188 3157 quae

595 3159 876 3215 munditia:
897 3176 1079 3219 essent
1108 3171 1446 3238 exercendae,
1487 3174 1703 3230 sibimet
1735 3179 2043 3246 deputabat.
2084 3153 2191 3234 Co-
2219 3153 2266 3216 (ἶ

597 3249 818 3319 quinam
867 3265 1041 3312 autem
1075 3269 1130 3315 et
1156 3262 1394 3334 reliquas
1447 3283 1658 3336 causas,
1707 3287 1826 3341 qua:
1875 3274 2192 3328 monasticis

595 3341 758 3398 rebus
783 3348 967 3418 peragi
995 3350 1190 3421 solent,
1221 3355 1462 3414 vicissim
1491 3361 1601 3416 suis
1631 3362 2060 3421 hebdomadibus
2090 3367 2190 3420 mi-

563 3469 566 3472 ι
594 3433 883 3495 nistrabat.

1213 3605 1451 3663 CAPUT
1479 3606 1594 3665 XV.

667 3710 774 3766 Sed
802 3728 922 3770 cum
952 3716 1036 3773 bis
1056 3726 1110 3773 et
1137 3723 1350 3776 caeteris
1381 3723 1465 3779 his
1497 3723 1763 3781 similibus
1787 3727 1941 3784 bonis
1963 3726 2186 3782 Christo

593 3807 826 3875 praesule
852 3810 1101 3879 polleret,
1131 3816 1364 3884 quodam
1399 3827 1639 3888 tempore
1660 3821 1788 3875 vidit
1825 3815 1875 3875 in
1905 3822 2186 3879 mansione

595 3913 755 3967 quam
793 3899 1137 3971 frequentare
1185 3908 1342 3961 solita
1385 3918 1526 3974 erat,
1571 3912 1978 3968 tabernaculum
2007 3914 2183 3984 cpolo

595 3991 746 4046 mira:
787 3992 1054 4052 claritatis
1084 4011 1148 4054 ac
1190 4000 1488 4068 splendoris
1529 4005 1877 4071 descendere,
1912 4008 2052 4076 quod
2082 4009 2178 4063 de-

591 4099 776 4139 orsum
808 4088 1106 4158 spatiosum
1136 4099 1192 4148 et
1233 4107 1446 4150 sursum
1486 4097 1712 4150 arduum
1763 4097 2063 4154 videbatur.
2124 4101 2178 4155 In

593 4191 704 4246 quo
736 4191 949 4252 recepta
981 4183 1096 4240 avis
1125 4186 1265 4241 miro
1303 4187 1591 4258 splendore
1622 4189 1916 4262 refulgens,
1944 4207 2063 4246 eam
2087 4211 2182 4263 ap.

587 4273 914 4340 prehensum
967 4276 1022 4331 in
1090 4280 1292 4336 exstasi
1351 4283 1617 4350 positam,
1669 4285 1780 4340 imo
1835 4287 2175 4352 translatam,

587 4373 738 4420 trans
775 4367 996 4425 ﬂuvium
1041 4373 1329 4442 quemdam
1383 4375 1654 4446 ingentem
1700 4379 2012 4448 asportavit,
2043 4380 2176 4434 etin

584 4468 738 4527 prata
766 4461 918 4517 valde
948 4479 1158 4520 amoena
1198 4467 1446 4534 immisit,
1475 4469 1563 4524 ubi
1594 4469 1933 4526 diversorum
1963 4471 2174 4540 ﬂorum,
2209 4513 2257 4568 Β

587 4561 644 4606 ει
681 4553 944 4610 immensa
975 4558 1451 4616 odoramentorum
1478 4579 1676 4633 genera
1711 4564 2046 4635 fragrabant,
2094 4575 2170 4620 at-

584 4659 691 4716 que
733 4646 876 4703 inter
904 4651 1188 4707 candentia
1221 4651 1353 4720 lilia,
1387 4663 1438 4708 et
1468 4671 1712 4710 rosarum
1749 4657 2051 4712 rubentium
2080 4658 2176 4714 ﬂc-

583 4749 673 4790 res
701 4735 835 4791 vidit
861 4737 1122 4796 immensa
1147 4741 1409 4798 infantum
1445 4746 1657 4813 agmina
1692 4747 1974 4817 utriusque
1991 4763 2171 4814 sexus,

580 4826 755 4884 niveis
776 4829 1090 4900 cicladibns,
1114 4844 1168 4890 et
1193 4834 1452 4891 laureatis
1475 4837 1740 4908 capitibus
1761 4849 2004 4906 ovantes,
2031 4841 2174 4896 inter

581 4934 716 4990 quos
744 4929 798 4976 et
833 4921 1175 4998 Magobertus
1203 4929 1459 5000 puerulus
1498 4930 1708 4986 aderat.
1756 4931 1872 5000 Qua
1915 4935 2030 4990 visa
2061 4937 2164 4990 ait:

578 5014 844 5088 Agnoscis
882 5034 1004 5090 me,
1036 5023 1253 5078 mater?
1293 5023 1386 5079 Illa
1439 5025 1515 5079 ait
1549 5039 1564 5078 :
1609 5024 1823 5081 Nescio.
1867 5027 2170 5099 Respondit

577 5123 712 5179 puer
743 5125 758 5164 :
804 5111 919 5182 Ego
952 5129 1069 5170 sum
1119 5115 1458 5189 Magobertus
1488 5119 1629 5175 ﬁlius
1667 5121 1969 5190 Amiliante,
2007 5140 2165 5194 quem

578 5211 705 5258 ante
727 5210 778 5258 te
812 5203 1005 5259 misisti
1035 5214 1090 5260 et
1130 5222 1249 5262 sum
1285 5211 1443 5264 modo
1483 5210 1536 5265 in
1566 5211 1666 5266 hac
1714 5211 1960 5269 claritate
2003 5231 2166 5285 quam

579 5297 778 5351 cernis.
827 5295 938 5354 Nec
968 5313 1119 5354 mora
1176 5299 1310 5356 vidit
1359 5303 1575 5358 beatum
1623 5305 1800 5360 virum
1844 5315 1899 5361 et
1943 5323 2166 5362 venera-

576 5388 739 5446 bilem
767 5392 938 5467 686
963 5395 1282 5453 Ansericum
1334 5401 1662 5468 pontificem,
1713 5403 1927 5458 obviam
1951 5403 2052 5459 sibi
2077 5420 2167 5460 ve-

575 5481 716 5546 nire,
748 5483 817 5538 ad
877 5499 1038 5554 quam
1093 5488 1212 5558 ait:
1261 5489 1522 5559 Agnoscis
1569 5493 1699 5547 me?
1742 5502 1797 5548 et
1830 5494 1919 5549 illa
1963 5495 2166 5550 fatetur

575 5587 638 5629 se
691 5574 961 5644 ignorare.
1006 5579 1120 5652 Ego
1151 5597 1288 5645 sum,
1320 5581 1511 5653 inquit,
1561 5584 1855 5644 Ansericus
1880 5589 2164 5660 episcopus

575 5662 948 5735 Suessionum,
981 5683 1140 5742 quem
1167 5673 1411 5728 crebrius
1443 5674 1494 5728 in
1525 5673 1684 5730 domo
1709 5685 1799 5732 tua
1839 5681 2162 5735 accersitum

572 5754 778 5824 vidisti,
815 5758 938 5814 veni
977 5763 1366 5820 eLostendam
1406 5764 1501 5822 tibi
1554 5765 1739 5823 valvas
1791 5771 2044 5839 paradisi.
2097 5772 2160 5828 Et

2330 532 2700 598 apostolorum
2733 550 2799 590 ex
2831 552 2966 591 auro
2992 539 3322 609 gemmisque
3365 542 3628 599 rutilantes.
3663 547 3733 603 Cui
3759 564 3795 607 et

2329 626 2406 678 ait
2451 643 2464 677 :
2524 627 2660 683 Ecce
2692 629 2784 683 tibi
2822 631 2971 686 locus
3025 643 3355 702 prmparatus
3384 646 3477 690 est.
3528 637 3616 692 Sed
3637 641 3727 708 quia
3751 644 3802 712 il.

2327 717 2831 792 Mariaeingemmati
2858 732 2984 778 sunt
3008 725 3169 792 oculi,
3204 735 3255 780 et
3279 741 3460 796 preces
3478 743 3682 786 sororum
3699 734 3792 792 ferre

2324 827 2431 866 non
2487 824 2682 884 potest,
2734 818 2861 888 quia
2897 819 3074 873 adhuc
3110 820 3190 874 eis
3238 823 3528 876 necessaria
3575 839 3638 889 es,
3669 827 3796 896 depre-

2323 912 2441 958 cata
2471 913 2555 959 est
2597 905 2794 962 Filium
2820 924 2998 976 suum,
3031 921 3091 965 ut
3117 927 3149 966 a
3178 913 3386 981 superis
3407 914 3607 970 celerius
3630 917 3722 974 illuc
3741 935 3794 977 rt-

2321 997 2552 1052 vertaris
2611 1000 2830 1068 praemia
2871 1017 3185 1070 possessura
3227 1004 3321 1059 tibi
3358 1019 3387 1058 a
3421 1003 3618 1062 Domino
3651 1011 3792 1067 collata.

2313 1087 2540 1144 Interim
2583 1091 2700 1145 avis
2731 1091 2820 1146 illa
2871 1092 3066 1148 iterum
3115 1093 3262 1148 illam
3308 1095 3655 1162 apprehensam
3677 1100 3716 1154 in
3736 1117 3795 1158 ore

2318 1179 2454 1248 ejus,
2497 1180 2736 1238 anhelitu
2794 1195 3116 1253 recuperato
3145 1183 3268 1255 [αι.,
3323 1184 3466 1257 dato]
3493 1201 3522 1240 a
3561 1191 3796 1259 superisne-

2316 1272 2487 1328 misit.

2883 1389 3112 1446 CAPUT
3161 1390 3304 1447 XVI.

2383 1480 2553 1550 igitur
2581 1480 2706 1534 dum
2735 1481 2969 1550 quadam
3001 1491 3157 1537 nocte
3181 1484 3479 1552 quiesceret
3503 1483 3604 1556 [al..
3625 1499 3792 1555 soporem

2315 1572 2577 1644 caperet],
2607 1573 2658 1625 in
2691 1574 2868 1643 specie
2894 1575 3218 1629 venerabilis
3257 1575 3358 1629 viri
3412 1574 3708 1642 Waldeberti,
3737 1591 3791 1631 ut-

2312 1673 2436 1732 pote
2464 1663 2684 1733 angelus
2723 1663 2933 1718 Domini
2995 1666 3248 1734 apparuit
3285 1665 3334 1718 ei
3366 1665 3530 1731 tertio,
3572 1667 3702 1735 quiet
3725 1669 3793 1721 cin-

2313 1755 2494 1824 gulum
2529 1753 2645 1822 ejus
2712 1756 2864 1820 vidit,
2892 1766 2946 1810 et
2969 1757 3034 1810 de
3057 1793 3060 1796 «
3083 1757 3306 1812 renibus
3355 1757 3651 1812 abstractum
3675 1775 3792 1813 secum

2313 1845 2522 1909 detulit,
2570 1847 2711 1915 quod
2752 1847 3022 1916 cingulum
3055 1847 3284 1901 ulterius
3327 1861 3429 1901 non
3473 1849 3729 1917 comparuit,
3747 1850 3790 1904 si-

2313 1935 2597 2004 gnificans,
2645 1944 2704 1988 ut
2729 1936 2942 2005 opinor,
2974 1935 3117 2006 quod
3151 1937 3204 1990 in
3235 1937 3544 2006 posteritate
3569 1937 3665 2005 ejus
3684 1940 3789 1992 honor

2305 2029 2742 2084 successionibus
2793 2029 3108 2084 accreverit.
3161 2026 3327 2095 Cujus
3372 2037 3540 2082 vestes
3559 2037 3610 2080 ut
3639 2030 3720 2098 ipsa
3743 2045 3792 2084 re-

2305 2121 2454 2176 ferre
2485 2123 2707 2188 solebat,
2752 2124 2988 2178 candore
3019 2125 3187 2178 nimio
3225 2123 3492 2195 fulgebant
3533 2133 3581 2178 et
3611 2125 3686 2178 hac
3714 2138 3792 2176 voce

2303 2215 2626 2269 admiranda
2695 2213 2893 2270 affatur
2951 2216 3258 2272 feminam:
3303 2215 3349 2272 Ο
3397 2215 3665 2270 dulcissima
3709 2215 3790 2272 ﬁlia,

2301 2321 2552 2376 praepara
2613 2315 2665 2361 te
2696 2318 2752 2361 ut
2799 2308 3036 2377 accipias
3081 2308 3356 2374 bravium,
3403 2318 3456 2362 et
3499 2309 3665 2362 exitum
3701 2319 3790 2360 iuuat

2303 2399 2640 2470 praestolare,
2668 2401 2792 2468 quia
2821 2409 2876 2454 et
2889 2415 2987 2470 ego
3009 2416 3074 2454 ex
3103 2401 3332 2456 victoria
3359 2409 3448 2454 tua
3471 2400 3608 2469 cupio
3622 2399 3785 2452 lit-avium

2305 2491 2572 2558 accipere,
2607 2491 2731 2559 quia
2762 2491 3059 2545 centesima
3097 2507 3164 2544 ex
3205 2492 3311 2545 hac
3337 2491 3420 2545 die
3452 2490 3556 2544 dies
3585 2489 3793 2543 vocationis

2301 2591 2411 2635 tuae
2438 2583 2673 2646 eveniet,
2697 2592 2755 2635 ut
2777 2582 2981 2637 laboris
3007 2583 3081 2636 tui
3109 2581 3350 2638 fructum
3381 2597 3528 2652 quem
3549 2596 3648 2635 cum
3665 2595 3793 2648 magna

2303 2675 2500 2728 sudore
2529 2675 2794 2744 qttmsisti,
2823 2689 2944 2728 cum
2979 2675 3342 2745 multiplicato
3373 2675 3564 2729 foenore
3590 2677 3632 2727 in
3663 2674 3791 2726 horreo

2302 2769 2516 2822 Domini
2544 2769 2617 2822 tui
2650 2771 2933 2824 recondas.
2963 2769 3088 2823 llaec
3114 2769 3348 2824 audiens
3377 2767 3482 2833 illa,
3511 2782 3599 2820 una
3623 2781 3674 2820 ex
3699 2777 3794 2816 som-

2300 2860 2453 2914 ribus
2481 2862 2581 2915 sibi
2622 2861 2873 2916 familiari
2904 2861 3193 2928 accersita,
3252 2861 3363 2914 vim
3409 2859 3586 2914 somnii
3610 2869 3792 2912 tenorem-

2298 2968 2408 3021 qne
2444 2954 2519 3008 rei
2560 2954 2767 3024 pandit,
2807 2963 2861 3008 et
2883 2953 3097 3009 caeteris
3135 2966 3395 3022 promere
3421 2949 3625 3005 distulit.

2868 3067 3096 3124 CAPUT
3133 3066 3303 3124 XVII.

2373 3179 2610 3248 Angelus
2639 3190 2820 3234 autem
2850 3180 3062 3235 Domini
3091 3179 3354 3250 praecepit
3377 3179 3424 3234 ei
3453 3187 3504 3232 ut
3533 3191 3612 3247 per
3631 3170 3791 3241 singulos
3877 3205 3886 3224 .

2302 3273 2418 3329 dies
2460 3289 2523 3329 ac
2559 3283 2746 3330 noctes
2791 3273 2930 3329 infra
2976 3275 3122 3329 illum
3173 3275 3540 3330 centenarium
3589 3282 3789 3326 numerum

2298 3367 2546 3438 expleret
2575 3368 2908 3439 psalterium.
2943 3369 3024 3423 Ab
3056 3368 3144 3423 illa
3173 3369 3342 3440 igitur
3371 3369 3457 3423 die
3485 3360 3787 3435 cmpitvigiliis,

2290 3457 2536 3530 jejuniis,
2581 3461 2823 3530 psalmis,
2859 3469 2915 3516 et
2943 3460 3286 3518 orationibus
3314 3461 3431 3533 plus
3455 3459 3594 3516 solito
3633 3453 3788 3508 Domino

2295 3550 2468 3605 libare
2512 3560 2714 3620 quanto
2764 3551 2972 3606 firmior
3015 3553 3081 3608 de
3117 3555 3412 3624 promisso,
3460 3559 3594 3606 tanto
3631 3543 3788 3601 alacrior

2295 3641 2364 3696 de
2395 3643 2678 3712 obsequio.
2706 3643 2844 3698 Ante
2874 3643 3189 3714 vigesitnam
3237 3653 3420 3698 autem
3441 3639 3694 3697 vocationis
3717 3635 3788 3702 ejus

2295 3731 2459 3798 diem,
2503 3731 2697 3801 pedum
2726 3733 2909 3788 dolore
2943 3742 3083 3789 tacta
3129 3733 3333 3790 lectulo
3373 3727 3787 3802 decubuit[al.,oc-

2293 3822 2502 3896 cubuit]
2553 3833 2612 3878 ut
2653 3833 2706 3880 et
2739 3825 2803 3880 de
2848 3824 2963 3880 viro
3017 3826 3261 3897 perfecto
3319 3827 3588 3882 dicituru
3624 3815 3786 3876 Florebit

2292 3913 2614 3984 amigdalus,
2674 3915 3098 3986 impingnabitur
3153 3916 3387 3982 locusta,
3434 3925 3488 3972 et
3531 3907 3786 3980 dissipabitur

2291 4007 2541 4078 capparis
2573 4027 2587 4062 :
2615 4008 2871 4079 quoniam
2900 4009 3000 4064 ibit
3032 4011 3192 4064 homo
3223 4011 3278 4065 in
3320 4012 3531 4066 domum
3553 3998 3786 4061 aeternitatis

2289 4115 2400 4152 sua:
2423 4099 2614 4170 (Eccli.
2635 4117 2732 4165 xu,
2751 4101 2826 4172 v).
2861 4121 2880 4154 ι
2909 4100 3210 4158 Novissime
3222 4103 3438 4174 expleto
3458 4099 3631 4161 ollicio,
3656 4103 3785 4149 conto-

2288 4194 2426 4249 catis
2471 4210 2718 4250 sororum
2763 4197 3086 4268 agminibus,
3149 4197 3254 4252 hac
3303 4213 3398 4253 eas
3443 4209 3568 4250 voce
3618 4189 3782 4244 aﬁatur:

2287 4282 2610 4340 Permanete
2647 4287 2698 4340 in
2743 4287 2964 4341 servitio
3002 4289 3393 4358 omnipotentis
3423 4287 3544 4348 Dei,
3571 4299 3599 4337 ο
3637 4273 3783 4334 famul:

2286 4376 2509 4442 Christi,
2545 4381 2694 4450 quia,
2717 4397 2825 4436 non
2863 4383 2954 4452 qui
2987 4384 3215 4454 coaperit
3256 4384 3416 4453 juxta
3460 4383 3668 4440 divinum
3705 4388 3768 4426 οη

2285 4467 2464 4522 culum
2493 4469 2710 4538 (Matth.
2738 4489 2794 4537 x,
2829 4472 2940 4544 22),
2969 4473 3064 4528 scd
3087 4479 3178 4544 qui
3227 4471 3638 4546 perseveraverit
3667 4477 3783 4534 usque

2283 4560 2334 4614 in
2386 4560 2548 4615 linem
2579 4563 2667 4617 hic
2713 4563 2894 4619 salvus
2923 4565 3044 4619 erit.

2859 4672 3086 4728 CAPUT
3119 4671 3300 4729 XVI-ll.

2349 4759 2580 4827 Interea,
2615 4771 2672 4815 ut
2703 4762 2901 4817 assolet
2929 4764 2979 4818 in
3013 4781 3190 4820 rerum
3223 4758 3780 4836 opulentia,diseortﬁltn

2278 4853 2441 4906 etiam
2495 4854 2634 4908 inter
2687 4855 3016 4926 propinquos
3069 4860 3354 4928 generari,
3405 4869 3664 4931 germanus
3702 4849 3781 4919 ειυς

2277 4944 2426 5000 Bodo
2461 4945 2884 5015 aliquasvillas,
2921 4964 3056 5020 quas
3089 4963 3184 5020 per
3225 4952 3534 5006 chartarum
3558 4945 3716 5002 seriem
3735 4934 3780 4990 ad

2209 5094 2214 5096 _
2275 5040 2451 5110 ipsum
2483 5041 2882 5096 condonaverat
2928 5044 3258 5110 coenobium,
3299 5045 3480 5101 illicita
3509 5034 3779 5108 usurpauitne

2275 5131 2564 5197 retinebat,
2593 5132 2686 5188 sed
2718 5142 2994 5204 comperta
3021 5150 3295 5205 germanae
3321 5133 3636 5206 aegritudine,
3663 5120 3776 5182 etilli

2271 5239 2372 5293 pro
2427 5223 2529 5279 hac
2570 5238 2625 5277 re
2676 5224 2834 5278 anxia
2896 5225 3179 5280 Dominum
3235 5227 3580 5296 deprecante,
3623 5224 3776 5313 Sumit?!

2273 5331 2394 5371 cum
2436 5315 2780 5372 festinatione
2814 5317 2879 5372 ad
2911 5333 3028 5372 eam
3074 5320 3242 5384 venit,
3284 5332 3509 5389 moxque
3555 5314 3612 5369 de
3649 5304 3777 5363 medi0

2271 5409 2580 5464 chartarum
2610 5413 2819 5467 sanctio
2849 5412 3081 5468 invicem
3123 5414 3393 5481 roborata,
3447 5414 3676 5467 hactenus
3694 5407 3774 5456 rata

2267 5501 2521 5571 perdurat
2549 5501 2666 5574 [al.,
2701 5519 2932 5573 moxque
2977 5507 3194 5562 chartas
3233 5508 3455 5562 invicem
3498 5503 3770 5558 roborantcs.

2268 5593 2533 5649 hactenus
2563 5604 2731 5651 totum
2781 5606 2956 5651 ratum
2985 5597 3283 5671 perduxit];
3309 5599 3400 5653 sed
3431 5613 3546 5654 cum
3574 5589 3771 5648 sensisse!

2269 5702 2327 5743 se
2347 5687 2697 5759 migraturam
2718 5707 2745 5742 a
2767 5705 2992 5760 corpore
3017 5690 3135 5746 vale
3149 5692 3328 5747 dicens
3347 5678 3771 5756 sor-oribusllallﬂn

2267 5780 2643 5853 presbyterum
2674 5783 2937 5854 poposcit,
2970 5791 3029 5838 ut
3053 5797 3151 5855 pro
3177 5797 3258 5854 se,
3288 5783 3422 5842 sicut
3442 5775 3560 5838 mos
3583 5787 3664 5846 est,
3686 5766 3772 5829 οω-
