  <div class='ocr_page' id='page_1' title='image "/cluster/home/n/w/nwhite01/storage/ocr_20150623/156/njp.32101077773214/013.png"; bbox 0 0 1929 3087; ppageno 0'>
   <div class='ocr_carea' id='block_1_1' title="bbox 141 89 1766 122">
    <p class='ocr_par' dir='ltr' id='par_1_1' title="bbox 141 89 1766 122">
     <span class='ocr_line' id='line_1_1' title="bbox 141 89 1766 122; baseline -0.001 0"><span class='ocrx_word' id='word_1_1' title='bbox 141 89 178 122; x_wconf 72' lang='grc'><strong>,15</strong></span> <span class='ocrx_word' id='word_1_2' title='bbox 707 92 904 122; x_wconf 64' lang='lat' dir='ltr'><strong>MANUELIS</strong></span> <span class='ocrx_word' id='word_1_3' title='bbox 920 93 1180 122; x_wconf 68' lang='lat' dir='ltr'><strong>CllRYSDLOlLE</strong></span> <span class='ocrx_word' id='word_1_4' title='bbox 1735 89 1766 121; x_wconf 64' lang='lat' dir='ltr'><strong>Ili</strong></span> 
     </span>
    </p>
   </div>
   <div class='ocr_carea' id='block_1_2' title="bbox 180 143 1764 182">
    <p class='ocr_par' dir='ltr' id='par_1_2' title="bbox 180 143 1764 182">
     <span class='ocr_line' id='line_1_2' title="bbox 180 143 1764 182; baseline 0.003 -14"><span class='ocrx_word' id='word_1_5' title='bbox 180 143 241 170; x_wconf 61' lang='lat' dir='ltr'><strong>llaec</strong></span> <span class='ocrx_word' id='word_1_6' title='bbox 257 144 356 178; x_wconf 81' lang='lat' dir='ltr'><strong>dupch</strong></span> <span class='ocrx_word' id='word_1_7' title='bbox 375 145 461 179; x_wconf 86' lang='lat' dir='ltr'><strong>patria</strong></span> <span class='ocrx_word' id='word_1_8' title='bbox 483 145 548 181; x_wconf 87' lang='lat' dir='ltr'><strong>quid</strong></span> <span class='ocrx_word' id='word_1_9' title='bbox 566 145 618 173; x_wconf 87' lang='lat' dir='ltr'><strong>sibi</strong></span> <span class='ocrx_word' id='word_1_10' title='bbox 635 147 709 178; x_wconf 78' lang='lat' dir='ltr'><strong>velit,</strong></span> <span class='ocrx_word' id='word_1_11' title='bbox 726 147 846 181; x_wconf 69' lang='lat' dir='ltr'><strong>explicat</strong></span> <span class='ocrx_word' id='word_1_12' title='bbox 863 146 1048 182; x_wconf 82' lang='lat' dir='ltr'><strong>Epitaphium,</strong></span> <span class='ocrx_word' id='word_1_13' title='bbox 1066 148 1137 181; x_wconf 83' lang='lat' dir='ltr'><strong>quod</strong></span> <span class='ocrx_word' id='word_1_14' title='bbox 1152 148 1332 182; x_wconf 56' lang='lat' dir='ltr'><strong>Chryst’duras</strong></span> <span class='ocrx_word' id='word_1_15' title='bbox 1355 153 1446 173; x_wconf 68' lang='lat' dir='ltr'><strong>noster</strong></span> <span class='ocrx_word' id='word_1_16' title='bbox 1473 147 1499 174; x_wconf 91' lang='lat' dir='ltr'><strong>iu</strong></span> <span class='ocrx_word' id='word_1_17' title='bbox 1520 146 1764 174; x_wconf 73' lang='lat' dir='ltr'><strong>Dominicanorum</strong></span> 
     </span>
    </p>
   </div>
   <div class='ocr_carea' id='block_1_3' title="bbox 145 189 1765 226">
    <p class='ocr_par' dir='ltr' id='par_1_3' title="bbox 145 189 1765 226">
     <span class='ocr_line' id='line_1_3' title="bbox 145 189 1765 226; baseline 0.004 -14"><span class='ocrx_word' id='word_1_18' title='bbox 145 189 317 216; x_wconf 78' lang='lat' dir='ltr'><strong>monasterio</strong></span> <span class='ocrx_word' id='word_1_19' title='bbox 333 190 365 217; x_wconf 83' lang='lat' dir='ltr'><strong>ad</strong></span> <span class='ocrx_word' id='word_1_20' title='bbox 381 199 456 217; x_wconf 81' lang='lat' dir='ltr'><strong>aram</strong></span> <span class='ocrx_word' id='word_1_21' title='bbox 473 191 499 217; x_wconf 91' lang='lat' dir='ltr'><strong>in</strong></span> <span class='ocrx_word' id='word_1_22' title='bbox 525 193 590 217; x_wconf 89' lang='lat' dir='ltr'><strong>urbe</strong></span> <span class='ocrx_word' id='word_1_23' title='bbox 606 191 763 218; x_wconf 79' lang='lat' dir='ltr'><strong>Constantia</strong></span> <span class='ocrx_word' id='word_1_24' title='bbox 784 197 949 218; x_wconf 70' lang='lat' dir='ltr'><strong>consecutus</strong></span> <span class='ocrx_word' id='word_1_25' title='bbox 967 196 1009 218; x_wconf 75' lang='lat' dir='ltr'><strong>est</strong></span> <span class='ocrx_word' id='word_1_26' title='bbox 1025 201 1031 216; x_wconf 91' lang='lat'><strong>:</strong></span> <span class='ocrx_word' id='word_1_27' title='bbox 1059 191 1166 218; x_wconf 82' lang='lat' dir='ltr'><strong>Manuel</strong></span> <span class='ocrx_word' id='word_1_28' title='bbox 1184 192 1370 226; x_wconf 78' lang='lat' dir='ltr'><strong>Chrysa/oras,</strong></span> <span class='ocrx_word' id='word_1_29' title='bbox 1389 193 1464 218; x_wconf 74' lang='lat' dir='ltr'><strong>miles</strong></span> <span class='ocrx_word' id='word_1_30' title='bbox 1481 191 1765 225; x_wconf 60' lang='lat' dir='ltr'><strong>Constantinopolita-</strong></span> 
     </span>
    </p>
   </div>
   <div class='ocr_carea' id='block_1_4' title="bbox 144 233 1675 269">
    <p class='ocr_par' dir='ltr' id='par_1_4' title="bbox 144 233 1675 269">
     <span class='ocr_line' id='line_1_4' title="bbox 144 233 1675 269; baseline 0.003 -13"><span class='ocrx_word' id='word_1_31' title='bbox 144 237 204 262; x_wconf 78' lang='lat' dir='ltr'><strong>nus,</strong></span> <span class='ocrx_word' id='word_1_32' title='bbox 220 239 253 258; x_wconf 71' lang='lat' dir='ltr'><strong>ea:</strong></span> <span class='ocrx_word' id='word_1_33' title='bbox 270 238 371 260; x_wconf 81' lang='lat' dir='ltr'><strong>vetusto</strong></span> <span class='ocrx_word' id='word_1_34' title='bbox 387 241 482 268; x_wconf 73' lang='lat' dir='ltr'><strong>genere</strong></span> <span class='ocrx_word' id='word_1_35' title='bbox 499 233 688 267; x_wconf 83' lang='lat' dir='ltr'><strong>llontanorum,</strong></span> <span class='ocrx_word' id='word_1_36' title='bbox 705 237 750 269; x_wconf 82' lang='lat' dir='ltr'><strong>qui</strong></span> <span class='ocrx_word' id='word_1_37' title='bbox 764 242 824 261; x_wconf 85' lang='lat' dir='ltr'><strong>cum</strong></span> <span class='ocrx_word' id='word_1_38' title='bbox 846 233 1023 262; x_wconf 75' lang='lat' dir='ltr'><strong>Constantino</strong></span> <span class='ocrx_word' id='word_1_39' title='bbox 1042 234 1201 268; x_wconf 75' lang='lat' dir='ltr'><strong>imperatore</strong></span> <span class='ocrx_word' id='word_1_40' title='bbox 1222 235 1382 269; x_wconf 75' lang='lat' dir='ltr'><strong>migrarunt.</strong></span> <span class='ocrx_word' id='word_1_41' title='bbox 1402 234 1435 260; x_wconf 80' lang='lat' dir='ltr'><strong>Et</strong></span> <span class='ocrx_word' id='word_1_42' title='bbox 1448 238 1510 268; x_wconf 84' lang='lat' dir='ltr'><strong>post</strong></span> <span class='ocrx_word' id='word_1_43' title='bbox 1525 234 1650 269; x_wconf 66' lang='lat' dir='ltr'><strong>quaedam</strong></span> <span class='ocrx_word' id='word_1_44' title='bbox 1668 243 1675 261; x_wconf 95' lang='lat'>:</span> 
     </span>
    </p>
   </div>
   <div class='ocr_carea' id='block_1_5' title="bbox 388 290 1062 326">
    <p class='ocr_par' dir='ltr' id='par_1_5' title="bbox 388 290 1062 326">
     <span class='ocr_line' id='line_1_5' title="bbox 388 290 1062 326; baseline 0.001 -9"><span class='ocrx_word' id='word_1_45' title='bbox 388 290 474 318; x_wconf 81' lang='lat' dir='ltr'><strong>Roma</strong></span> <span class='ocrx_word' id='word_1_46' title='bbox 489 300 558 318; x_wconf 78' lang='lat' dir='ltr'><strong>meos</strong></span> <span class='ocrx_word' id='word_1_47' title='bbox 571 293 658 326; x_wconf 87' lang='lat' dir='ltr'><strong>genuit</strong></span> <span class='ocrx_word' id='word_1_48' title='bbox 679 292 795 325; x_wconf 80' lang='lat' dir='ltr'><strong>maiores</strong></span> <span class='ocrx_word' id='word_1_49' title='bbox 816 299 825 318; x_wconf 91' lang='lat'><em>:</em></span> <span class='ocrx_word' id='word_1_50' title='bbox 845 300 884 319; x_wconf 87' lang='lat' dir='ltr'><strong>me</strong></span> <span class='ocrx_word' id='word_1_51' title='bbox 900 292 966 319; x_wconf 88' lang='lat' dir='ltr'><strong>bona</strong></span> <span class='ocrx_word' id='word_1_52' title='bbox 984 291 1062 319; x_wconf 77' lang='lat' dir='ltr'><strong>tellus</strong></span> 
     </span>
    </p>
   </div>
   <div class='ocr_carea' id='block_1_6' title="bbox 394 326 989 361">
    <p class='ocr_par' dir='ltr' id='par_1_6' title="bbox 394 326 989 361">
     <span class='ocr_line' id='line_1_6' title="bbox 394 326 989 361; baseline 0.01 -9"><span class='ocrx_word' id='word_1_53' title='bbox 394 326 543 361; x_wconf 80' lang='lat' dir='ltr'><strong>Byzantina</strong></span> <span class='ocrx_word' id='word_1_54' title='bbox 563 327 635 354; x_wconf 87' lang='lat' dir='ltr'><strong>tulit.</strong></span> <span class='ocrx_word' id='word_1_55' title='bbox 657 348 664 355; x_wconf 91' lang='lat'><strong>.</strong></span> <span class='ocrx_word' id='word_1_56' title='bbox 689 348 695 354; x_wconf 93' lang='lat'><strong>.</strong></span> <span class='ocrx_word' id='word_1_57' title='bbox 716 347 724 354; x_wconf 87' lang='lat'><strong>.</strong></span> <span class='ocrx_word' id='word_1_58' title='bbox 985 354 989 358; x_wconf 93' lang='lat'><strong>.</strong></span> 
     </span>
    </p>
   </div>
   <div class='ocr_carea' id='block_1_7' title="bbox 181 371 1764 417">
    <p class='ocr_par' dir='ltr' id='par_1_7' title="bbox 181 371 1764 417">
     <span class='ocr_line' id='line_1_7' title="bbox 181 371 1764 417; baseline 0.003 -12"><span class='ocrx_word' id='word_1_59' title='bbox 181 379 189 405; x_wconf 91' lang='lat' dir='ltr'><strong>l</strong></span> <span class='ocrx_word' id='word_1_60' title='bbox 205 398 213 406; x_wconf 89' lang='lat'><em>.</em></span> <span class='ocrx_word' id='word_1_61' title='bbox 236 371 307 411; x_wconf 73' lang='lat' dir='ltr'><strong>Fuit,</strong></span> <span class='ocrx_word' id='word_1_62' title='bbox 325 383 354 406; x_wconf 91' lang='lat' dir='ltr'><strong>ut</strong></span> <span class='ocrx_word' id='word_1_63' title='bbox 366 380 395 406; x_wconf 83' lang='lat' dir='ltr'><strong>in</strong></span> <span class='ocrx_word' id='word_1_64' title='bbox 423 381 474 407; x_wconf 88' lang='lat' dir='ltr'><strong>hoc</strong></span> <span class='ocrx_word' id='word_1_65' title='bbox 490 380 635 415; x_wconf 83' lang='lat' dir='ltr'><strong>Epitaphio</strong></span> <span class='ocrx_word' id='word_1_66' title='bbox 652 381 763 413; x_wconf 88' lang='lat' dir='ltr'><strong>dicitur,</strong></span> <span class='ocrx_word' id='word_1_67' title='bbox 781 381 1107 417; x_wconf 87' lang='lat' dir='ltr'><strong>Constantinopolitanus</strong></span> <span class='ocrx_word' id='word_1_68' title='bbox 1123 381 1210 408; x_wconf 83' lang='lat' dir='ltr'><strong>miles.</strong></span> <span class='ocrx_word' id='word_1_69' title='bbox 1227 381 1287 414; x_wconf 84' lang='lat' dir='ltr'><strong>Quo</strong></span> <span class='ocrx_word' id='word_1_70' title='bbox 1309 381 1442 408; x_wconf 85' lang='lat' dir='ltr'><strong>vocabulo</strong></span> <span class='ocrx_word' id='word_1_71' title='bbox 1458 381 1641 416; x_wconf 72' lang='lat' dir='ltr'><strong>scriptoribus</strong></span> <span class='ocrx_word' id='word_1_72' title='bbox 1654 381 1764 411; x_wconf 85' lang='lat' dir='ltr'><strong>Latinis</strong></span> 
     </span>
    </p>
   </div>
   <div class='ocr_carea' id='block_1_8' title="bbox 144 423 1762 462">
    <p class='ocr_par' dir='ltr' id='par_1_8' title="bbox 144 423 1762 462">
     <span class='ocr_line' id='line_1_8' title="bbox 144 423 1762 462; baseline 0.002 -12"><span class='ocrx_word' id='word_1_73' title='bbox 144 423 347 451; x_wconf 82' lang='lat' dir='ltr'><strong>recentioribus</strong></span> <span class='ocrx_word' id='word_1_74' title='bbox 373 432 461 459; x_wconf 76' lang='lat' dir='ltr'><strong>eques,</strong></span> <span class='ocrx_word' id='word_1_75' title='bbox 478 425 503 452; x_wconf 88' lang='lat' dir='ltr'><strong>id</strong></span> <span class='ocrx_word' id='word_1_76' title='bbox 518 429 571 456; x_wconf 80' lang='lat' dir='ltr'><strong>est,</strong></span> <span class='ocrx_word' id='word_1_77' title='bbox 594 426 731 453; x_wconf 87' lang='lat' dir='ltr'><strong>interdum</strong></span> <span class='ocrx_word' id='word_1_78' title='bbox 749 427 841 459; x_wconf 83' lang='lat' dir='ltr'><strong>miles,</strong></span> <span class='ocrx_word' id='word_1_79' title='bbox 862 427 910 462; x_wconf 91' lang='lat' dir='ltr'><strong>qui</strong></span> <span class='ocrx_word' id='word_1_80' title='bbox 934 434 989 453; x_wconf 92' lang='lat' dir='ltr'><strong>non</strong></span> <span class='ocrx_word' id='word_1_81' title='bbox 1006 427 1136 461; x_wconf 88' lang='lat' dir='ltr'><strong>peditem.</strong></span> <span class='ocrx_word' id='word_1_82' title='bbox 1158 426 1204 453; x_wconf 88' lang='lat' dir='ltr'><strong>sed</strong></span> <span class='ocrx_word' id='word_1_83' title='bbox 1219 425 1337 460; x_wconf 88' lang='lat' dir='ltr'><strong>equitem</strong></span> <span class='ocrx_word' id='word_1_84' title='bbox 1354 425 1409 459; x_wconf 82' lang='lat' dir='ltr'><strong>agit</strong></span> <span class='ocrx_word' id='word_1_85' title='bbox 1427 434 1433 452; x_wconf 89' lang='lat'>:</span> <span class='ocrx_word' id='word_1_86' title='bbox 1454 425 1589 452; x_wconf 81' lang='lat' dir='ltr'><strong>interdum</strong></span> <span class='ocrx_word' id='word_1_87' title='bbox 1611 426 1693 452; x_wconf 83' lang='lat' dir='ltr'><strong>ctiam</strong></span> <span class='ocrx_word' id='word_1_88' title='bbox 1711 434 1762 453; x_wconf 88' lang='lat' dir='ltr'><strong>no-</strong></span> 
     </span>
    </p>
   </div>
   <div class='ocr_carea' id='block_1_9' title="bbox 145 467 1765 504">
    <p class='ocr_par' dir='ltr' id='par_1_9' title="bbox 145 467 1765 504">
     <span class='ocr_line' id='line_1_9' title="bbox 145 467 1765 504; baseline 0.002 -11"><span class='ocrx_word' id='word_1_89' title='bbox 145 467 219 500; x_wconf 79' lang='lat' dir='ltr'><strong>bilis,</strong></span> <span class='ocrx_word' id='word_1_90' title='bbox 243 476 323 502; x_wconf 84' lang='lat' dir='ltr'><strong>quem</strong></span> <span class='ocrx_word' id='word_1_91' title='bbox 342 467 462 502; x_wconf 75' lang='lat' dir='ltr'><strong>dignitas</strong></span> <span class='ocrx_word' id='word_1_92' title='bbox 479 470 616 503; x_wconf 74' lang='lat' dir='ltr'><strong>equestris</strong></span> <span class='ocrx_word' id='word_1_93' title='bbox 640 475 731 501; x_wconf 85' lang='lat' dir='ltr'><strong>ornat,</strong></span> <span class='ocrx_word' id='word_1_94' title='bbox 749 470 875 497; x_wconf 87' lang='lat' dir='ltr'><strong>denotari</strong></span> <span class='ocrx_word' id='word_1_95' title='bbox 892 469 970 498; x_wconf 84' lang='lat' dir='ltr'><strong>solet.</strong></span> <span class='ocrx_word' id='word_1_96' title='bbox 989 469 1152 497; x_wconf 79' lang='lat' dir='ltr'><strong>Guiliehnns</strong></span> <span class='ocrx_word' id='word_1_97' title='bbox 1168 469 1243 496; x_wconf 84' lang='lat' dir='ltr'><strong>Brito</strong></span> <span class='ocrx_word' id='word_1_98' title='bbox 1258 469 1306 496; x_wconf 77' lang='lat' dir='ltr'><strong>lib;</strong></span> <span class='ocrx_word' id='word_1_99' title='bbox 1325 477 1355 495; x_wconf 85' lang='grc' dir='ltr'>ιιι</span> <span class='ocrx_word' id='word_1_100' title='bbox 1375 469 1554 504; x_wconf 76' lang='lat' dir='ltr'><strong>Philippides,</strong></span> <span class='ocrx_word' id='word_1_101' title='bbox 1574 477 1657 497; x_wconf 80' lang='lat' dir='ltr'><strong>Versu</strong></span> <span class='ocrx_word' id='word_1_102' title='bbox 1675 470 1727 497; x_wconf 69' lang='grc'><strong>246</strong></span> <span class='ocrx_word' id='word_1_103' title='bbox 1737 475 1765 498; x_wconf 86' lang='lat' dir='ltr'><strong>et</strong></span> 
     </span>
    </p>
   </div>
   <div class='ocr_carea' id='block_1_10' title="bbox 145 511 906 538">
    <p class='ocr_par' dir='ltr' id='par_1_10' title="bbox 145 511 221 538">
     <span class='ocr_line' id='line_1_10' title="bbox 145 511 221 538; baseline 0 0"><span class='ocrx_word' id='word_1_104' title='bbox 145 511 195 538; x_wconf 67' lang='grc' dir='ltr'><strong>ΞΗ</strong></span> <span class='ocrx_word' id='word_1_105' title='bbox 213 520 221 538; x_wconf 90' lang='lat'><strong>:</strong></span> 
     </span>
    </p>
   </div>
   <div class='ocr_carea' id='block_1_11' title="bbox 421 555 834 584">
    <p class='ocr_par' dir='ltr' id='par_1_11' title="bbox 421 555 834 584">
     <span class='ocr_line' id='line_1_11' title="bbox 421 555 834 584; baseline 0 0"><span class='ocrx_word' id='word_1_106' title='bbox 421 576 428 584; x_wconf 94' lang='lat'><strong>.</strong></span> <span class='ocrx_word' id='word_1_107' title='bbox 453 577 459 583; x_wconf 98' lang='lat'><strong>.</strong></span> <span class='ocrx_word' id='word_1_108' title='bbox 477 556 549 584; x_wconf 81' lang='lat' dir='ltr'><strong>solus</strong></span> <span class='ocrx_word' id='word_1_109' title='bbox 564 555 740 584; x_wconf 83' lang='lat' dir='ltr'><strong>Garlundicus</strong></span> <span class='ocrx_word' id='word_1_110' title='bbox 758 557 834 584; x_wconf 83' lang='lat' dir='ltr'><strong>heros</strong></span> 
     </span>
    </p>
   </div>
   <div class='ocr_carea' id='block_1_12' title="bbox 391 591 1210 629">
    <p class='ocr_par' dir='ltr' id='par_1_12' title="bbox 391 591 1210 629">
     <span class='ocr_line' id='line_1_12' title="bbox 391 591 1210 629; baseline 0.002 -11"><span class='ocrx_word' id='word_1_111' title='bbox 391 591 484 619; x_wconf 76' lang='lat' dir='ltr'><strong>Servat</strong></span> <span class='ocrx_word' id='word_1_112' title='bbox 499 600 556 618; x_wconf 86' lang='lat' dir='ltr'><strong>eam</strong></span> <span class='ocrx_word' id='word_1_113' title='bbox 574 591 694 629; x_wconf 83' lang='lat' dir='ltr'><strong>[urbem]</strong></span> <span class='ocrx_word' id='word_1_114' title='bbox 712 598 734 619; x_wconf 90' lang='lat' dir='ltr'><strong>et</strong></span> <span class='ocrx_word' id='word_1_115' title='bbox 752 595 831 628; x_wconf 80' lang='lat' dir='ltr'><strong>pauci</strong></span> <span class='ocrx_word' id='word_1_116' title='bbox 844 593 944 628; x_wconf 79' lang='lat' dir='ltr'><strong>pedites</strong></span> <span class='ocrx_word' id='word_1_117' title='bbox 960 600 1019 619; x_wconf 87' lang='lat' dir='ltr'><strong>cum</strong></span> <span class='ocrx_word' id='word_1_118' title='bbox 1036 592 1121 629; x_wconf 77' lang='lat' dir='ltr'><strong>milite</strong></span> <span class='ocrx_word' id='word_1_119' title='bbox 1139 600 1210 620; x_wconf 79' lang='lat' dir='ltr'><strong>raro.</strong></span> 
     </span>
    </p>
   </div>
   <div class='ocr_carea' id='block_1_13' title="bbox 178 648 712 685">
    <p class='ocr_par' dir='ltr' id='par_1_13' title="bbox 178 648 712 685">
     <span class='ocr_line' id='line_1_13' title="bbox 178 648 712 685; baseline 0.004 -10"><span class='ocrx_word' id='word_1_120' title='bbox 178 648 238 675; x_wconf 87' lang='lat' dir='ltr'><strong>Lib.</strong></span> <span class='ocrx_word' id='word_1_121' title='bbox 257 657 293 682; x_wconf 87' lang='lat' dir='ltr'><strong>tv,</strong></span> <span class='ocrx_word' id='word_1_122' title='bbox 308 657 386 676; x_wconf 73' lang='lat' dir='ltr'><strong>versu</strong></span> <span class='ocrx_word' id='word_1_123' title='bbox 399 650 448 676; x_wconf 73' lang='grc'><strong>281</strong></span> <span class='ocrx_word' id='word_1_124' title='bbox 467 655 494 677; x_wconf 80' lang='lat' dir='ltr'><strong>et</strong></span> <span class='ocrx_word' id='word_1_125' title='bbox 509 651 689 685; x_wconf 76' lang='lat' dir='ltr'><strong>srquentibus</strong></span> <span class='ocrx_word' id='word_1_126' title='bbox 705 659 712 677; x_wconf 87' lang='lat'>:</span> 
     </span>
    </p>
   </div>
   <div class='ocr_carea' id='block_1_14' title="bbox 392 705 1051 741">
    <p class='ocr_par' dir='ltr' id='par_1_14' title="bbox 392 705 1051 741">
     <span class='ocr_line' id='line_1_14' title="bbox 392 705 1051 741; baseline 0.002 -10"><span class='ocrx_word' id='word_1_127' title='bbox 392 705 444 741; x_wconf 63' lang='lat' dir='ltr'><strong>Sed</strong></span> <span class='ocrx_word' id='word_1_128' title='bbox 462 707 536 740; x_wconf 87' lang='lat' dir='ltr'><strong>prius</strong></span> <span class='ocrx_word' id='word_1_129' title='bbox 551 715 677 741; x_wconf 71' lang='lat' dir='ltr'><strong>expensas</strong></span> <span class='ocrx_word' id='word_1_130' title='bbox 691 707 776 733; x_wconf 79' lang='lat' dir='ltr'><strong>tribus</strong></span> <span class='ocrx_word' id='word_1_131' title='bbox 792 707 870 733; x_wconf 78' lang='lat' dir='ltr'><strong>annis</strong></span> <span class='ocrx_word' id='word_1_132' title='bbox 886 707 1051 740; x_wconf 78' lang='lat' dir='ltr'><strong>sufﬁcientes</strong></span> 
     </span>
    </p>
   </div>
   <div class='ocr_carea' id='block_1_15' title="bbox 390 740 1051 782">
    <p class='ocr_par' dir='ltr' id='par_1_15' title="bbox 390 740 1051 782">
     <span class='ocr_line' id='line_1_15' title="bbox 390 740 1051 782; baseline 0.002 -15"><span class='ocrx_word' id='word_1_133' title='bbox 390 740 661 782; x_wconf 36' lang='lat' dir='ltr'><strong>diuitibus-nuntiarint</strong></span> <span class='ocrx_word' id='word_1_134' title='bbox 675 741 824 782; x_wconf 72' lang='lat' dir='ltr'><strong>quingentis</strong></span> <span class='ocrx_word' id='word_1_135' title='bbox 833 742 872 782; x_wconf 51' lang='lat' dir='ltr'><strong>fle</strong></span> <span class='ocrx_word' id='word_1_136' title='bbox 891 742 999 776; x_wconf 87' lang='lat' dir='ltr'><strong>propria</strong></span> <span class='ocrx_word' id='word_1_137' title='bbox 1014 749 1051 772; x_wconf 79' lang='lat' dir='ltr'><strong>re,</strong></span> 
     </span>
    </p>
   </div>
   <div class='ocr_carea' id='block_1_16' title="bbox 390 776 1046 812">
    <p class='ocr_par' dir='ltr' id='par_1_16' title="bbox 390 776 1046 812">
     <span class='ocr_line' id='line_1_16' title="bbox 390 776 1046 812; baseline 0.003 -10"><span class='ocrx_word' id='word_1_138' title='bbox 390 776 463 802; x_wconf 77' lang='lat' dir='ltr'><strong>Mille</strong></span> <span class='ocrx_word' id='word_1_139' title='bbox 477 777 570 811; x_wconf 85' lang='lat' dir='ltr'><strong>quibus</strong></span> <span class='ocrx_word' id='word_1_140' title='bbox 585 776 672 804; x_wconf 80' lang='lat' dir='ltr'><strong>decies</strong></span> <span class='ocrx_word' id='word_1_141' title='bbox 687 776 787 812; x_wconf 73' lang='lat' dir='ltr'><strong>pedites</strong></span> <span class='ocrx_word' id='word_1_142' title='bbox 803 777 948 812; x_wconf 79' lang='lat' dir='ltr'><strong>adjungere</strong></span> <span class='ocrx_word' id='word_1_143' title='bbox 960 781 1046 804; x_wconf 75' lang='lat' dir='ltr'><strong>curat.</strong></span> 
     </span>
    </p>
   </div>
   <div class='ocr_carea' id='block_1_17' title="bbox 179 818 698 855">
    <p class='ocr_par' dir='ltr' id='par_1_17' title="bbox 179 818 698 855">
     <span class='ocr_line' id='line_1_17' title="bbox 179 818 698 855; baseline 0.002 -9"><span class='ocrx_word' id='word_1_144' title='bbox 179 818 238 846; x_wconf 89' lang='lat' dir='ltr'><strong>Lib.</strong></span> <span class='ocrx_word' id='word_1_145' title='bbox 255 828 304 851; x_wconf 79' lang='lat' dir='ltr'><strong>vn,</strong></span> <span class='ocrx_word' id='word_1_146' title='bbox 318 827 398 847; x_wconf 70' lang='lat' dir='ltr'><strong>versu</strong></span> <span class='ocrx_word' id='word_1_147' title='bbox 417 820 432 846; x_wconf 95' lang='lat'><strong>7</strong></span> <span class='ocrx_word' id='word_1_148' title='bbox 449 825 476 847; x_wconf 92' lang='lat' dir='ltr'><strong>et</strong></span> <span class='ocrx_word' id='word_1_149' title='bbox 491 821 670 855; x_wconf 74' lang='lat' dir='ltr'><strong>sequentibus</strong></span> <span class='ocrx_word' id='word_1_150' title='bbox 690 829 698 847; x_wconf 86' lang='lat'><strong>:</strong></span> 
     </span>
    </p>
   </div>
   <div class='ocr_carea' id='block_1_18' title="bbox 389 874 1017 911">
    <p class='ocr_par' dir='ltr' id='par_1_18' title="bbox 389 874 1017 911">
     <span class='ocr_line' id='line_1_18' title="bbox 389 874 1017 911; baseline 0.003 -10"><span class='ocrx_word' id='word_1_151' title='bbox 389 874 546 911; x_wconf 61' lang='lat' dir='ltr'><strong>Intermissa</strong></span> <span class='ocrx_word' id='word_1_152' title='bbox 560 875 630 902; x_wconf 71' lang='lat' dir='ltr'><strong>breui</strong></span> <span class='ocrx_word' id='word_1_153' title='bbox 646 874 818 910; x_wconf 75' lang='lat' dir='ltr'><strong>languescunt</strong></span> <span class='ocrx_word' id='word_1_154' title='bbox 833 875 903 902; x_wconf 76' lang='lat' dir='ltr'><strong>bella</strong></span> <span class='ocrx_word' id='word_1_155' title='bbox 919 877 1017 911; x_wconf 86' lang='lat' dir='ltr'><strong>quiete,</strong></span> 
     </span>
    </p>
   </div>
   <div class='ocr_carea' id='block_1_19' title="bbox 392 910 1013 945">
    <p class='ocr_par' dir='ltr' id='par_1_19' title="bbox 392 910 1013 945">
     <span class='ocr_line' id='line_1_19' title="bbox 392 910 1013 945; baseline 0.005 -9"><span class='ocrx_word' id='word_1_156' title='bbox 392 910 524 945; x_wconf 65' lang='lat' dir='ltr'><strong>Depositis</strong></span> <span class='ocrx_word' id='word_1_157' title='bbox 537 911 639 938; x_wconf 68' lang='lat' dir='ltr'><strong>rediens</strong></span> <span class='ocrx_word' id='word_1_158' title='bbox 658 911 740 937; x_wconf 88' lang='lat' dir='ltr'><strong>armis</strong></span> <span class='ocrx_word' id='word_1_159' title='bbox 755 912 789 937; x_wconf 88' lang='lat' dir='ltr'><strong>ad</strong></span> <span class='ocrx_word' id='word_1_160' title='bbox 801 912 909 945; x_wconf 87' lang='lat' dir='ltr'><strong>propria</strong></span> <span class='ocrx_word' id='word_1_161' title='bbox 925 910 1013 943; x_wconf 80' lang='lat' dir='ltr'><strong>miles,</strong></span> 
     </span>
    </p>
   </div>
   <div class='ocr_carea' id='block_1_20' title="bbox 390 944 1079 981">
    <p class='ocr_par' dir='ltr' id='par_1_20' title="bbox 390 944 1079 981">
     <span class='ocr_line' id='line_1_20' title="bbox 390 944 1079 981; baseline 0.004 -10"><span class='ocrx_word' id='word_1_162' title='bbox 390 944 423 971; x_wconf 84' lang='lat' dir='ltr'><strong>Et</strong></span> <span class='ocrx_word' id='word_1_163' title='bbox 439 945 554 979; x_wconf 81' lang='lat' dir='ltr'><strong>peditum</strong></span> <span class='ocrx_word' id='word_1_164' title='bbox 570 951 665 979; x_wconf 64' lang='lat' dir='ltr'><strong>turmae</strong></span> <span class='ocrx_word' id='word_1_165' title='bbox 681 954 728 972; x_wconf 75' lang='lat' dir='ltr'><strong>sua</strong></span> <span class='ocrx_word' id='word_1_166' title='bbox 743 944 807 972; x_wconf 78' lang='lat' dir='ltr'><strong>rura</strong></span> <span class='ocrx_word' id='word_1_167' title='bbox 827 944 938 973; x_wconf 76' lang='lat' dir='ltr'><strong>revisere</strong></span> <span class='ocrx_word' id='word_1_168' title='bbox 951 947 1079 981; x_wconf 81' lang='lat' dir='ltr'><strong>gaudent.</strong></span> 
     </span>
    </p>
   </div>
   <div class='ocr_carea' id='block_1_21' title="bbox 183 991 1759 1030">
    <p class='ocr_par' dir='ltr' id='par_1_21' title="bbox 183 991 1759 1030">
     <span class='ocr_line' id='line_1_21' title="bbox 183 991 1759 1030; baseline 0.003 -12"><span class='ocrx_word' id='word_1_169' title='bbox 183 991 317 1020; x_wconf 73' lang='lat' dir='ltr'><strong>Henricus</strong></span> <span class='ocrx_word' id='word_1_170' title='bbox 331 992 541 1027; x_wconf 77' lang='lat' dir='ltr'><strong>Gundellingius</strong></span> <span class='ocrx_word' id='word_1_171' title='bbox 557 993 584 1020; x_wconf 94' lang='lat' dir='ltr'><strong>in</strong></span> <span class='ocrx_word' id='word_1_172' title='bbox 598 994 766 1028; x_wconf 83' lang='lat' dir='ltr'><strong>Appendice,</strong></span> <span class='ocrx_word' id='word_1_173' title='bbox 787 1002 870 1028; x_wconf 87' lang='lat' dir='ltr'><strong>quam</strong></span> <span class='ocrx_word' id='word_1_174' title='bbox 888 994 1017 1021; x_wconf 72' lang='lat' dir='ltr'><strong>Historia:</strong></span> <span class='ocrx_word' id='word_1_175' title='bbox 1032 995 1183 1021; x_wconf 77' lang='lat' dir='ltr'><strong>Austriaca:</strong></span> <span class='ocrx_word' id='word_1_176' title='bbox 1198 993 1340 1029; x_wconf 69' lang='lat' dir='ltr'><strong>subiunxit</strong></span> <span class='ocrx_word' id='word_1_177' title='bbox 1356 993 1466 1030; x_wconf 83' lang='lat' dir='ltr'><strong>[Petrus</strong></span> <span class='ocrx_word' id='word_1_178' title='bbox 1481 993 1643 1021; x_wconf 81' lang='lat' dir='ltr'><strong>Lambecius</strong></span> <span class='ocrx_word' id='word_1_179' title='bbox 1662 995 1711 1022; x_wconf 87' lang='lat' dir='ltr'><strong>lib.</strong></span> <span class='ocrx_word' id='word_1_180' title='bbox 1728 1004 1759 1028; x_wconf 84' lang='grc' dir='ltr'>ιι,</span> 
     </span>
    </p>
   </div>
   <div class='ocr_carea' id='block_1_22' title="bbox 144 1037 1756 1074">
    <p class='ocr_par' dir='ltr' id='par_1_22' title="bbox 144 1037 1756 1074">
     <span class='ocr_line' id='line_1_22' title="bbox 144 1037 1756 1074; baseline 0.002 -12"><span class='ocrx_word' id='word_1_181' title='bbox 144 1040 405 1065; x_wconf 76' lang='lat' dir='ltr'><strong>cmnmentariorutn</strong></span> <span class='ocrx_word' id='word_1_182' title='bbox 424 1037 458 1064; x_wconf 87' lang='lat' dir='ltr'><strong>de</strong></span> <span class='ocrx_word' id='word_1_183' title='bbox 475 1038 641 1065; x_wconf 77' lang='lat' dir='ltr'><strong>bibliotheca</strong></span> <span class='ocrx_word' id='word_1_184' title='bbox 656 1038 780 1065; x_wconf 65' lang='lat' dir='ltr'><strong>Cmsarea</strong></span> <span class='ocrx_word' id='word_1_185' title='bbox 798 1037 1012 1070; x_wconf 82' lang='lat' dir='ltr'><strong>\r&#39;indobonensi,</strong></span> <span class='ocrx_word' id='word_1_186' title='bbox 1029 1047 1089 1074; x_wconf 90' lang='lat' dir='ltr'><strong>cap.</strong></span> <span class='ocrx_word' id='word_1_187' title='bbox 1107 1039 1134 1072; x_wconf 88' lang='lat'><strong>6,</strong></span> <span class='ocrx_word' id='word_1_188' title='bbox 1151 1038 1322 1074; x_wconf 82' lang='lat' dir='ltr'><strong>publicavit],</strong></span> <span class='ocrx_word' id='word_1_189' title='bbox 1338 1039 1371 1065; x_wconf 85' lang='lat' dir='ltr'><strong>de</strong></span> <span class='ocrx_word' id='word_1_190' title='bbox 1383 1039 1521 1066; x_wconf 73' lang='lat' dir='ltr'><strong>Comitum</strong></span> <span class='ocrx_word' id='word_1_191' title='bbox 1537 1038 1756 1074; x_wconf 83' lang='lat' dir='ltr'><strong>Tyrolinensium</strong></span> 
     </span>
    </p>
   </div>
   <div class='ocr_carea' id='block_1_23' title="bbox 145 1081 1757 1118">
    <p class='ocr_par' dir='ltr' id='par_1_23' title="bbox 145 1081 1757 1118">
     <span class='ocr_line' id='line_1_23' title="bbox 145 1081 1757 1118; baseline 0.002 -12"><span class='ocrx_word' id='word_1_192' title='bbox 145 1081 320 1107; x_wconf 79' lang='lat' dir='ltr'><strong>successione</strong></span> <span class='ocrx_word' id='word_1_193' title='bbox 339 1090 345 1108; x_wconf 88' lang='lat'><strong>:</strong></span> <span class='ocrx_word' id='word_1_194' title='bbox 363 1081 416 1108; x_wconf 80' lang='lat' dir='ltr'><strong>Illa</strong></span> <span class='ocrx_word' id='word_1_195' title='bbox 433 1081 619 1117; x_wconf 68' lang='lat' dir='ltr'><strong>lMultcschia,</strong></span> <span class='ocrx_word' id='word_1_196' title='bbox 638 1082 788 1109; x_wconf 66' lang='lat' dir='ltr'><strong>Carinthiaa</strong></span> <span class='ocrx_word' id='word_1_197' title='bbox 803 1082 869 1118; x_wconf 71' lang='lat' dir='ltr'><strong>dux]</strong></span> <span class='ocrx_word' id='word_1_198' title='bbox 884 1091 942 1109; x_wconf 84' lang='lat' dir='ltr'><strong>cum</strong></span> <span class='ocrx_word' id='word_1_199' title='bbox 957 1083 1101 1110; x_wconf 86' lang='lat' dir='ltr'><strong>baronibus</strong></span> <span class='ocrx_word' id='word_1_200' title='bbox 1114 1084 1167 1110; x_wconf 79' lang='lat' dir='ltr'><strong>suis</strong></span> <span class='ocrx_word' id='word_1_201' title='bbox 1182 1083 1278 1109; x_wconf 80' lang='lat' dir='ltr'><strong>habitis</strong></span> <span class='ocrx_word' id='word_1_202' title='bbox 1293 1083 1402 1110; x_wconf 77' lang='lat' dir='ltr'><strong>occultis</strong></span> <span class='ocrx_word' id='word_1_203' title='bbox 1417 1083 1587 1113; x_wconf 77' lang='lat' dir='ltr'><strong>tractatibus.</strong></span> <span class='ocrx_word' id='word_1_204' title='bbox 1603 1087 1627 1109; x_wconf 82' lang='lat' dir='ltr'><strong>et</strong></span> <span class='ocrx_word' id='word_1_205' title='bbox 1642 1091 1757 1117; x_wconf 71' lang='lat' dir='ltr'><strong>prazscr-</strong></span> 
     </span>
    </p>
   </div>
   <div class='ocr_carea' id='block_1_24' title="bbox 145 1124 1760 1164">
    <p class='ocr_par' dir='ltr' id='par_1_24' title="bbox 145 1124 1760 1164">
     <span class='ocr_line' id='line_1_24' title="bbox 145 1124 1760 1164; baseline 0.004 -15"><span class='ocrx_word' id='word_1_206' title='bbox 145 1124 192 1149; x_wconf 88' lang='lat' dir='ltr'><strong>tim</strong></span> <span class='ocrx_word' id='word_1_207' title='bbox 205 1132 263 1151; x_wconf 82' lang='lat' dir='ltr'><strong>cum</strong></span> <span class='ocrx_word' id='word_1_208' title='bbox 279 1124 438 1160; x_wconf 85' lang='lat' dir='ltr'><strong>Engelmaro</strong></span> <span class='ocrx_word' id='word_1_209' title='bbox 454 1126 535 1152; x_wconf 77' lang='lat' dir='ltr'><strong>utilite</strong></span> <span class='ocrx_word' id='word_1_210' title='bbox 551 1126 652 1152; x_wconf 73' lang='lat' dir='ltr'><strong>Athesis</strong></span> <span class='ocrx_word' id='word_1_211' title='bbox 667 1125 706 1161; x_wconf 90' lang='lat' dir='ltr'><strong>[id</strong></span> <span class='ocrx_word' id='word_1_212' title='bbox 723 1131 765 1153; x_wconf 88' lang='lat' dir='ltr'><strong>cst</strong></span> <span class='ocrx_word' id='word_1_213' title='bbox 780 1126 892 1153; x_wconf 80' lang='lat' dir='ltr'><strong>ditionis</strong></span> <span class='ocrx_word' id='word_1_214' title='bbox 907 1127 1069 1164; x_wconf 69' lang='lat' dir='ltr'><strong>Athesinm],</strong></span> <span class='ocrx_word' id='word_1_215' title='bbox 1088 1129 1170 1163; x_wconf 81' lang='lat' dir='ltr'><strong>ejecto</strong></span> <span class='ocrx_word' id='word_1_216' title='bbox 1185 1128 1298 1155; x_wconf 79' lang='lat' dir='ltr'><strong>Bohcmo</strong></span> <span class='ocrx_word' id='word_1_217' title='bbox 1315 1128 1347 1154; x_wconf 85' lang='lat' dir='ltr'><strong>de</strong></span> <span class='ocrx_word' id='word_1_218' title='bbox 1370 1129 1498 1154; x_wconf 86' lang='lat' dir='ltr'><strong>comitatu</strong></span> <span class='ocrx_word' id='word_1_219' title='bbox 1516 1128 1627 1163; x_wconf 85' lang='lat' dir='ltr'><strong>Tyrolis.</strong></span> <span class='ocrx_word' id='word_1_220' title='bbox 1645 1129 1760 1156; x_wconf 73' lang='lat' dir='ltr'><strong>Ludovi-</strong></span> 
     </span>
    </p>
   </div>
   <div class='ocr_carea' id='block_1_25' title="bbox 144 1169 1759 1207">
    <p class='ocr_par' dir='ltr' id='par_1_25' title="bbox 144 1169 1759 1207">
     <span class='ocr_line' id='line_1_25' title="bbox 144 1169 1759 1207; baseline 0.004 -12"><span class='ocrx_word' id='word_1_221' title='bbox 144 1177 202 1196; x_wconf 80' lang='lat' dir='ltr'><strong>cum</strong></span> <span class='ocrx_word' id='word_1_222' title='bbox 220 1170 398 1196; x_wconf 75' lang='lat' dir='ltr'><strong>marchionem</strong></span> <span class='ocrx_word' id='word_1_223' title='bbox 415 1169 705 1205; x_wconf 77' lang='lat' dir='ltr'><strong>Brmtrlenburgeuscm,</strong></span> <span class='ocrx_word' id='word_1_224' title='bbox 722 1170 848 1198; x_wconf 76' lang='lat' dir='ltr'><strong>Ludovici</strong></span> <span class='ocrx_word' id='word_1_225' title='bbox 873 1171 971 1199; x_wconf 85' lang='lat' dir='ltr'><strong>Bavari</strong></span> <span class='ocrx_word' id='word_1_226' title='bbox 989 1173 1109 1206; x_wconf 70' lang='lat' dir='ltr'><strong>prwdicti</strong></span> <span class='ocrx_word' id='word_1_227' title='bbox 1125 1173 1150 1198; x_wconf 88' lang='lat' dir='ltr'><strong>in</strong></span> <span class='ocrx_word' id='word_1_228' title='bbox 1168 1181 1252 1207; x_wconf 84' lang='lat' dir='ltr'><strong>regem</strong></span> <span class='ocrx_word' id='word_1_229' title='bbox 1282 1172 1359 1199; x_wconf 79' lang='lat' dir='ltr'><strong>electi</strong></span> <span class='ocrx_word' id='word_1_230' title='bbox 1375 1172 1473 1206; x_wconf 79' lang='lat' dir='ltr'><strong>ﬁlium,</strong></span> <span class='ocrx_word' id='word_1_231' title='bbox 1490 1172 1522 1198; x_wconf 82' lang='lat' dir='ltr'><strong>de</strong></span> <span class='ocrx_word' id='word_1_232' title='bbox 1537 1174 1610 1207; x_wconf 81' lang='lat' dir='ltr'><strong>[acto</strong></span> <span class='ocrx_word' id='word_1_233' title='bbox 1625 1175 1650 1200; x_wconf 84' lang='lat' dir='ltr'><strong>in</strong></span> <span class='ocrx_word' id='word_1_234' title='bbox 1665 1175 1759 1200; x_wconf 81' lang='lat' dir='ltr'><strong>matri-</strong></span> 
     </span>
    </p>
   </div>
   <div class='ocr_carea' id='block_1_26' title="bbox 148 1213 1758 1251">
    <p class='ocr_par' dir='ltr' id='par_1_26' title="bbox 148 1213 1758 1251">
     <span class='ocr_line' id='line_1_26' title="bbox 148 1213 1758 1251; baseline 0.004 -13"><span class='ocrx_word' id='word_1_235' title='bbox 148 1214 265 1240; x_wconf 84' lang='lat' dir='ltr'><strong>monium</strong></span> <span class='ocrx_word' id='word_1_236' title='bbox 279 1215 388 1248; x_wconf 81' lang='lat' dir='ltr'><strong>actepit.</strong></span> <span class='ocrx_word' id='word_1_237' title='bbox 407 1214 483 1240; x_wconf 72' lang='lat' dir='ltr'><strong>Paris</strong></span> <span class='ocrx_word' id='word_1_238' title='bbox 496 1213 655 1241; x_wconf 73' lang='lat' dir='ltr'><strong>Latinitatis</strong></span> <span class='ocrx_word' id='word_1_239' title='bbox 673 1215 835 1243; x_wconf 80' lang='lat' dir='ltr'><strong>auctoribus</strong></span> <span class='ocrx_word' id='word_1_240' title='bbox 853 1216 948 1242; x_wconf 85' lang='lat' dir='ltr'><strong>militia</strong></span> <span class='ocrx_word' id='word_1_241' title='bbox 963 1216 1121 1243; x_wconf 87' lang='lat' dir='ltr'><strong>nominatur</strong></span> <span class='ocrx_word' id='word_1_242' title='bbox 1139 1217 1197 1251; x_wconf 82' lang='lat' dir='ltr'><strong>ipsa</strong></span> <span class='ocrx_word' id='word_1_243' title='bbox 1214 1216 1384 1248; x_wconf 81' lang='lat' dir='ltr'><strong>nobilitas,id</strong></span> <span class='ocrx_word' id='word_1_244' title='bbox 1401 1221 1452 1248; x_wconf 76' lang='lat' dir='ltr'><strong>est,</strong></span> <span class='ocrx_word' id='word_1_245' title='bbox 1464 1218 1600 1250; x_wconf 58' lang='lat' dir='ltr'><strong>equi-stris</strong></span> <span class='ocrx_word' id='word_1_246' title='bbox 1613 1219 1689 1245; x_wconf 86' lang='lat' dir='ltr'><strong>ordo.</strong></span> <span class='ocrx_word' id='word_1_247' title='bbox 1710 1218 1758 1244; x_wconf 87' lang='lat' dir='ltr'><strong>Er-</strong></span> 
     </span>
    </p>
   </div>
   <div class='ocr_carea' id='block_1_27' title="bbox 143 1256 1756 1294">
    <p class='ocr_par' dir='ltr' id='par_1_27' title="bbox 143 1256 1756 1294">
     <span class='ocr_line' id='line_1_27' title="bbox 143 1256 1756 1294; baseline 0.003 -11"><span class='ocrx_word' id='word_1_248' title='bbox 143 1256 298 1284; x_wconf 79' lang='lat' dir='ltr'><strong>chinfridus</strong></span> <span class='ocrx_word' id='word_1_249' title='bbox 316 1257 470 1285; x_wconf 83' lang='lat' dir='ltr'><strong>Melicensis</strong></span> <span class='ocrx_word' id='word_1_250' title='bbox 488 1258 572 1284; x_wconf 82' lang='lat' dir='ltr'><strong>abbas</strong></span> <span class='ocrx_word' id='word_1_251' title='bbox 587 1258 614 1284; x_wconf 91' lang='lat' dir='ltr'><strong>in</strong></span> <span class='ocrx_word' id='word_1_252' title='bbox 633 1259 746 1285; x_wconf 88' lang='lat' dir='ltr'><strong>historia</strong></span> <span class='ocrx_word' id='word_1_253' title='bbox 762 1258 856 1294; x_wconf 69' lang='lat' dir='ltr'><strong>[quam</strong></span> <span class='ocrx_word' id='word_1_254' title='bbox 875 1259 971 1287; x_wconf 78' lang='lat' dir='ltr'><strong>Petrus</strong></span> <span class='ocrx_word' id='word_1_255' title='bbox 984 1260 1149 1287; x_wconf 82' lang='lat' dir='ltr'><strong>Lambecius</strong></span> <span class='ocrx_word' id='word_1_256' title='bbox 1165 1260 1249 1287; x_wconf 88' lang='lat' dir='ltr'><strong>edidit</strong></span> <span class='ocrx_word' id='word_1_257' title='bbox 1266 1260 1312 1286; x_wconf 89' lang='lat' dir='ltr'><strong>lib.</strong></span> <span class='ocrx_word' id='word_1_258' title='bbox 1330 1267 1347 1286; x_wconf 93' lang='grc' dir='ltr'><strong>ιι</strong></span> <span class='ocrx_word' id='word_1_259' title='bbox 1372 1260 1640 1287; x_wconf 72' lang='lat' dir='ltr'><strong>Comtnentarmrum</strong></span> <span class='ocrx_word' id='word_1_260' title='bbox 1658 1262 1692 1288; x_wconf 86' lang='lat' dir='ltr'><strong>de</strong></span> <span class='ocrx_word' id='word_1_261' title='bbox 1714 1262 1756 1288; x_wconf 91' lang='lat' dir='ltr'><strong>bi-</strong></span> 
     </span>
    </p>
   </div>
   <div class='ocr_carea' id='block_1_28' title="bbox 143 1293 1757 1339">
    <p class='ocr_par' dir='ltr' id='par_1_28' title="bbox 143 1293 1757 1339">
     <span class='ocr_line' id='line_1_28' title="bbox 143 1293 1757 1339; baseline 0.002 -11"><span class='ocrx_word' id='word_1_262' title='bbox 143 1301 281 1329; x_wconf 85' lang='lat' dir='ltr'><strong>bliotheca</strong></span> <span class='ocrx_word' id='word_1_263' title='bbox 298 1293 425 1328; x_wconf 70' lang='lat' dir='ltr'><strong>Caesarea</strong></span> <span class='ocrx_word' id='word_1_264' title='bbox 435 1300 654 1336; x_wconf 73' lang='lat' dir='ltr'><strong>Vindobonensi,</strong></span> <span class='ocrx_word' id='word_1_265' title='bbox 668 1310 728 1337; x_wconf 87' lang='lat' dir='ltr'><strong>cap.</strong></span> <span class='ocrx_word' id='word_1_266' title='bbox 748 1293 788 1339; x_wconf 22' lang='lat'><strong>87,]</strong></span> <span class='ocrx_word' id='word_1_267' title='bbox 805 1303 838 1330; x_wconf 86' lang='lat' dir='ltr'><strong>de</strong></span> <span class='ocrx_word' id='word_1_268' title='bbox 850 1303 1010 1331; x_wconf 86' lang='lat' dir='ltr'><strong>Colomanni</strong></span> <span class='ocrx_word' id='word_1_269' title='bbox 1027 1303 1156 1338; x_wconf 80' lang='lat' dir='ltr'><strong>martyrio</strong></span> <span class='ocrx_word' id='word_1_270' title='bbox 1172 1308 1199 1329; x_wconf 85' lang='lat' dir='ltr'><strong>ct</strong></span> <span class='ocrx_word' id='word_1_271' title='bbox 1215 1302 1354 1330; x_wconf 86' lang='lat' dir='ltr'><strong>miraculis</strong></span> <span class='ocrx_word' id='word_1_272' title='bbox 1368 1311 1375 1329; x_wconf 88' lang='lat'><strong>:</strong></span> <span class='ocrx_word' id='word_1_273' title='bbox 1393 1302 1480 1337; x_wconf 78' lang='lat' dir='ltr'><strong>Hujus</strong></span> <span class='ocrx_word' id='word_1_274' title='bbox 1497 1308 1549 1330; x_wconf 89' lang='lat' dir='ltr'><strong>tam</strong></span> <span class='ocrx_word' id='word_1_275' title='bbox 1565 1305 1689 1335; x_wconf 80' lang='lat' dir='ltr'><strong>pra&#39;clari</strong></span> <span class='ocrx_word' id='word_1_276' title='bbox 1702 1312 1757 1332; x_wconf 90' lang='lat' dir='ltr'><strong>stu-</strong></span> 
     </span>
    </p>
   </div>
   <div class='ocr_carea' id='block_1_29' title="bbox 143 1345 1758 1381">
    <p class='ocr_par' dir='ltr' id='par_1_29' title="bbox 143 1345 1758 1381">
     <span class='ocr_line' id='line_1_29' title="bbox 143 1345 1758 1381; baseline 0.002 -10"><span class='ocrx_word' id='word_1_277' title='bbox 143 1346 275 1379; x_wconf 74' lang='lat' dir='ltr'><strong>pendiquc</strong></span> <span class='ocrx_word' id='word_1_278' title='bbox 291 1345 415 1372; x_wconf 80' lang='lat' dir='ltr'><strong>miraculi</strong></span> <span class='ocrx_word' id='word_1_279' title='bbox 428 1346 500 1380; x_wconf 81' lang='lat' dir='ltr'><strong>fama</strong></span> <span class='ocrx_word' id='word_1_280' title='bbox 515 1345 549 1371; x_wconf 84' lang='lat' dir='ltr'><strong>ad</strong></span> <span class='ocrx_word' id='word_1_281' title='bbox 564 1354 642 1372; x_wconf 84' lang='lat' dir='ltr'><strong>aures</strong></span> <span class='ocrx_word' id='word_1_282' title='bbox 658 1346 765 1373; x_wconf 83' lang='lat' dir='ltr'><strong>Ilenrici</strong></span> <span class='ocrx_word' id='word_1_283' title='bbox 776 1347 935 1373; x_wconf 75' lang='lat' dir='ltr'><strong>mare/tionis</strong></span> <span class='ocrx_word' id='word_1_284' title='bbox 950 1348 1064 1380; x_wconf 77' lang='lat' dir='ltr'><strong>pervenit</strong></span> <span class='ocrx_word' id='word_1_285' title='bbox 1084 1347 1235 1374; x_wconf 76' lang='lat' dir='ltr'><strong>rumoribus</strong></span> <span class='ocrx_word' id='word_1_286' title='bbox 1253 1347 1358 1373; x_wconf 81' lang='lat' dir='ltr'><strong>allata:</strong></span> <span class='ocrx_word' id='word_1_287' title='bbox 1377 1347 1421 1381; x_wconf 84' lang='lat' dir='ltr'><strong>qui</strong></span> <span class='ocrx_word' id='word_1_288' title='bbox 1436 1349 1524 1373; x_wconf 82' lang='lat' dir='ltr'><strong>statim</strong></span> <span class='ocrx_word' id='word_1_289' title='bbox 1544 1349 1632 1375; x_wconf 64' lang='lat' dir='ltr'><strong>missis</strong></span> <span class='ocrx_word' id='word_1_290' title='bbox 1647 1348 1758 1375; x_wconf 76' lang='lat' dir='ltr'><strong>clerico-</strong></span> 
     </span>
    </p>
   </div>
   <div class='ocr_carea' id='block_1_30' title="bbox 145 1389 1756 1426">
    <p class='ocr_par' dir='ltr' id='par_1_30' title="bbox 145 1389 1756 1426">
     <span class='ocr_line' id='line_1_30' title="bbox 145 1389 1756 1426; baseline 0.003 -12"><span class='ocrx_word' id='word_1_291' title='bbox 145 1397 203 1414; x_wconf 87' lang='lat' dir='ltr'><strong>rum</strong></span> <span class='ocrx_word' id='word_1_292' title='bbox 218 1389 354 1416; x_wconf 74' lang='lat' dir='ltr'><strong>ordinibus</strong></span> <span class='ocrx_word' id='word_1_293' title='bbox 369 1394 392 1416; x_wconf 86' lang='lat' dir='ltr'><strong>et</strong></span> <span class='ocrx_word' id='word_1_294' title='bbox 410 1389 569 1424; x_wconf 81' lang='lat' dir='ltr'><strong>quibusdam</strong></span> <span class='ocrx_word' id='word_1_295' title='bbox 585 1390 686 1417; x_wconf 81' lang='lat' dir='ltr'><strong>militia:</strong></span> <span class='ocrx_word' id='word_1_296' title='bbox 699 1398 755 1417; x_wconf 77' lang='lat' dir='ltr'><strong>sua:</strong></span> <span class='ocrx_word' id='word_1_297' title='bbox 770 1391 927 1425; x_wconf 82' lang='lat' dir='ltr'><strong>primatibus</strong></span> <span class='ocrx_word' id='word_1_298' title='bbox 943 1392 1078 1426; x_wconf 78' lang='lat' dir='ltr'><strong>prtecepit,</strong></span> <span class='ocrx_word' id='word_1_299' title='bbox 1096 1396 1125 1417; x_wconf 91' lang='lat' dir='ltr'><strong>ut</strong></span> <span class='ocrx_word' id='word_1_300' title='bbox 1143 1392 1169 1417; x_wconf 88' lang='lat' dir='ltr'><strong>in</strong></span> <span class='ocrx_word' id='word_1_301' title='bbox 1183 1399 1259 1417; x_wconf 82' lang='lat' dir='ltr'><strong>suam</strong></span> <span class='ocrx_word' id='word_1_302' title='bbox 1275 1391 1404 1417; x_wconf 74' lang='lat' dir='ltr'><strong>civitatem</strong></span> <span class='ocrx_word' id='word_1_303' title='bbox 1421 1391 1562 1426; x_wconf 80' lang='lat' dir='ltr'><strong>honoriﬁce</strong></span> <span class='ocrx_word' id='word_1_304' title='bbox 1582 1393 1756 1426; x_wconf 71' lang='lat' dir='ltr'><strong>transferrent</strong></span> 
     </span>
    </p>
   </div>
   <div class='ocr_carea' id='block_1_31' title="bbox 146 1432 1756 1470">
    <p class='ocr_par' dir='ltr' id='par_1_31' title="bbox 146 1432 1756 1470">
     <span class='ocr_line' id='line_1_31' title="bbox 146 1432 1756 1470; baseline 0.003 -12"><span class='ocrx_word' id='word_1_305' title='bbox 146 1432 282 1459; x_wconf 78' lang='lat' dir='ltr'><strong>miraculis</strong></span> <span class='ocrx_word' id='word_1_306' title='bbox 300 1433 479 1466; x_wconf 84' lang='lat' dir='ltr'><strong>gloriﬁcatum</strong></span> <span class='ocrx_word' id='word_1_307' title='bbox 496 1441 603 1468; x_wconf 85' lang='lat' dir='ltr'><strong>corpus.</strong></span> <span class='ocrx_word' id='word_1_308' title='bbox 621 1434 711 1467; x_wconf 82' lang='lat' dir='ltr'><strong>Quare</strong></span> <span class='ocrx_word' id='word_1_309' title='bbox 727 1434 909 1470; x_wconf 83' lang='lat' dir='ltr'><strong>Chrysoloras</strong></span> <span class='ocrx_word' id='word_1_310' title='bbox 926 1440 1030 1466; x_wconf 85' lang='lat' dir='ltr'><strong>uoster,</strong></span> <span class='ocrx_word' id='word_1_311' title='bbox 1045 1439 1073 1461; x_wconf 90' lang='lat' dir='ltr'><strong>ut</strong></span> <span class='ocrx_word' id='word_1_312' title='bbox 1087 1443 1120 1462; x_wconf 80' lang='lat' dir='ltr'><strong>ex</strong></span> <span class='ocrx_word' id='word_1_313' title='bbox 1140 1434 1332 1469; x_wconf 73' lang='lat' dir='ltr'><strong>antiquiSSima</strong></span> <span class='ocrx_word' id='word_1_314' title='bbox 1353 1433 1539 1461; x_wconf 74' lang='lat' dir='ltr'><strong>Romanorum</strong></span> <span class='ocrx_word' id='word_1_315' title='bbox 1558 1437 1694 1470; x_wconf 77' lang='lat' dir='ltr'><strong>prosapia.</strong></span> <span class='ocrx_word' id='word_1_316' title='bbox 1709 1439 1756 1470; x_wconf 87' lang='lat' dir='ltr'><strong>qui</strong></span> 
     </span>
    </p>
   </div>
   <div class='ocr_carea' id='block_1_32' title="bbox 144 1478 1755 1514">
    <p class='ocr_par' dir='ltr' id='par_1_32' title="bbox 144 1478 1755 1514">
     <span class='ocr_line' id='line_1_32' title="bbox 144 1478 1755 1514; baseline 0.002 -12"><span class='ocrx_word' id='word_1_317' title='bbox 144 1485 206 1503; x_wconf 84' lang='lat' dir='ltr'><strong>(lllll</strong></span> <span class='ocrx_word' id='word_1_318' title='bbox 223 1478 388 1509; x_wconf 86' lang='lat' dir='ltr'><strong>imperatore</strong></span> <span class='ocrx_word' id='word_1_319' title='bbox 401 1478 585 1505; x_wconf 81' lang='lat' dir='ltr'><strong>Constantino</strong></span> <span class='ocrx_word' id='word_1_320' title='bbox 601 1478 699 1514; x_wconf 82' lang='lat' dir='ltr'><strong>Magno</strong></span> <span class='ocrx_word' id='word_1_321' title='bbox 724 1479 982 1514; x_wconf 80' lang='lat' dir='ltr'><strong>Constantinopolin</strong></span> <span class='ocrx_word' id='word_1_322' title='bbox 1001 1479 1198 1513; x_wconf 78' lang='lat' dir='ltr'><strong>migraverunt,</strong></span> <span class='ocrx_word' id='word_1_323' title='bbox 1227 1479 1276 1504; x_wconf 77' lang='lat' dir='ltr'><strong>fuit</strong></span> <span class='ocrx_word' id='word_1_324' title='bbox 1292 1483 1383 1510; x_wconf 84' lang='lat' dir='ltr'><strong>ortus,</strong></span> <span class='ocrx_word' id='word_1_325' title='bbox 1397 1478 1437 1505; x_wconf 87' lang='lat' dir='ltr'><strong>sic</strong></span> <span class='ocrx_word' id='word_1_326' title='bbox 1456 1485 1517 1505; x_wconf 89' lang='lat' dir='ltr'><strong>cum</strong></span> <span class='ocrx_word' id='word_1_327' title='bbox 1549 1480 1625 1505; x_wconf 83' lang='lat' dir='ltr'><strong>nnlcs</strong></span> <span class='ocrx_word' id='word_1_328' title='bbox 1643 1480 1755 1512; x_wconf 81' lang='lat' dir='ltr'><strong>dicitur,</strong></span> 
     </span>
    </p>
   </div>
   <div class='ocr_carea' id='block_1_33' title="bbox 143 1521 1758 1558">
    <p class='ocr_par' dir='ltr' id='par_1_33' title="bbox 143 1521 1758 1558">
     <span class='ocr_line' id='line_1_33' title="bbox 143 1521 1758 1558; baseline 0.002 -11"><span class='ocrx_word' id='word_1_329' title='bbox 143 1528 238 1554; x_wconf 65' lang='lat' dir='ltr'><strong>ctues,</strong></span> <span class='ocrx_word' id='word_1_330' title='bbox 257 1521 283 1547; x_wconf 89' lang='lat' dir='ltr'><strong>id</strong></span> <span class='ocrx_word' id='word_1_331' title='bbox 302 1526 354 1552; x_wconf 83' lang='lat' dir='ltr'><strong>cst,</strong></span> <span class='ocrx_word' id='word_1_332' title='bbox 372 1521 477 1548; x_wconf 86' lang='lat' dir='ltr'><strong>ordinis</strong></span> <span class='ocrx_word' id='word_1_333' title='bbox 490 1522 628 1556; x_wconf 83' lang='lat' dir='ltr'><strong>equestris</strong></span> <span class='ocrx_word' id='word_1_334' title='bbox 648 1523 730 1549; x_wconf 85' lang='lat' dir='ltr'><strong>boum</strong></span> <span class='ocrx_word' id='word_1_335' title='bbox 751 1522 803 1549; x_wconf 82' lang='lat' dir='ltr'><strong>dici</strong></span> <span class='ocrx_word' id='word_1_336' title='bbox 819 1522 983 1556; x_wconf 88' lang='lat' dir='ltr'><strong>judicandus</strong></span> <span class='ocrx_word' id='word_1_337' title='bbox 995 1527 1047 1550; x_wconf 88' lang='lat' dir='ltr'><strong>est.</strong></span> <span class='ocrx_word' id='word_1_338' title='bbox 1064 1522 1184 1554; x_wconf 78' lang='lat' dir='ltr'><strong>Accedit,</strong></span> <span class='ocrx_word' id='word_1_339' title='bbox 1198 1522 1270 1556; x_wconf 82' lang='lat' dir='ltr'><strong>quod</strong></span> <span class='ocrx_word' id='word_1_340' title='bbox 1289 1529 1350 1549; x_wconf 86' lang='lat' dir='ltr'><strong>cum</strong></span> <span class='ocrx_word' id='word_1_341' title='bbox 1381 1521 1465 1548; x_wconf 86' lang='lat' dir='ltr'><strong>nobili</strong></span> <span class='ocrx_word' id='word_1_342' title='bbox 1481 1522 1563 1548; x_wconf 84' lang='lat' dir='ltr'><strong>domo</strong></span> <span class='ocrx_word' id='word_1_343' title='bbox 1578 1527 1683 1556; x_wconf 86' lang='lat' dir='ltr'><strong>natum,</strong></span> <span class='ocrx_word' id='word_1_344' title='bbox 1697 1525 1758 1558; x_wconf 87' lang='lat' dir='ltr'><strong>qui-</strong></span> 
     </span>
    </p>
   </div>
   <div class='ocr_carea' id='block_1_34' title="bbox 144 1564 1756 1602">
    <p class='ocr_par' dir='ltr' id='par_1_34' title="bbox 144 1564 1756 1602">
     <span class='ocr_line' id='line_1_34' title="bbox 144 1564 1756 1602; baseline 0.001 -11"><span class='ocrx_word' id='word_1_345' title='bbox 144 1566 205 1591; x_wconf 80' lang='lat' dir='ltr'><strong>dam</strong></span> <span class='ocrx_word' id='word_1_346' title='bbox 220 1565 322 1592; x_wconf 81' lang='lat' dir='ltr'><strong>diserte</strong></span> <span class='ocrx_word' id='word_1_347' title='bbox 336 1571 565 1593; x_wconf 86' lang='lat' dir='ltr'><strong>commemorent.</strong></span> <span class='ocrx_word' id='word_1_348' title='bbox 583 1566 761 1598; x_wconf 84' lang='lat' dir='ltr'><strong>Leonbardus</strong></span> <span class='ocrx_word' id='word_1_349' title='bbox 775 1566 883 1594; x_wconf 83' lang='lat' dir='ltr'><strong>Brumts</strong></span> <span class='ocrx_word' id='word_1_350' title='bbox 899 1568 1028 1594; x_wconf 77' lang='lat' dir='ltr'><strong>Aretinus</strong></span> <span class='ocrx_word' id='word_1_351' title='bbox 1044 1567 1070 1593; x_wconf 93' lang='lat' dir='ltr'><strong>in</strong></span> <span class='ocrx_word' id='word_1_352' title='bbox 1083 1566 1205 1593; x_wconf 79' lang='lat' dir='ltr'><strong>Historia</strong></span> <span class='ocrx_word' id='word_1_353' title='bbox 1221 1574 1308 1592; x_wconf 82' lang='lat' dir='ltr'><strong>rerum</strong></span> <span class='ocrx_word' id='word_1_354' title='bbox 1322 1564 1481 1592; x_wconf 85' lang='lat' dir='ltr'><strong>Italicorum</strong></span> <span class='ocrx_word' id='word_1_355' title='bbox 1493 1574 1502 1593; x_wconf 89' lang='lat'><strong><em>:</em></strong></span> <span class='ocrx_word' id='word_1_356' title='bbox 1516 1565 1691 1601; x_wconf 80' lang='lat' dir='ltr'><strong>Chrysolaras</strong></span> <span class='ocrx_word' id='word_1_357' title='bbox 1704 1567 1756 1602; x_wconf 78' lang='lat' dir='ltr'><strong>By-</strong></span> 
     </span>
    </p>
   </div>
   <div class='ocr_carea' id='block_1_35' title="bbox 144 1609 1754 1645">
    <p class='ocr_par' dir='ltr' id='par_1_35' title="bbox 144 1609 1754 1645">
     <span class='ocr_line' id='line_1_35' title="bbox 144 1609 1754 1645; baseline 0.002 -11"><span class='ocrx_word' id='word_1_358' title='bbox 144 1609 278 1642; x_wconf 73' lang='lat' dir='ltr'><strong>zantinus,</strong></span> <span class='ocrx_word' id='word_1_359' title='bbox 295 1610 335 1636; x_wconf 79' lang='lat' dir='ltr'><strong>uir</strong></span> <span class='ocrx_word' id='word_1_360' title='bbox 350 1610 422 1637; x_wconf 86' lang='lat' dir='ltr'><strong>domi</strong></span> <span class='ocrx_word' id='word_1_361' title='bbox 440 1611 548 1638; x_wconf 77' lang='lat' dir='ltr'><strong>nobilis.</strong></span> <span class='ocrx_word' id='word_1_362' title='bbox 566 1611 751 1639; x_wconf 86' lang='lat' dir='ltr'><strong>Ilartmannus</strong></span> <span class='ocrx_word' id='word_1_363' title='bbox 768 1611 931 1638; x_wconf 85' lang='lat' dir='ltr'><strong>Schedelius</strong></span> <span class='ocrx_word' id='word_1_364' title='bbox 945 1611 972 1637; x_wconf 90' lang='lat' dir='ltr'><strong>iu</strong></span> <span class='ocrx_word' id='word_1_365' title='bbox 985 1611 1124 1637; x_wconf 79' lang='lat' dir='ltr'><strong>Chronico</strong></span> <span class='ocrx_word' id='word_1_366' title='bbox 1141 1619 1148 1637; x_wconf 87' lang='lat'><strong>:</strong></span> <span class='ocrx_word' id='word_1_367' title='bbox 1166 1609 1275 1637; x_wconf 83' lang='lat' dir='ltr'><strong>Manuel</strong></span> <span class='ocrx_word' id='word_1_368' title='bbox 1291 1610 1466 1645; x_wconf 82' lang='lat' dir='ltr'><strong>Chrysoloras</strong></span> <span class='ocrx_word' id='word_1_369' title='bbox 1486 1609 1650 1644; x_wconf 72' lang='lat' dir='ltr'><strong>Byzantinus</strong></span> <span class='ocrx_word' id='word_1_370' title='bbox 1665 1619 1754 1645; x_wconf 82' lang='lat' dir='ltr'><strong>patrta</strong></span> 
     </span>
    </p>
   </div>
   <div class='ocr_carea' id='block_1_36' title="bbox 145 1652 1755 1698">
    <p class='ocr_par' dir='ltr' id='par_1_36' title="bbox 145 1652 1755 1698">
     <span class='ocr_line' id='line_1_36' title="bbox 145 1652 1755 1698; baseline 0.002 -20"><span class='ocrx_word' id='word_1_371' title='bbox 145 1653 468 1688; x_wconf 66' lang='lat' dir='ltr'><strong>constantinopolitanua,</strong></span> <span class='ocrx_word' id='word_1_372' title='bbox 486 1656 525 1682; x_wconf 80' lang='lat' dir='ltr'><strong>vir</strong></span> <span class='ocrx_word' id='word_1_373' title='bbox 541 1655 612 1682; x_wconf 89' lang='lat' dir='ltr'><strong>domi</strong></span> <span class='ocrx_word' id='word_1_374' title='bbox 642 1655 746 1682; x_wconf 83' lang='lat' dir='ltr'><strong>nobilis.</strong></span> <span class='ocrx_word' id='word_1_375' title='bbox 763 1654 881 1682; x_wconf 79' lang='lat' dir='ltr'><strong>Jacobus</strong></span> <span class='ocrx_word' id='word_1_376' title='bbox 900 1654 1048 1698; x_wconf 61' lang='lat' dir='ltr'><strong>Philippus</strong></span> <span class='ocrx_word' id='word_1_377' title='bbox 1057 1653 1185 1681; x_wconf 84' lang='lat' dir='ltr'><strong>FOrestus</strong></span> <span class='ocrx_word' id='word_1_378' title='bbox 1213 1653 1359 1687; x_wconf 79' lang='lat' dir='ltr'><strong>Bcrgomas</strong></span> <span class='ocrx_word' id='word_1_379' title='bbox 1375 1654 1402 1680; x_wconf 93' lang='lat' dir='ltr'><strong>in</strong></span> <span class='ocrx_word' id='word_1_380' title='bbox 1418 1652 1618 1680; x_wconf 77' lang='lat' dir='ltr'><strong>Chmuicorum</strong></span> <span class='ocrx_word' id='word_1_381' title='bbox 1640 1654 1755 1690; x_wconf 86' lang='lat' dir='ltr'><strong>Supple-</strong></span> 
     </span>
    </p>
   </div>
   <div class='ocr_carea' id='block_1_37' title="bbox 144 1696 1424 1734">
    <p class='ocr_par' dir='ltr' id='par_1_37' title="bbox 144 1696 1424 1734">
     <span class='ocr_line' id='line_1_37' title="bbox 144 1696 1424 1734; baseline 0 -11"><span class='ocrx_word' id='word_1_382' title='bbox 144 1701 256 1723; x_wconf 83' lang='lat' dir='ltr'><strong>tnento:</strong></span> <span class='ocrx_word' id='word_1_383' title='bbox 277 1696 406 1724; x_wconf 77' lang='lat' dir='ltr'><strong>Emanucl</strong></span> <span class='ocrx_word' id='word_1_384' title='bbox 422 1697 596 1733; x_wconf 74' lang='lat' dir='ltr'><strong>Chrysalum:</strong></span> <span class='ocrx_word' id='word_1_385' title='bbox 614 1700 722 1725; x_wconf 78' lang='lat' dir='ltr'><strong>natione</strong></span> <span class='ocrx_word' id='word_1_386' title='bbox 738 1699 857 1731; x_wconf 61' lang='lat' dir='ltr'><strong>Gratus,</strong></span> <span class='ocrx_word' id='word_1_387' title='bbox 874 1700 963 1733; x_wconf 86' lang='lat' dir='ltr'><strong>patria</strong></span> <span class='ocrx_word' id='word_1_388' title='bbox 981 1696 1159 1734; x_wconf 73' lang='lat' dir='ltr'><strong>Byzantinus,</strong></span> <span class='ocrx_word' id='word_1_389' title='bbox 1174 1699 1214 1724; x_wconf 85' lang='lat' dir='ltr'><strong>vir</strong></span> <span class='ocrx_word' id='word_1_390' title='bbox 1231 1697 1302 1723; x_wconf 89' lang='lat' dir='ltr'><strong>domi</strong></span> <span class='ocrx_word' id='word_1_391' title='bbox 1318 1697 1424 1724; x_wconf 78' lang='lat' dir='ltr'><strong>nobilis.</strong></span> 
     </span>
    </p>
   </div>
   <div class='ocr_carea' id='block_1_38' title="bbox 178 1739 1756 1777">
    <p class='ocr_par' dir='ltr' id='par_1_38' title="bbox 178 1739 1756 1777">
     <span class='ocr_line' id='line_1_38' title="bbox 178 1739 1756 1777; baseline 0.002 -11"><span class='ocrx_word' id='word_1_392' title='bbox 178 1740 222 1766; x_wconf 93' lang='lat' dir='ltr'><strong>Ill.</strong></span> <span class='ocrx_word' id='word_1_393' title='bbox 245 1739 375 1775; x_wconf 83' lang='lat' dir='ltr'><strong>Tempus,</strong></span> <span class='ocrx_word' id='word_1_394' title='bbox 391 1749 445 1775; x_wconf 90' lang='lat' dir='ltr'><strong>quo</strong></span> <span class='ocrx_word' id='word_1_395' title='bbox 460 1742 639 1777; x_wconf 80' lang='lat' dir='ltr'><strong>Chrysoloras</strong></span> <span class='ocrx_word' id='word_1_396' title='bbox 664 1747 756 1769; x_wconf 88' lang='lat' dir='ltr'><strong>noster</strong></span> <span class='ocrx_word' id='word_1_397' title='bbox 779 1743 855 1774; x_wconf 74' lang='lat' dir='ltr'><strong>vixit,</strong></span> <span class='ocrx_word' id='word_1_398' title='bbox 870 1743 951 1769; x_wconf 77' lang='lat' dir='ltr'><strong>ctiam</strong></span> <span class='ocrx_word' id='word_1_399' title='bbox 968 1752 982 1770; x_wconf 72' lang='grc' dir='ltr'>ε</span> <span class='ocrx_word' id='word_1_400' title='bbox 995 1743 1162 1770; x_wconf 84' lang='lat' dir='ltr'><strong>doctissimis</strong></span> <span class='ocrx_word' id='word_1_401' title='bbox 1177 1741 1241 1768; x_wconf 88' lang='lat' dir='ltr'><strong>viris</strong></span> <span class='ocrx_word' id='word_1_402' title='bbox 1266 1741 1408 1768; x_wconf 87' lang='lat' dir='ltr'><strong>nonnullos</strong></span> <span class='ocrx_word' id='word_1_403' title='bbox 1426 1742 1506 1774; x_wconf 62' lang='lat' dir='ltr'><strong>fugit.</strong></span> <span class='ocrx_word' id='word_1_404' title='bbox 1523 1743 1601 1775; x_wconf 83' lang='lat' dir='ltr'><strong>Quod</strong></span> <span class='ocrx_word' id='word_1_405' title='bbox 1625 1743 1647 1769; x_wconf 85' lang='lat' dir='ltr'><strong>si</strong></span> <span class='ocrx_word' id='word_1_406' title='bbox 1671 1742 1756 1770; x_wconf 83' lang='lat' dir='ltr'><strong>Jaco-</strong></span> 
     </span>
    </p>
   </div>
   <div class='ocr_carea' id='block_1_39' title="bbox 144 1783 1756 1821">
    <p class='ocr_par' dir='ltr' id='par_1_39' title="bbox 144 1783 1756 1821">
     <span class='ocr_line' id='line_1_39' title="bbox 144 1783 1756 1821; baseline 0.003 -12"><span class='ocrx_word' id='word_1_407' title='bbox 144 1784 207 1810; x_wconf 86' lang='lat' dir='ltr'><strong>bu-n</strong></span> <span class='ocrx_word' id='word_1_408' title='bbox 225 1783 378 1811; x_wconf 88' lang='lat' dir='ltr'><strong>Pontanutu</strong></span> <span class='ocrx_word' id='word_1_409' title='bbox 396 1787 421 1811; x_wconf 94' lang='lat' dir='ltr'><strong>in</strong></span> <span class='ocrx_word' id='word_1_410' title='bbox 436 1785 507 1812; x_wconf 75' lang='lat' dir='ltr'><strong>notis</strong></span> <span class='ocrx_word' id='word_1_411' title='bbox 522 1787 553 1812; x_wconf 87' lang='lat' dir='ltr'><strong>ad</strong></span> <span class='ocrx_word' id='word_1_412' title='bbox 569 1785 679 1821; x_wconf 78' lang='lat' dir='ltr'><strong>Georgii</strong></span> <span class='ocrx_word' id='word_1_413' title='bbox 696 1786 826 1813; x_wconf 74' lang='lat' dir='ltr'><strong>Phranzzc</strong></span> <span class='ocrx_word' id='word_1_414' title='bbox 840 1786 1002 1819; x_wconf 87' lang='lat' dir='ltr'><strong>chronicon,</strong></span> <span class='ocrx_word' id='word_1_415' title='bbox 1024 1788 1122 1814; x_wconf 90' lang='lat' dir='ltr'><strong>librum</strong></span> <span class='ocrx_word' id='word_1_416' title='bbox 1135 1794 1155 1819; x_wconf 83' lang='grc' dir='ltr'>ι,</span> <span class='ocrx_word' id='word_1_417' title='bbox 1174 1792 1255 1821; x_wconf 88' lang='lat' dir='ltr'><strong>caput</strong></span> <span class='ocrx_word' id='word_1_418' title='bbox 1272 1787 1315 1818; x_wconf 69' lang='lat'><strong>12,</strong></span> <span class='ocrx_word' id='word_1_419' title='bbox 1332 1787 1470 1820; x_wconf 70' lang='lat' dir='ltr'><strong>audimus,</strong></span> <span class='ocrx_word' id='word_1_420' title='bbox 1487 1787 1560 1814; x_wconf 85' lang='lat' dir='ltr'><strong>inter</strong></span> <span class='ocrx_word' id='word_1_421' title='bbox 1575 1787 1636 1819; x_wconf 87' lang='lat' dir='ltr'><strong>hos,</strong></span> <span class='ocrx_word' id='word_1_422' title='bbox 1652 1790 1694 1820; x_wconf 85' lang='lat' dir='ltr'><strong>qui</strong></span> <span class='ocrx_word' id='word_1_423' title='bbox 1715 1791 1756 1815; x_wconf 91' lang='lat' dir='ltr'><strong>lu—</strong></span> 
     </span>
    </p>
   </div>
   <div class='ocr_carea' id='block_1_40' title="bbox 145 1827 1755 1865">
    <p class='ocr_par' dir='ltr' id='par_1_40' title="bbox 145 1827 1755 1865">
     <span class='ocr_line' id='line_1_40' title="bbox 145 1827 1755 1865; baseline 0.004 -14"><span class='ocrx_word' id='word_1_424' title='bbox 145 1835 216 1858; x_wconf 85' lang='lat' dir='ltr'><strong>lucu,</strong></span> <span class='ocrx_word' id='word_1_425' title='bbox 234 1827 305 1860; x_wconf 86' lang='lat' dir='ltr'><strong>quod</strong></span> <span class='ocrx_word' id='word_1_426' title='bbox 320 1827 460 1854; x_wconf 84' lang='lat' dir='ltr'><strong>Christum</strong></span> <span class='ocrx_word' id='word_1_427' title='bbox 478 1828 503 1855; x_wconf 93' lang='lat' dir='ltr'><strong>in</strong></span> <span class='ocrx_word' id='word_1_428' title='bbox 530 1834 621 1856; x_wconf 84' lang='lat' dir='ltr'><strong>tnonte</strong></span> <span class='ocrx_word' id='word_1_429' title='bbox 635 1830 827 1862; x_wconf 84' lang='lat' dir='ltr'><strong>circumfulsit,</strong></span> <span class='ocrx_word' id='word_1_430' title='bbox 847 1837 983 1860; x_wconf 82' lang='lat' dir='ltr'><strong>creatum.</strong></span> <span class='ocrx_word' id='word_1_431' title='bbox 1002 1838 1055 1857; x_wconf 88' lang='lat' dir='ltr'><strong>non</strong></span> <span class='ocrx_word' id='word_1_432' title='bbox 1071 1831 1234 1861; x_wconf 85' lang='lat' dir='ltr'><strong>iucreatum,</strong></span> <span class='ocrx_word' id='word_1_433' title='bbox 1253 1830 1434 1863; x_wconf 82' lang='lat' dir='ltr'><strong>aﬂirmarunt,</strong></span> <span class='ocrx_word' id='word_1_434' title='bbox 1451 1832 1502 1858; x_wconf 90' lang='lat' dir='ltr'><strong>sub</strong></span> <span class='ocrx_word' id='word_1_435' title='bbox 1518 1831 1682 1865; x_wconf 80' lang='lat' dir='ltr'><strong>imperatore</strong></span> <span class='ocrx_word' id='word_1_436' title='bbox 1699 1834 1755 1858; x_wconf 76' lang='lat' dir='ltr'><strong>Au-</strong></span> 
     </span>
    </p>
   </div>
   <div class='ocr_carea' id='block_1_41' title="bbox 143 1871 1754 1908">
    <p class='ocr_par' dir='ltr' id='par_1_41' title="bbox 143 1871 1754 1908">
     <span class='ocr_line' id='line_1_41' title="bbox 143 1871 1754 1908; baseline 0.004 -12"><span class='ocrx_word' id='word_1_437' title='bbox 143 1871 257 1897; x_wconf 88' lang='lat' dir='ltr'><strong>dronico</strong></span> <span class='ocrx_word' id='word_1_438' title='bbox 270 1871 422 1906; x_wconf 67' lang='lat' dir='ltr'><strong>Palmologo</strong></span> <span class='ocrx_word' id='word_1_439' title='bbox 436 1872 556 1907; x_wconf 80' lang='lat' dir='ltr'><strong>juniore,</strong></span> <span class='ocrx_word' id='word_1_440' title='bbox 570 1874 617 1908; x_wconf 88' lang='lat' dir='ltr'><strong>qui</strong></span> <span class='ocrx_word' id='word_1_441' title='bbox 633 1874 725 1900; x_wconf 63' lang='lat' dir='ltr'><strong>statim</strong></span> <span class='ocrx_word' id='word_1_442' title='bbox 751 1880 810 1907; x_wconf 82' lang='lat' dir='ltr'><strong>post</strong></span> <span class='ocrx_word' id='word_1_443' title='bbox 828 1873 973 1901; x_wconf 76' lang='lat' dir='ltr'><strong>concilium</strong></span> <span class='ocrx_word' id='word_1_444' title='bbox 986 1882 1016 1900; x_wconf 89' lang='lat' dir='ltr'><strong>ea</strong></span> <span class='ocrx_word' id='word_1_445' title='bbox 1033 1875 1066 1901; x_wconf 88' lang='lat' dir='ltr'><strong>dc</strong></span> <span class='ocrx_word' id='word_1_446' title='bbox 1083 1875 1271 1901; x_wconf 74' lang='lat' dir='ltr'><strong>controversia</strong></span> <span class='ocrx_word' id='word_1_447' title='bbox 1287 1875 1465 1906; x_wconf 83' lang='lat' dir='ltr'><strong>celebratum,</strong></span> <span class='ocrx_word' id='word_1_448' title='bbox 1480 1883 1550 1901; x_wconf 80' lang='lat' dir='ltr'><strong>anno</strong></span> <span class='ocrx_word' id='word_1_449' title='bbox 1560 1875 1591 1902; x_wconf 86' lang='lat' dir='ltr'><strong>C.</strong></span> <span class='ocrx_word' id='word_1_450' title='bbox 1610 1876 1685 1908; x_wconf 67' lang='lat' dir='ltr'><strong>15H,</strong></span> <span class='ocrx_word' id='word_1_451' title='bbox 1699 1876 1754 1904; x_wconf 83' lang='lat' dir='ltr'><strong>vita</strong></span> 
     </span>
    </p>
   </div>
   <div class='ocr_carea' id='block_1_42' title="bbox 143 1915 1752 1954">
    <p class='ocr_par' dir='ltr' id='par_1_42' title="bbox 143 1915 1752 1954">
     <span class='ocr_line' id='line_1_42' title="bbox 143 1915 1752 1954; baseline 0.003 -13"><span class='ocrx_word' id='word_1_452' title='bbox 143 1915 271 1946; x_wconf 72' lang='lat' dir='ltr'><strong>decessit,</strong></span> <span class='ocrx_word' id='word_1_453' title='bbox 287 1916 339 1943; x_wconf 77' lang='lat' dir='ltr'><strong>fuit</strong></span> <span class='ocrx_word' id='word_1_454' title='bbox 352 1917 479 1944; x_wconf 79' lang='lat' dir='ltr'><strong>celebris.</strong></span> <span class='ocrx_word' id='word_1_455' title='bbox 500 1918 624 1946; x_wconf 74' lang='lat' dir='ltr'><strong>Pliranza</strong></span> <span class='ocrx_word' id='word_1_456' title='bbox 641 1919 701 1947; x_wconf 90' lang='lat' dir='ltr'><strong>loco</strong></span> <span class='ocrx_word' id='word_1_457' title='bbox 717 1919 801 1950; x_wconf 87' lang='lat' dir='ltr'><strong>dicto.</strong></span> <span class='ocrx_word' id='word_1_458' title='bbox 821 1920 968 1954; x_wconf 84' lang='lat' dir='ltr'><strong>interprete</strong></span> <span class='ocrx_word' id='word_1_459' title='bbox 991 1918 1100 1944; x_wconf 85' lang='lat' dir='ltr'><strong>laudato</strong></span> <span class='ocrx_word' id='word_1_460' title='bbox 1116 1916 1260 1945; x_wconf 84' lang='lat' dir='ltr'><strong>Pontano:</strong></span> <span class='ocrx_word' id='word_1_461' title='bbox 1278 1918 1339 1945; x_wconf 87' lang='lat' dir='ltr'><strong>Tum</strong></span> <span class='ocrx_word' id='word_1_462' title='bbox 1356 1927 1456 1950; x_wconf 76' lang='lat' dir='ltr'><strong>quoque</strong></span> <span class='ocrx_word' id='word_1_463' title='bbox 1480 1919 1622 1946; x_wconf 77' lang='lat' dir='ltr'><strong>monac/tus</strong></span> <span class='ocrx_word' id='word_1_464' title='bbox 1645 1921 1752 1953; x_wconf 85' lang='lat' dir='ltr'><strong>quidam</strong></span> 
     </span>
    </p>
   </div>
   <div class='ocr_carea' id='block_1_43' title="bbox 144 1958 1752 1997">
    <p class='ocr_par' dir='ltr' id='par_1_43' title="bbox 144 1958 1752 1997">
     <span class='ocr_line' id='line_1_43' title="bbox 144 1958 1752 1997; baseline 0.002 -13"><span class='ocrx_word' id='word_1_465' title='bbox 144 1958 268 1992; x_wconf 78' lang='lat' dir='ltr'><strong>Calaber,</strong></span> <span class='ocrx_word' id='word_1_466' title='bbox 283 1961 331 1992; x_wconf 85' lang='lat' dir='ltr'><strong>ait,</strong></span> <span class='ocrx_word' id='word_1_467' title='bbox 346 1960 434 1986; x_wconf 81' lang='lat' dir='ltr'><strong>dictus</strong></span> <span class='ocrx_word' id='word_1_468' title='bbox 451 1960 625 1995; x_wconf 79' lang='lat' dir='ltr'><strong>Barlaamus,</strong></span> <span class='ocrx_word' id='word_1_469' title='bbox 641 1970 674 1989; x_wconf 73' lang='lat' dir='ltr'><strong>ea;</strong></span> <span class='ocrx_word' id='word_1_470' title='bbox 688 1962 772 1990; x_wconf 84' lang='lat' dir='ltr'><strong>Italia</strong></span> <span class='ocrx_word' id='word_1_471' title='bbox 789 1961 1036 1996; x_wconf 78' lang='lat' dir='ltr'><strong>Constantinopolin</strong></span> <span class='ocrx_word' id='word_1_472' title='bbox 1053 1962 1131 1993; x_wconf 77' lang='lat' dir='ltr'><strong>venit,</strong></span> <span class='ocrx_word' id='word_1_473' title='bbox 1150 1963 1195 1996; x_wconf 89' lang='lat' dir='ltr'><strong>qui</strong></span> <span class='ocrx_word' id='word_1_474' title='bbox 1216 1963 1242 1988; x_wconf 89' lang='lat' dir='ltr'><strong>in</strong></span> <span class='ocrx_word' id='word_1_475' title='bbox 1257 1963 1391 1997; x_wconf 79' lang='lat' dir='ltr'><strong>dogmatis</strong></span> <span class='ocrx_word' id='word_1_476' title='bbox 1408 1961 1566 1990; x_wconf 75' lang='lat' dir='ltr'><strong>Latinorum</strong></span> <span class='ocrx_word' id='word_1_477' title='bbox 1579 1966 1752 1996; x_wconf 67' lang='lat' dir='ltr'><strong>rxercitatux,</strong></span> 
     </span>
    </p>
   </div>
   <div class='ocr_carea' id='block_1_44' title="bbox 143 2003 1756 2041">
    <p class='ocr_par' dir='ltr' id='par_1_44' title="bbox 143 2003 1756 2041">
     <span class='ocr_line' id='line_1_44' title="bbox 143 2003 1756 2041; baseline 0.003 -13"><span class='ocrx_word' id='word_1_478' title='bbox 143 2008 168 2028; x_wconf 88' lang='lat' dir='ltr'><strong>et</strong></span> <span class='ocrx_word' id='word_1_479' title='bbox 186 2003 222 2029; x_wconf 86' lang='lat' dir='ltr'><strong>ad</strong></span> <span class='ocrx_word' id='word_1_480' title='bbox 239 2011 269 2029; x_wconf 83' lang='lat' dir='ltr'><strong>ea</strong></span> <span class='ocrx_word' id='word_1_481' title='bbox 283 2003 453 2038; x_wconf 67' lang='lat' dir='ltr'><strong>defendenda</strong></span> <span class='ocrx_word' id='word_1_482' title='bbox 469 2005 584 2032; x_wconf 75' lang='lat' dir='ltr'><strong>disertus</strong></span> <span class='ocrx_word' id='word_1_483' title='bbox 600 2007 742 2033; x_wconf 86' lang='lat' dir='ltr'><strong>admodum</strong></span> <span class='ocrx_word' id='word_1_484' title='bbox 759 2011 782 2033; x_wconf 79' lang='lat' dir='ltr'><strong>rt</strong></span> <span class='ocrx_word' id='word_1_485' title='bbox 807 2007 928 2041; x_wconf 72' lang='lat' dir='ltr'><strong>eloquens</strong></span> <span class='ocrx_word' id='word_1_486' title='bbox 942 2006 994 2032; x_wconf 85' lang='lat' dir='ltr'><strong>sibi</strong></span> <span class='ocrx_word' id='word_1_487' title='bbox 1021 2005 1167 2032; x_wconf 64' lang='lat' dir='ltr'><strong>videbatur.</strong></span> <span class='ocrx_word' id='word_1_488' title='bbox 1185 2006 1326 2032; x_wconf 82' lang='lat' dir='ltr'><strong>Asserebat</strong></span> <span class='ocrx_word' id='word_1_489' title='bbox 1340 2006 1418 2038; x_wconf 83' lang='lat' dir='ltr'><strong>idem,</strong></span> <span class='ocrx_word' id='word_1_490' title='bbox 1436 2007 1522 2033; x_wconf 84' lang='lat' dir='ltr'><strong>lumen</strong></span> <span class='ocrx_word' id='word_1_491' title='bbox 1541 2007 1607 2033; x_wconf 87' lang='lat' dir='ltr'><strong>illud</strong></span> <span class='ocrx_word' id='word_1_492' title='bbox 1622 2008 1648 2033; x_wconf 89' lang='lat' dir='ltr'><strong>in</strong></span> <span class='ocrx_word' id='word_1_493' title='bbox 1669 2014 1756 2034; x_wconf 73' lang='lat' dir='ltr'><strong>monte</strong></span> 
     </span>
    </p>
   </div>
   <div class='ocr_carea' id='block_1_45' title="bbox 145 2046 1754 2086">
    <p class='ocr_par' dir='ltr' id='par_1_45' title="bbox 145 2046 1754 2086">
     <span class='ocr_line' id='line_1_45' title="bbox 145 2046 1754 2086; baseline 0.003 -14"><span class='ocrx_word' id='word_1_494' title='bbox 145 2046 250 2073; x_wconf 86' lang='lat' dir='ltr'><strong>Thabor</strong></span> <span class='ocrx_word' id='word_1_495' title='bbox 273 2053 391 2074; x_wconf 82' lang='lat' dir='ltr'><strong>creatum</strong></span> <span class='ocrx_word' id='word_1_496' title='bbox 418 2055 484 2080; x_wconf 79' lang='lat' dir='ltr'><strong>esse,</strong></span> <span class='ocrx_word' id='word_1_497' title='bbox 504 2055 662 2084; x_wconf 80' lang='lat' dir='ltr'><strong>nostrosque</strong></span> <span class='ocrx_word' id='word_1_498' title='bbox 676 2051 710 2077; x_wconf 88' lang='lat' dir='ltr'><strong>ad</strong></span> <span class='ocrx_word' id='word_1_499' title='bbox 727 2051 916 2086; x_wconf 76' lang='lat' dir='ltr'><strong>disputandum</strong></span> <span class='ocrx_word' id='word_1_500' title='bbox 934 2057 1011 2082; x_wconf 77' lang='lat' dir='ltr'><strong>super</strong></span> <span class='ocrx_word' id='word_1_501' title='bbox 1029 2050 1076 2075; x_wconf 85' lang='lat' dir='ltr'><strong>hoc</strong></span> <span class='ocrx_word' id='word_1_502' title='bbox 1103 2050 1237 2077; x_wconf 69' lang='lat' dir='ltr'><strong>axiomate</strong></span> <span class='ocrx_word' id='word_1_503' title='bbox 1253 2052 1422 2084; x_wconf 78' lang='lat' dir='ltr'><strong>prouocabat.</strong></span> <span class='ocrx_word' id='word_1_504' title='bbox 1444 2050 1583 2085; x_wconf 75' lang='lat' dir='ltr'><strong>Negotium</strong></span> <span class='ocrx_word' id='word_1_505' title='bbox 1611 2051 1754 2083; x_wconf 80' lang='lat' dir='ltr'><strong>imperatur</strong></span> 
     </span>
    </p>
   </div>
   <div class='ocr_carea' id='block_1_46' title="bbox 144 2089 1753 2129">
    <p class='ocr_par' dir='ltr' id='par_1_46' title="bbox 144 2089 1753 2129">
     <span class='ocr_line' id='line_1_46' title="bbox 144 2089 1753 2129; baseline 0.003 -13"><span class='ocrx_word' id='word_1_506' title='bbox 144 2089 330 2125; x_wconf 82' lang='lat' dir='ltr'><strong>[Andronicus</strong></span> <span class='ocrx_word' id='word_1_507' title='bbox 345 2090 514 2127; x_wconf 51' lang='lat' dir='ltr'><strong>Paliculogns</strong></span> <span class='ocrx_word' id='word_1_508' title='bbox 524 2093 628 2129; x_wconf 82' lang='lat' dir='ltr'><strong>juntor]</strong></span> <span class='ocrx_word' id='word_1_509' title='bbox 645 2093 770 2129; x_wconf 77' lang='lat' dir='ltr'><strong>Gregorio</strong></span> <span class='ocrx_word' id='word_1_510' title='bbox 784 2094 900 2121; x_wconf 77' lang='lat' dir='ltr'><strong>Palama:</strong></span> <span class='ocrx_word' id='word_1_511' title='bbox 914 2093 984 2120; x_wconf 79' lang='lat' dir='ltr'><strong>dedit</strong></span> <span class='ocrx_word' id='word_1_512' title='bbox 996 2095 1042 2128; x_wconf 83' lang='lat' dir='ltr'><strong>qui</strong></span> <span class='ocrx_word' id='word_1_513' title='bbox 1056 2099 1116 2120; x_wconf 86' lang='lat' dir='ltr'><strong>tunc</strong></span> <span class='ocrx_word' id='word_1_514' title='bbox 1127 2092 1382 2120; x_wconf 84' lang='lat' dir='ltr'><strong>Thessalonicensem</strong></span> <span class='ocrx_word' id='word_1_515' title='bbox 1397 2094 1543 2121; x_wconf 66' lang='lat' dir='ltr'><strong>Ecclesium</strong></span> <span class='ocrx_word' id='word_1_516' title='bbox 1557 2095 1753 2121; x_wconf 78' lang='lat' dir='ltr'><strong>moderabatur.</strong></span> 
     </span>
    </p>
   </div>
   <div class='ocr_carea' id='block_1_47' title="bbox 144 2132 1755 2172">
    <p class='ocr_par' dir='ltr' id='par_1_47' title="bbox 144 2132 1755 2172">
     <span class='ocr_line' id='line_1_47' title="bbox 144 2132 1755 2172; baseline 0.003 -13"><span class='ocrx_word' id='word_1_517' title='bbox 144 2134 210 2160; x_wconf 81' lang='lat' dir='ltr'><strong>Cum</strong></span> <span class='ocrx_word' id='word_1_518' title='bbox 230 2135 276 2161; x_wconf 87' lang='lat' dir='ltr'><strong>diu</strong></span> <span class='ocrx_word' id='word_1_519' title='bbox 294 2136 363 2162; x_wconf 84' lang='lat' dir='ltr'><strong>inter</strong></span> <span class='ocrx_word' id='word_1_520' title='bbox 378 2144 406 2162; x_wconf 81' lang='lat' dir='ltr'><strong>se</strong></span> <span class='ocrx_word' id='word_1_521' title='bbox 421 2136 521 2163; x_wconf 77' lang='lat' dir='ltr'><strong>velitati</strong></span> <span class='ocrx_word' id='word_1_522' title='bbox 536 2143 632 2170; x_wconf 83' lang='lat' dir='ltr'><strong>essent,</strong></span> <span class='ocrx_word' id='word_1_523' title='bbox 648 2138 834 2171; x_wconf 66' lang='lat' dir='ltr'><strong>persuasibilia</strong></span> <span class='ocrx_word' id='word_1_524' title='bbox 851 2137 928 2164; x_wconf 76' lang='lat' dir='ltr'><strong>verba</strong></span> <span class='ocrx_word' id='word_1_525' title='bbox 945 2142 969 2164; x_wconf 87' lang='lat' dir='ltr'><strong>et</strong></span> <span class='ocrx_word' id='word_1_526' title='bbox 986 2132 1069 2172; x_wconf 78' lang='lat' dir='ltr'><strong>nugas</strong></span> <span class='ocrx_word' id='word_1_527' title='bbox 1086 2136 1193 2163; x_wconf 82' lang='lat' dir='ltr'><strong>Calabri</strong></span> <span class='ocrx_word' id='word_1_528' title='bbox 1208 2136 1333 2164; x_wconf 83' lang='lat' dir='ltr'><strong>Palamas</strong></span> <span class='ocrx_word' id='word_1_529' title='bbox 1358 2138 1427 2164; x_wconf 78' lang='lat' dir='ltr'><strong>velut</strong></span> <span class='ocrx_word' id='word_1_530' title='bbox 1440 2146 1598 2164; x_wconf 84' lang='lat' dir='ltr'><strong>aranearum</strong></span> <span class='ocrx_word' id='word_1_531' title='bbox 1616 2139 1682 2165; x_wconf 78' lang='lat' dir='ltr'><strong>tclas</strong></span> <span class='ocrx_word' id='word_1_532' title='bbox 1699 2140 1755 2165; x_wconf 82' lang='lat' dir='ltr'><strong>dis-</strong></span> 
     </span>
    </p>
   </div>
   <div class='ocr_carea' id='block_1_48' title="bbox 144 2179 1754 2216">
    <p class='ocr_par' dir='ltr' id='par_1_48' title="bbox 144 2179 1754 2216">
     <span class='ocr_line' id='line_1_48' title="bbox 144 2179 1754 2216; baseline 0.002 -11"><span class='ocrx_word' id='word_1_533' title='bbox 144 2180 236 2206; x_wconf 81' lang='lat' dir='ltr'><strong>cussit.</strong></span> <span class='ocrx_word' id='word_1_534' title='bbox 252 2180 329 2213; x_wconf 82' lang='lat' dir='ltr'><strong>Quod</strong></span> <span class='ocrx_word' id='word_1_535' title='bbox 342 2179 441 2207; x_wconf 84' lang='lat' dir='ltr'><strong>.Ioanni</strong></span> <span class='ocrx_word' id='word_1_536' title='bbox 457 2181 625 2216; x_wconf 69' lang='lat' dir='ltr'><strong>Chrysalorm</strong></span> <span class='ocrx_word' id='word_1_537' title='bbox 638 2182 730 2208; x_wconf 77' lang='lat' dir='ltr'><strong>eadem</strong></span> <span class='ocrx_word' id='word_1_538' title='bbox 746 2183 879 2213; x_wconf 80' lang='lat' dir='ltr'><strong>sentienti,</strong></span> <span class='ocrx_word' id='word_1_539' title='bbox 894 2181 1049 2216; x_wconf 79' lang='lat' dir='ltr'><strong>dicendique</strong></span> <span class='ocrx_word' id='word_1_540' title='bbox 1063 2189 1092 2207; x_wconf 86' lang='lat' dir='ltr'><strong>ac</strong></span> <span class='ocrx_word' id='word_1_541' title='bbox 1105 2181 1259 2212; x_wconf 82' lang='lat' dir='ltr'><strong>disputandi</strong></span> <span class='ocrx_word' id='word_1_542' title='bbox 1272 2182 1396 2207; x_wconf 84' lang='lat' dir='ltr'><strong>similiter</strong></span> <span class='ocrx_word' id='word_1_543' title='bbox 1408 2181 1470 2207; x_wconf 77' lang='lat' dir='ltr'><strong>bene</strong></span> <span class='ocrx_word' id='word_1_544' title='bbox 1483 2183 1576 2215; x_wconf 82' lang='lat' dir='ltr'><strong>perita,</strong></span> <span class='ocrx_word' id='word_1_545' title='bbox 1596 2183 1702 2214; x_wconf 79' lang='lat' dir='ltr'><strong>perinde</strong></span> <span class='ocrx_word' id='word_1_546' title='bbox 1713 2183 1754 2216; x_wconf 81' lang='lat' dir='ltr'><strong>fe-</strong></span> 
     </span>
    </p>
   </div>
   <div class='ocr_carea' id='block_1_49' title="bbox 143 2223 1751 2261">
    <p class='ocr_par' dir='ltr' id='par_1_49' title="bbox 143 2223 1751 2261">
     <span class='ocr_line' id='line_1_49' title="bbox 143 2223 1751 2261; baseline 0.002 -13"><span class='ocrx_word' id='word_1_547' title='bbox 143 2224 189 2250; x_wconf 81' lang='lat' dir='ltr'><strong>cit.</strong></span> <span class='ocrx_word' id='word_1_548' title='bbox 215 2225 256 2251; x_wconf 85' lang='lat' dir='ltr'><strong>Ad</strong></span> <span class='ocrx_word' id='word_1_549' title='bbox 270 2225 329 2252; x_wconf 76' lang='lat' dir='ltr'><strong>ita-c</strong></span> <span class='ocrx_word' id='word_1_550' title='bbox 342 2224 491 2258; x_wconf 74' lang='lat' dir='ltr'><strong>Pontanus,</strong></span> <span class='ocrx_word' id='word_1_551' title='bbox 507 2225 606 2252; x_wconf 85' lang='lat' dir='ltr'><strong>Joanni</strong></span> <span class='ocrx_word' id='word_1_552' title='bbox 624 2226 803 2261; x_wconf 76' lang='lat' dir='ltr'><strong>C/trysolorw,</strong></span> <span class='ocrx_word' id='word_1_553' title='bbox 823 2231 879 2253; x_wconf 81' lang='lat' dir='ltr'><strong>tutu</strong></span> <span class='ocrx_word' id='word_1_554' title='bbox 896 2225 960 2257; x_wconf 87' lang='lat' dir='ltr'><strong>alia,</strong></span> <span class='ocrx_word' id='word_1_555' title='bbox 976 2233 1037 2259; x_wconf 68' lang='lat' dir='ltr'><strong>qua:</strong></span> <span class='ocrx_word' id='word_1_556' title='bbox 1063 2229 1158 2251; x_wconf 82' lang='lat' dir='ltr'><strong>nostro</strong></span> <span class='ocrx_word' id='word_1_557' title='bbox 1177 2223 1295 2250; x_wconf 79' lang='lat' dir='ltr'><strong>Manuell</strong></span> <span class='ocrx_word' id='word_1_558' title='bbox 1309 2224 1476 2258; x_wconf 78' lang='lat' dir='ltr'><strong>C/trysolora&#39;</strong></span> <span class='ocrx_word' id='word_1_559' title='bbox 1492 2225 1667 2256; x_wconf 83' lang='lat' dir='ltr'><strong>conveniunt,</strong></span> <span class='ocrx_word' id='word_1_560' title='bbox 1695 2231 1751 2252; x_wconf 87' lang='lat' dir='ltr'><strong>tum</strong></span> 
     </span>
    </p>
   </div>
   <div class='ocr_carea' id='block_1_50' title="bbox 143 2267 1754 2306">
    <p class='ocr_par' dir='ltr' id='par_1_50' title="bbox 143 2267 1754 2306">
     <span class='ocr_line' id='line_1_50' title="bbox 143 2267 1754 2306; baseline 0.001 -13"><span class='ocrx_word' id='word_1_561' title='bbox 143 2269 224 2294; x_wconf 83' lang='lat' dir='ltr'><strong>etiam</strong></span> <span class='ocrx_word' id='word_1_562' title='bbox 243 2268 429 2303; x_wconf 78' lang='lat' dir='ltr'><strong>Epitaphium,</strong></span> <span class='ocrx_word' id='word_1_563' title='bbox 447 2270 527 2304; x_wconf 81' lang='lat' dir='ltr'><strong>cujus</strong></span> <span class='ocrx_word' id='word_1_564' title='bbox 542 2270 707 2298; x_wconf 84' lang='lat' dir='ltr'><strong>mentionem</strong></span> <span class='ocrx_word' id='word_1_565' title='bbox 722 2270 735 2306; x_wconf 89' lang='lat'><strong>§</strong></span> <span class='ocrx_word' id='word_1_566' title='bbox 751 2278 758 2297; x_wconf 96' lang='grc' dir='ltr'><strong>ι</strong></span> <span class='ocrx_word' id='word_1_567' title='bbox 775 2270 900 2301; x_wconf 81' lang='lat' dir='ltr'><strong>fecimus,</strong></span> <span class='ocrx_word' id='word_1_568' title='bbox 918 2269 1063 2301; x_wconf 87' lang='lat' dir='ltr'><strong>attribuit;</strong></span> <span class='ocrx_word' id='word_1_569' title='bbox 1091 2267 1158 2299; x_wconf 83' lang='lat' dir='ltr'><strong>sive,</strong></span> <span class='ocrx_word' id='word_1_570' title='bbox 1174 2268 1245 2302; x_wconf 88' lang='lat' dir='ltr'><strong>quod</strong></span> <span class='ocrx_word' id='word_1_571' title='bbox 1265 2269 1432 2302; x_wconf 64' lang='lat' dir='ltr'><strong>pratuotnina</strong></span> <span class='ocrx_word' id='word_1_572' title='bbox 1450 2276 1497 2302; x_wconf 83' lang='lat' dir='ltr'><strong>per</strong></span> <span class='ocrx_word' id='word_1_573' title='bbox 1517 2268 1690 2296; x_wconf 82' lang='lat' dir='ltr'><strong>oscitantiam</strong></span> <span class='ocrx_word' id='word_1_574' title='bbox 1706 2278 1754 2296; x_wconf 78' lang='grc' dir='ltr'>ιιιι-</span> 
     </span>
    </p>
   </div>
   <div class='ocr_carea' id='block_1_51' title="bbox 144 2310 1754 2350">
    <p class='ocr_par' dir='ltr' id='par_1_51' title="bbox 144 2310 1754 2350">
     <span class='ocr_line' id='line_1_51' title="bbox 144 2310 1754 2350; baseline 0 -12"><span class='ocrx_word' id='word_1_575' title='bbox 144 2313 266 2347; x_wconf 74' lang='lat' dir='ltr'><strong>glexerit,</strong></span> <span class='ocrx_word' id='word_1_576' title='bbox 288 2313 345 2340; x_wconf 81' lang='lat' dir='ltr'><strong>sire</strong></span> <span class='ocrx_word' id='word_1_577' title='bbox 362 2314 433 2348; x_wconf 86' lang='lat' dir='ltr'><strong>quod</strong></span> <span class='ocrx_word' id='word_1_578' title='bbox 453 2313 584 2341; x_wconf 78' lang='lat' dir='ltr'><strong>Joannem</strong></span> <span class='ocrx_word' id='word_1_579' title='bbox 600 2313 748 2341; x_wconf 67' lang='lat' dir='ltr'><strong>Martialem</strong></span> <span class='ocrx_word' id='word_1_580' title='bbox 770 2314 959 2350; x_wconf 76' lang='lat' dir='ltr'><strong>Cltrysoloram</strong></span> <span class='ocrx_word' id='word_1_581' title='bbox 975 2317 1098 2339; x_wconf 84' lang='lat' dir='ltr'><strong>nostrum</strong></span> <span class='ocrx_word' id='word_1_582' title='bbox 1115 2311 1200 2338; x_wconf 77' lang='lat' dir='ltr'><strong>fuisse</strong></span> <span class='ocrx_word' id='word_1_583' title='bbox 1213 2310 1315 2337; x_wconf 68' lang='lat' dir='ltr'><strong>dictum</strong></span> <span class='ocrx_word' id='word_1_584' title='bbox 1334 2318 1494 2344; x_wconf 70' lang='lat' dir='ltr'><strong>persuasus,</strong></span> <span class='ocrx_word' id='word_1_585' title='bbox 1511 2319 1668 2345; x_wconf 69' lang='grc' dir='ltr'>ρι’ωιιυιιιοιι</span> <span class='ocrx_word' id='word_1_586' title='bbox 1686 2313 1754 2339; x_wconf 75' lang='lat' dir='ltr'><strong>altt-</strong></span> 
     </span>
    </p>
   </div>
   <div class='ocr_carea' id='block_1_52' title="bbox 145 2356 1293 2392">
    <p class='ocr_par' dir='ltr' id='par_1_52' title="bbox 145 2356 1293 2392">
     <span class='ocr_line' id='line_1_52' title="bbox 145 2356 1293 2392; baseline -0.002 -9"><span class='ocrx_word' id='word_1_587' title='bbox 145 2365 204 2383; x_wconf 86' lang='lat' dir='ltr'><strong>l‘lllll</strong></span> <span class='ocrx_word' id='word_1_588' title='bbox 222 2358 247 2384; x_wconf 94' lang='lat' dir='ltr'><strong>in</strong></span> <span class='ocrx_word' id='word_1_589' title='bbox 266 2357 420 2392; x_wconf 81' lang='lat' dir='ltr'><strong>Epitaphio,</strong></span> <span class='ocrx_word' id='word_1_590' title='bbox 435 2358 552 2385; x_wconf 83' lang='lat' dir='ltr'><strong>alterum</strong></span> <span class='ocrx_word' id='word_1_591' title='bbox 570 2365 584 2385; x_wconf 87' lang='lat' dir='ltr'><strong>a</strong></span> <span class='ocrx_word' id='word_1_592' title='bbox 600 2357 723 2385; x_wconf 85' lang='lat' dir='ltr'><strong>Phranza</strong></span> <span class='ocrx_word' id='word_1_593' title='bbox 740 2358 871 2385; x_wconf 84' lang='lat' dir='ltr'><strong>omissum</strong></span> <span class='ocrx_word' id='word_1_594' title='bbox 884 2357 1095 2384; x_wconf 80' lang='lat' dir='ltr'><strong>existimaverit.</strong></span> <span class='ocrx_word' id='word_1_595' title='bbox 1288 2356 1293 2361; x_wconf 86' lang='grc'><strong>’</strong></span> 
     </span>
    </p>
   </div>
   <div class='ocr_carea' id='block_1_53' title="bbox 180 2398 1754 2437">
    <p class='ocr_par' dir='ltr' id='par_1_53' title="bbox 180 2398 1754 2437">
     <span class='ocr_line' id='line_1_53' title="bbox 180 2398 1754 2437; baseline -0.001 -10"><span class='ocrx_word' id='word_1_596' title='bbox 180 2400 224 2428; x_wconf 75' lang='grc' dir='ltr'><strong>ιν.</strong></span> <span class='ocrx_word' id='word_1_597' title='bbox 242 2401 277 2428; x_wconf 85' lang='lat' dir='ltr'><strong>At</strong></span> <span class='ocrx_word' id='word_1_598' title='bbox 293 2409 367 2434; x_wconf 77' lang='lat' dir='ltr'><strong>vero,</strong></span> <span class='ocrx_word' id='word_1_599' title='bbox 396 2409 483 2437; x_wconf 87' lang='lat' dir='ltr'><strong>neque</strong></span> <span class='ocrx_word' id='word_1_600' title='bbox 495 2400 628 2430; x_wconf 84' lang='lat' dir='ltr'><strong>Joannem</strong></span> <span class='ocrx_word' id='word_1_601' title='bbox 647 2402 797 2429; x_wconf 83' lang='lat' dir='ltr'><strong>Manuelem</strong></span> <span class='ocrx_word' id='word_1_602' title='bbox 822 2401 1016 2437; x_wconf 82' lang='lat' dir='ltr'><strong>Chrysoloram</strong></span> <span class='ocrx_word' id='word_1_603' title='bbox 1034 2404 1156 2427; x_wconf 89' lang='lat' dir='ltr'><strong>nostrum</strong></span> <span class='ocrx_word' id='word_1_604' title='bbox 1175 2398 1259 2426; x_wconf 79' lang='lat' dir='ltr'><strong>fuisse</strong></span> <span class='ocrx_word' id='word_1_605' title='bbox 1275 2399 1380 2426; x_wconf 85' lang='lat' dir='ltr'><strong>dictum</strong></span> <span class='ocrx_word' id='word_1_606' title='bbox 1394 2400 1559 2432; x_wconf 69' lang='lat' dir='ltr'><strong>reperinuts,</strong></span> <span class='ocrx_word' id='word_1_607' title='bbox 1575 2405 1601 2426; x_wconf 77' lang='lat' dir='ltr'><strong>et</strong></span> <span class='ocrx_word' id='word_1_608' title='bbox 1621 2399 1754 2427; x_wconf 82' lang='lat' dir='ltr'><strong>Joannem</strong></span> 
     </span>
    </p>
   </div>
   <div class='ocr_carea' id='block_1_54' title="bbox 146 2442 1756 2480">
    <p class='ocr_par' dir='ltr' id='par_1_54' title="bbox 146 2442 1756 2480">
     <span class='ocr_line' id='line_1_54' title="bbox 146 2442 1756 2480; baseline -0.001 -9"><span class='ocrx_word' id='word_1_609' title='bbox 146 2444 352 2479; x_wconf 77' lang='lat' dir='ltr'><strong>Mattuelemqne</strong></span> <span class='ocrx_word' id='word_1_610' title='bbox 367 2445 548 2480; x_wconf 85' lang='lat' dir='ltr'><strong>Cbrysoloras</strong></span> <span class='ocrx_word' id='word_1_611' title='bbox 565 2445 651 2474; x_wconf 83' lang='lat' dir='ltr'><strong>fuisse</strong></span> <span class='ocrx_word' id='word_1_612' title='bbox 675 2446 810 2478; x_wconf 83' lang='lat' dir='ltr'><strong>diversos,</strong></span> <span class='ocrx_word' id='word_1_613' title='bbox 826 2446 884 2480; x_wconf 85' lang='lat' dir='ltr'><strong>ipsa</strong></span> <span class='ocrx_word' id='word_1_614' title='bbox 904 2450 1057 2479; x_wconf 86' lang='lat' dir='ltr'><strong>temporum</strong></span> <span class='ocrx_word' id='word_1_615' title='bbox 1076 2442 1177 2470; x_wconf 85' lang='lat' dir='ltr'><strong>indicat</strong></span> <span class='ocrx_word' id='word_1_616' title='bbox 1193 2443 1324 2470; x_wconf 87' lang='lat' dir='ltr'><strong>conditio.</strong></span> <span class='ocrx_word' id='word_1_617' title='bbox 1341 2443 1394 2470; x_wconf 88' lang='lat' dir='ltr'><strong>Fac</strong></span> <span class='ocrx_word' id='word_1_618' title='bbox 1417 2444 1503 2476; x_wconf 80' lang='lat' dir='ltr'><strong>enim,</strong></span> <span class='ocrx_word' id='word_1_619' title='bbox 1521 2443 1684 2478; x_wconf 68' lang='lat' dir='ltr'><strong>imperatore</strong></span> <span class='ocrx_word' id='word_1_620' title='bbox 1701 2444 1756 2470; x_wconf 85' lang='lat' dir='ltr'><strong>Au-</strong></span> 
     </span>
    </p>
   </div>
   <div class='ocr_carea' id='block_1_55' title="bbox 145 2487 1754 2524">
    <p class='ocr_par' dir='ltr' id='par_1_55' title="bbox 145 2487 1754 2524">
     <span class='ocr_line' id='line_1_55' title="bbox 145 2487 1754 2524; baseline -0.001 -9"><span class='ocrx_word' id='word_1_621' title='bbox 145 2488 260 2516; x_wconf 90' lang='lat' dir='ltr'><strong>dr0nico</strong></span> <span class='ocrx_word' id='word_1_622' title='bbox 286 2488 438 2524; x_wconf 73' lang='lat' dir='ltr'><strong>Palteologo</strong></span> <span class='ocrx_word' id='word_1_623' title='bbox 450 2489 559 2524; x_wconf 85' lang='lat' dir='ltr'><strong>juniore</strong></span> <span class='ocrx_word' id='word_1_624' title='bbox 571 2490 665 2517; x_wconf 78' lang='lat' dir='ltr'><strong>vitam‘</strong></span> <span class='ocrx_word' id='word_1_625' title='bbox 680 2490 834 2522; x_wconf 87' lang='lat' dir='ltr'><strong>claudente,</strong></span> <span class='ocrx_word' id='word_1_626' title='bbox 853 2491 878 2516; x_wconf 81' lang='lat' dir='ltr'><strong>id</strong></span> <span class='ocrx_word' id='word_1_627' title='bbox 895 2494 947 2522; x_wconf 78' lang='lat' dir='ltr'><strong>est,</strong></span> <span class='ocrx_word' id='word_1_628' title='bbox 966 2495 1039 2514; x_wconf 89' lang='lat' dir='ltr'><strong>anno</strong></span> <span class='ocrx_word' id='word_1_629' title='bbox 1055 2487 1086 2515; x_wconf 88' lang='lat' dir='ltr'><strong>C.</strong></span> <span class='ocrx_word' id='word_1_630' title='bbox 1106 2487 1186 2519; x_wconf 71' lang='lat' dir='ltr'><strong>l5“,</strong></span> <span class='ocrx_word' id='word_1_631' title='bbox 1201 2487 1335 2515; x_wconf 86' lang='lat' dir='ltr'><strong>Joannem</strong></span> <span class='ocrx_word' id='word_1_632' title='bbox 1351 2488 1544 2523; x_wconf 82' lang='lat' dir='ltr'><strong>Chrysoloram</strong></span> <span class='ocrx_word' id='word_1_633' title='bbox 1559 2488 1593 2515; x_wconf 67' lang='lat'><strong>25</strong></span> <span class='ocrx_word' id='word_1_634' title='bbox 1608 2495 1754 2519; x_wconf 86' lang='lat' dir='ltr'><strong>annorum,</strong></span> 
     </span>
    </p>
   </div>
   <div class='ocr_carea' id='block_1_56' title="bbox 146 2532 1755 2568">
    <p class='ocr_par' dir='ltr' id='par_1_56' title="bbox 146 2532 1755 2568">
     <span class='ocr_line' id='line_1_56' title="bbox 146 2532 1755 2568; baseline 0.002 -11"><span class='ocrx_word' id='word_1_635' title='bbox 146 2533 272 2567; x_wconf 85' lang='lat' dir='ltr'><strong>quamvis</strong></span> <span class='ocrx_word' id='word_1_636' title='bbox 288 2538 344 2559; x_wconf 91' lang='lat' dir='ltr'><strong>tum</strong></span> <span class='ocrx_word' id='word_1_637' title='bbox 360 2533 516 2566; x_wconf 72' lang='lat' dir='ltr'><strong>grandioris</strong></span> <span class='ocrx_word' id='word_1_638' title='bbox 540 2535 629 2560; x_wconf 65' lang='lat' dir='ltr'><strong>aetatis</strong></span> <span class='ocrx_word' id='word_1_639' title='bbox 646 2540 810 2568; x_wconf 66' lang='lat' dir='ltr'><strong>praesumere</strong></span> <span class='ocrx_word' id='word_1_640' title='bbox 824 2540 878 2560; x_wconf 89' lang='lat' dir='ltr'><strong>non</strong></span> <span class='ocrx_word' id='word_1_641' title='bbox 895 2537 992 2567; x_wconf 64' lang='lat' dir='ltr'><strong>praeter</strong></span> <span class='ocrx_word' id='word_1_642' title='bbox 1006 2539 1117 2559; x_wconf 83' lang='lat' dir='ltr'><strong>causam</strong></span> <span class='ocrx_word' id='word_1_643' title='bbox 1135 2532 1246 2566; x_wconf 82' lang='lat' dir='ltr'><strong>possis:</strong></span> <span class='ocrx_word' id='word_1_644' title='bbox 1263 2532 1467 2560; x_wconf 85' lang='lat' dir='ltr'><strong>Constantiensi</strong></span> <span class='ocrx_word' id='word_1_645' title='bbox 1485 2532 1613 2563; x_wconf 88' lang='lat' dir='ltr'><strong>concilio,</strong></span> <span class='ocrx_word' id='word_1_646' title='bbox 1630 2532 1662 2559; x_wconf 89' lang='lat' dir='ltr'><strong>ad</strong></span> <span class='ocrx_word' id='word_1_647' title='bbox 1680 2533 1755 2566; x_wconf 86' lang='lat' dir='ltr'><strong>quod</strong></span> 
     </span>
    </p>
   </div>
   <div class='ocr_carea' id='block_1_57' title="bbox 145 2575 1754 2611">
    <p class='ocr_par' dir='ltr' id='par_1_57' title="bbox 145 2575 1754 2611">
     <span class='ocr_line' id='line_1_57' title="bbox 145 2575 1754 2611; baseline 0.001 -9"><span class='ocrx_word' id='word_1_648' title='bbox 145 2576 251 2604; x_wconf 80' lang='lat' dir='ltr'><strong>Ilauucl</strong></span> <span class='ocrx_word' id='word_1_649' title='bbox 267 2577 446 2611; x_wconf 78' lang='lat' dir='ltr'><strong>Chrysoloras</strong></span> <span class='ocrx_word' id='word_1_650' title='bbox 462 2582 554 2604; x_wconf 86' lang='lat' dir='ltr'><strong>uoslcr</strong></span> <span class='ocrx_word' id='word_1_651' title='bbox 569 2581 752 2611; x_wconf 83' lang='lat' dir='ltr'><strong>spectatorem</strong></span> <span class='ocrx_word' id='word_1_652' title='bbox 767 2582 880 2603; x_wconf 87' lang='lat' dir='ltr'><strong>acturus</strong></span> <span class='ocrx_word' id='word_1_653' title='bbox 896 2576 1023 2607; x_wconf 84' lang='lat' dir='ltr'><strong>accessit,</strong></span> <span class='ocrx_word' id='word_1_654' title='bbox 1041 2580 1070 2602; x_wconf 91' lang='lat' dir='ltr'><strong>ul</strong></span> <span class='ocrx_word' id='word_1_655' title='bbox 1091 2575 1161 2603; x_wconf 78' lang='lat' dir='ltr'><strong>infra</strong></span> <span class='ocrx_word' id='word_1_656' title='bbox 1186 2576 1474 2608; x_wconf 83' lang='lat' dir='ltr'><strong>conuuetnorabitnus,</strong></span> <span class='ocrx_word' id='word_1_657' title='bbox 1491 2575 1599 2603; x_wconf 84' lang='lat' dir='ltr'><strong>initium</strong></span> <span class='ocrx_word' id='word_1_658' title='bbox 1618 2575 1754 2610; x_wconf 83' lang='lat' dir='ltr'><strong>capiente,</strong></span> 
     </span>
    </p>
   </div>
   <div class='ocr_carea' id='block_1_58' title="bbox 146 2619 918 2652">
    <p class='ocr_par' dir='ltr' id='par_1_58' title="bbox 146 2619 918 2652">
     <span class='ocr_line' id='line_1_58' title="bbox 146 2619 918 2652; baseline 0 -6"><span class='ocrx_word' id='word_1_659' title='bbox 146 2621 172 2646; x_wconf 89' lang='grc' dir='ltr'>ιιΙ</span> <span class='ocrx_word' id='word_1_660' title='bbox 188 2625 240 2652; x_wconf 83' lang='lat' dir='ltr'><strong>est,</strong></span> <span class='ocrx_word' id='word_1_661' title='bbox 260 2628 325 2648; x_wconf 88' lang='lat' dir='ltr'><strong>ann.</strong></span> <span class='ocrx_word' id='word_1_662' title='bbox 341 2620 373 2648; x_wconf 79' lang='grc' dir='ltr'><strong>ϐ.</strong></span> <span class='ocrx_word' id='word_1_663' title='bbox 391 2620 470 2651; x_wconf 70' lang='grc'><strong>1414,</strong></span> <span class='ocrx_word' id='word_1_664' title='bbox 486 2622 672 2648; x_wconf 86' lang='lat' dir='ltr'><strong>centenarium</strong></span> <span class='ocrx_word' id='word_1_665' title='bbox 689 2628 781 2648; x_wconf 86' lang='lat' dir='ltr'><strong>senem</strong></span> <span class='ocrx_word' id='word_1_666' title='bbox 797 2619 918 2647; x_wconf 88' lang='lat' dir='ltr'><strong>habebis.</strong></span> 
     </span>
    </p>
   </div>
   <div class='ocr_carea' id='block_1_59' title="bbox 181 2661 1755 2698">
    <p class='ocr_par' dir='ltr' id='par_1_59' title="bbox 181 2661 1755 2698">
     <span class='ocr_line' id='line_1_59' title="bbox 181 2661 1755 2698; baseline 0.001 -10"><span class='ocrx_word' id='word_1_667' title='bbox 181 2661 213 2689; x_wconf 85' lang='lat' dir='ltr'><strong>V.</strong></span> <span class='ocrx_word' id='word_1_668' title='bbox 231 2663 324 2698; x_wconf 71' lang='lat' dir='ltr'><strong>Neque</strong></span> <span class='ocrx_word' id='word_1_669' title='bbox 338 2662 456 2690; x_wconf 81' lang='lat' dir='ltr'><strong>Jacobus</strong></span> <span class='ocrx_word' id='word_1_670' title='bbox 471 2663 612 2690; x_wconf 87' lang='lat' dir='ltr'><strong>Pontanus</strong></span> <span class='ocrx_word' id='word_1_671' title='bbox 627 2664 725 2696; x_wconf 85' lang='lat' dir='ltr'><strong>solum,</strong></span> <span class='ocrx_word' id='word_1_672' title='bbox 738 2664 821 2690; x_wconf 83' lang='lat' dir='ltr'><strong>etiam</strong></span> <span class='ocrx_word' id='word_1_673' title='bbox 839 2662 977 2690; x_wconf 85' lang='lat' dir='ltr'><strong>Gerardus</strong></span> <span class='ocrx_word' id='word_1_674' title='bbox 992 2662 1112 2690; x_wconf 78' lang='lat' dir='ltr'><strong>Joannes</strong></span> <span class='ocrx_word' id='word_1_675' title='bbox 1134 2666 1242 2690; x_wconf 69' lang='lat' dir='ltr'><strong>Vossius</strong></span> <span class='ocrx_word' id='word_1_676' title='bbox 1253 2661 1386 2689; x_wconf 74' lang='lat' dir='ltr'><strong>Joannem</strong></span> <span class='ocrx_word' id='word_1_677' title='bbox 1403 2667 1484 2697; x_wconf 89' lang='lat' dir='ltr'><strong>atque</strong></span> <span class='ocrx_word' id='word_1_678' title='bbox 1500 2661 1650 2689; x_wconf 78' lang='lat' dir='ltr'><strong>Manuclcm</strong></span> <span class='ocrx_word' id='word_1_679' title='bbox 1669 2662 1755 2698; x_wconf 80' lang='lat' dir='ltr'><strong>Chry-</strong></span> 
     </span>
    </p>
   </div>
   <div class='ocr_carea' id='block_1_60' title="bbox 146 2705 1756 2741">
    <p class='ocr_par' dir='ltr' id='par_1_60' title="bbox 146 2705 1756 2741">
     <span class='ocr_line' id='line_1_60' title="bbox 146 2705 1756 2741; baseline 0.001 -10"><span class='ocrx_word' id='word_1_680' title='bbox 146 2705 252 2732; x_wconf 86' lang='lat' dir='ltr'><strong>soloras</strong></span> <span class='ocrx_word' id='word_1_681' title='bbox 268 2707 422 2734; x_wconf 81' lang='lat' dir='ltr'><strong>confundit.</strong></span> <span class='ocrx_word' id='word_1_682' title='bbox 441 2706 562 2740; x_wconf 88' lang='lat' dir='ltr'><strong>Uterque</strong></span> <span class='ocrx_word' id='word_1_683' title='bbox 577 2706 728 2734; x_wconf 80' lang='lat' dir='ltr'><strong>ManueIem</strong></span> <span class='ocrx_word' id='word_1_684' title='bbox 745 2707 938 2741; x_wconf 80' lang='lat' dir='ltr'><strong>Chrysoloram</strong></span> <span class='ocrx_word' id='word_1_685' title='bbox 953 2706 1094 2734; x_wconf 80' lang='lat' dir='ltr'><strong>Francisci</strong></span> <span class='ocrx_word' id='word_1_686' title='bbox 1109 2706 1242 2741; x_wconf 81' lang='lat' dir='ltr'><strong>l’hilelpbi</strong></span> <span class='ocrx_word' id='word_1_687' title='bbox 1256 2713 1382 2733; x_wconf 85' lang='lat' dir='ltr'><strong>socerum</strong></span> <span class='ocrx_word' id='word_1_688' title='bbox 1401 2706 1487 2734; x_wconf 75' lang='lat' dir='ltr'><strong>fuisse</strong></span> <span class='ocrx_word' id='word_1_689' title='bbox 1507 2707 1598 2732; x_wconf 85' lang='lat' dir='ltr'><strong>docel.</strong></span> <span class='ocrx_word' id='word_1_690' title='bbox 1616 2706 1756 2733; x_wconf 79' lang='lat' dir='ltr'><strong>Pomanus</strong></span> 
     </span>
    </p>
   </div>
   <div class='ocr_carea' id='block_1_61' title="bbox 146 2747 1760 2786">
    <p class='ocr_par' dir='ltr' id='par_1_61' title="bbox 146 2747 1760 2786">
     <span class='ocr_line' id='line_1_61' title="bbox 146 2747 1760 2786; baseline 0 -10"><span class='ocrx_word' id='word_1_691' title='bbox 146 2750 206 2776; x_wconf 90' lang='lat' dir='ltr'><strong>loco</strong></span> <span class='ocrx_word' id='word_1_692' title='bbox 221 2750 311 2776; x_wconf 87' lang='lat' dir='ltr'><strong>dicto:</strong></span> <span class='ocrx_word' id='word_1_693' title='bbox 326 2749 392 2784; x_wconf 85' lang='lat' dir='ltr'><strong>Ejus</strong></span> <span class='ocrx_word' id='word_1_694' title='bbox 408 2750 553 2786; x_wconf 74' lang='lat' dir='ltr'><strong>[Manuelis</strong></span> <span class='ocrx_word' id='word_1_695' title='bbox 567 2749 747 2785; x_wconf 71' lang='lat' dir='ltr'><strong>Cbrysolorzc]</strong></span> <span class='ocrx_word' id='word_1_696' title='bbox 764 2759 850 2785; x_wconf 72' lang='lat' dir='ltr'><strong>gener,</strong></span> <span class='ocrx_word' id='word_1_697' title='bbox 865 2758 916 2777; x_wconf 88' lang='lat' dir='ltr'><strong>non</strong></span> <span class='ocrx_word' id='word_1_698' title='bbox 930 2750 1076 2783; x_wconf 74' lang='lat' dir='ltr'><strong>discipulus</strong></span> <span class='ocrx_word' id='word_1_699' title='bbox 1093 2752 1179 2782; x_wconf 80' lang='lat' dir='ltr'><strong>modo,</strong></span> <span class='ocrx_word' id='word_1_700' title='bbox 1197 2751 1248 2782; x_wconf 74' lang='lat' dir='ltr'><strong>{uit</strong></span> <span class='ocrx_word' id='word_1_701' title='bbox 1265 2749 1420 2777; x_wconf 84' lang='lat' dir='ltr'><strong>Franciscus</strong></span> <span class='ocrx_word' id='word_1_702' title='bbox 1436 2749 1601 2782; x_wconf 72' lang='lat' dir='ltr'><strong>P/nlelphus,</strong></span> <span class='ocrx_word' id='word_1_703' title='bbox 1618 2749 1660 2775; x_wconf 86' lang='lat' dir='ltr'><strong>cui</strong></span> <span class='ocrx_word' id='word_1_704' title='bbox 1676 2747 1760 2776; x_wconf 78' lang='lat' dir='ltr'><strong>Theo-</strong></span> 
     </span>
    </p>
   </div>
   <div class='ocr_carea' id='block_1_62' title="bbox 146 2791 1755 2829">
    <p class='ocr_par' dir='ltr' id='par_1_62' title="bbox 146 2791 1755 2829">
     <span class='ocr_line' id='line_1_62' title="bbox 146 2791 1755 2829; baseline -0.001 -9"><span class='ocrx_word' id='word_1_705' title='bbox 146 2794 239 2820; x_wconf 84' lang='lat' dir='ltr'><strong>doram</strong></span> <span class='ocrx_word' id='word_1_706' title='bbox 255 2793 338 2827; x_wconf 84' lang='lat' dir='ltr'><strong>ﬁliam</strong></span> <span class='ocrx_word' id='word_1_707' title='bbox 355 2801 464 2828; x_wconf 81' lang='lat' dir='ltr'><strong>nuptum</strong></span> <span class='ocrx_word' id='word_1_708' title='bbox 492 2794 573 2820; x_wconf 58' lang='lat' dir='ltr'><strong>dedit.</strong></span> <span class='ocrx_word' id='word_1_709' title='bbox 589 2794 701 2822; x_wconf 72' lang='lat' dir='ltr'><strong>Vcssius</strong></span> <span class='ocrx_word' id='word_1_710' title='bbox 717 2795 763 2821; x_wconf 84' lang='grc' dir='ltr'>ΙιΙι.</span> <span class='ocrx_word' id='word_1_711' title='bbox 781 2802 818 2827; x_wconf 85' lang='lat' dir='ltr'><strong>tv,</strong></span> <span class='ocrx_word' id='word_1_712' title='bbox 839 2795 874 2821; x_wconf 87' lang='lat' dir='ltr'><strong>De</strong></span> <span class='ocrx_word' id='word_1_713' title='bbox 892 2795 1025 2822; x_wconf 82' lang='lat' dir='ltr'><strong>historicis</strong></span> <span class='ocrx_word' id='word_1_714' title='bbox 1050 2794 1160 2825; x_wconf 61' lang='grc' dir='ltr'><strong>(ἐναγεῖς.</strong></span> <span class='ocrx_word' id='word_1_715' title='bbox 1185 2801 1245 2829; x_wconf 88' lang='lat' dir='ltr'><strong>cap.</strong></span> <span class='ocrx_word' id='word_1_716' title='bbox 1267 2792 1319 2821; x_wconf 87' lang='lat' dir='ltr'><strong>l9:</strong></span> <span class='ocrx_word' id='word_1_717' title='bbox 1339 2793 1448 2820; x_wconf 75' lang='grc' dir='ltr'><strong>Μαιηιεί</strong></span> <span class='ocrx_word' id='word_1_718' title='bbox 1469 2794 1645 2828; x_wconf 81' lang='lat' dir='ltr'><strong>Chrysoloras</strong></span> <span class='ocrx_word' id='word_1_719' title='bbox 1666 2791 1755 2819; x_wconf 80' lang='lat' dir='ltr'><strong>Fran-</strong></span> 
     </span>
    </p>
   </div>
  </div>
