1929 3087
195 181 300 218 χρείας.
334 181 408 217 Ὀσῳ
441 181 495 217 γὰρ
523 189 605 217 ηττον
635 181 768 216 μεγέθους
795 179 895 214 τειχῶν
927 180 1024 211 τότεΑ

196 230 292 260 ἐδεῖτο,
313 228 432 263 τοσούτῳ
446 229 531 255 πλείω
544 248 551 261 ,
572 228 612 255 Ετι
629 228 657 255 δὲ
684 227 769 264 μείζω
786 229 873 256 ταῦτα
892 236 986 260 περιε-

197 274 306 304 ϐάλετο.
324 274 434 308 οἰομένη
455 274 533 300 πόλιν
550 282 579 299 τε
604 273 721 309 πρώτως
739 273 793 299 ἀπὸ
810 273 865 299 τῶν
883 273 987 307 πειχῶν

196 319 353 354 φαίνεσθαι,
370 320 416 345 καὶ
445 319 598 353 καλεῖσθαι,
623 320 672 346 καὶ
689 319 757 354 πρὸς
772 320 817 345 τὴν
834 320 944 346 ἅπαντα
959 319 988 345 δὲ

196 364 306 399 χρόνον,
319 365 349 390 οὐ
366 365 434 399 πρὸς
447 365 496 399 τὴν
512 365 655 399 παροῦσαν
672 364 878 399 μόνον’ὴλικίαν
899 363 987 390 ταῦτα

196 410 341 444 γίνεσθαιο
365 409 407 444 ἐφ’
431 406 460 436 οὗ
480 409 566 436 πολλὰ
591 409 650 436 κατ’
668 408 828 443 ἀνθρώπους
855 408 986 435 δύνασθαι

197 454 354 489 συμϐῆναι·
376 455 423 480 καὶ
450 454 504 480 τῶν
528 455 666 488 μεγίστων
690 452 741 484 μὲν
765 450 835 478 εἶναι
850 452 894 478 τὸν
910 452 988 486 παρὰ

196 500 254 526 τῶν
270 499 375 527 πολλῶν
393 500 503 534 φθόνονι
518 501 649 535 μεγίστας
664 500 692 526 δὲ
715 498 783 526 εἶναι
801 499 850 526 καὶ
863 499 912 530 τὰς
936 507 987 533 με-

197 545 315 577 τασολάς
327 553 334 560 ·
351 545 422 572 ὥστε
439 547 469 572 οὐ
484 546 564 580 μόνον
578 547 626 580 τῆς
641 546 782 580 δυνάμεως
800 544 853 571 τῶν
868 552 986 578 πεποιη-

197 591 298 622 κότων.
324 592 392 618 ἀλλὰ
409 591 456 618 καὶ
479 593 529 627 τῆς
553 593 594 623 είς
624 593 654 618 τὸ
672 591 769 625 μέλλον
784 590 914 625 προνοίας
939 590 986 617 καὶ

199 637 357 672 φρονήσεως
389 637 478 664 αὐτῶν
511 637 592 673 μέχρι
616 637 714 664 πολλοῦ
746 637 870 672 σύμϐολα
892 636 990 671 διαμέ-

200 690 269 710 νειν.
301 710 305 717 ,

738 120 922 161 EPISTULA
940 119 990 149 AD
1007 118 1189 149 JOANNEM
1209 118 1287 148 IMP.

1803 115 1858 154 46‘

1040 179 1086 206 ille
1100 183 1127 205 et
1138 177 1241 212 reliqua
1256 176 1331 204 urbis
1345 176 1526 210 munimenta,
1551 184 1611 212 qua:
1622 176 1690 210 dixi,
1705 177 1785 204 validi
1806 185 1838 205 ac

1043 224 1226 260 pmentissimi
1243 222 1349 257 imperii
1366 229 1499 257 tempore,
1527 227 1660 251 utcmtera
1674 223 1837 251 admiranda

1042 278 1123 305 opera
1140 270 1214 297 illius
1241 269 1328 302 urbis,
1354 269 1446 303 potius
1461 269 1493 295 ad
1516 269 1742 304 magniﬁcentiam
1754 277 1837 304 quant

1042 324 1120 343 usum
1135 321 1272 343 exstructa
1296 316 1408 343 fuerint.
1425 315 1533 348 Quanto
1550 316 1624 342 enim
1639 316 1730 344 minus
1745 324 1840 342 muro-

1042 370 1103 390 rum
1121 363 1308 397 magnitudine
1325 367 1388 389 tunc
1406 362 1553 397 indigebat,
1577 370 1609 389 eo
1625 367 1652 389 et
1668 363 1793 397 pluribus
1810 367 1839 390 et

1042 409 1193 443 majoribus
1211 409 1299 435 cincta
1315 407 1376 435 fuit.
1397 408 1502 442 Quippe
1512 416 1572 435 cum
1591 409 1838 436 crederenturbem

1048 456 1167 489 primum
1177 463 1209 482 ex
1221 456 1305 482 muris
1321 462 1461 489 apparere,
1480 462 1633 490 nomenque
1645 455 1707 483 inde
1715 456 1840 491 accipere

1039 504 1066 526 et
1078 502 1222 527 Itoscenon
1248 493 1372 534 praise-nil
1397 505 1499 527 tantum
1518 501 1602 534 altati,
1627 501 1673 528 sed
1700 502 1733 529 ad
1760 509 1841 529 omne

1040 545 1163 572 futurum
1193 551 1298 579 tempus
1322 547 1444 573 exstrui:
1469 547 1546 581 cujus
1576 554 1722 582 progressu
1753 549 1838 575 multa

1040 590 1198 617 hominibus
1209 591 1318 618 evenire
1331 591 1452 625 possint;
1465 591 1491 618 iu
1502 592 1600 626 quibus
1611 592 1756 619 multorum
1771 593 1841 620 invi-

1044 636 1088 663 dia
1113 637 1156 663 vel
1170 636 1335 671 praecipuum
1352 637 1441 664 locum
1458 638 1573 670 obtinet,
1587 642 1643 665 tum
1655 639 1737 665 etiam
1749 640 1836 666 maxi-

1044 690 1104 710 mas
1126 689 1218 709 rerum
1235 683 1400 709 mutationes
1419 683 1589 718 contingere,
1608 683 1644 711 ita
1661 688 1691 711 ut
1712 685 1768 712 lnec
1784 693 1838 712 non

199 728 288 756 solum
311 729 439 764 potentiae
450 729 635 763 conditorum,
648 729 694 758 sed
708 729 789 757 etiam
803 729 983 765 providentiae
995 729 1027 756 de
1041 729 1141 756 tuturis
1152 733 1179 756 et
1192 728 1342 763 prudentia:
1352 734 1513 764 argumenta
1527 738 1608 765 quam
1622 731 1774 759 diutissime
1795 739 1843 759 su-

200 782 355 808 peressent.

241 822 312 849 “Αλλ’
329 822 389 849 οὐδὲ
411 823 551 857 μνήματα,
568 822 585 858 ἢ
601 822 717 857 τάφους,
743 822 760 858 ἢ
786 821 899 857 στήλας,
913 822 929 857 ἦ
947 822 994 849 ἀν-

1083 819 1162 853 Quod
1178 819 1202 846 si
1218 823 1406 853 monumenta,
1427 820 1563 854 sepulcra,
1584 820 1727 848 columnas
1739 824 1766 847 et
1783 825 1841 848 sta—

199 869 338 905 δριάντας,
356 870 404 896 ἐπὶ
415 869 464 904 τῆς
480 870 620 905 ἡμετέρας
637 870 741 901 πόλεως
753 869 862 904 ὅνταςῆ
878 869 988 904 γενομέ-

1044 871 1105 894 tuas
1130 871 1230 894 nostra:
1251 866 1327 894 urbis
1353 874 1570 894 commemorare
1594 866 1775 902 vellem.qu:e
1797 867 1839 894 vel

202 923 269 946 νους
281 915 442 950 βουλόμενος
459 915 493 942 ἂν
511 916 600 942 εἰπεῖν
615 915 735 950 ἠπόρουν
753 915 829 946 ῐσωςσ
846 914 903 940 ἀλλ’
916 914 993 941 ὲλάτ-

200 969 240 987 τω
252 961 302 994 μὲν
316 961 381 991 ἴσως
394 960 508 994 ἔμελλον
521 960 575 986 τῶν
592 960 667 995 παρὰ.
689 959 797 991 τούτοις
812 959 913 994 λέγειν.
926 960 993 986 καλ-

199 1006 251 1032 λίω
263 1006 292 1032 δὲ
307 1005 364 1032 ἔνια
377 1007 425 1032 καὶ
438 1005 660 1041 περιφανέστερα
684 1005 775 1039 πολλῷ
797 1005 851 1032 τῶν
871 1005 945 1040 τῇδε.
959 1005 992 1031 Τί

201 1051 257 1084 γὰρ
266 1052 280 1077 ό
290 1050 338 1077 τοῦ
351 1051 462 1077 κτίστου
475 1051 526 1085 μὲν
537 1051 585 1077 καὶ
598 1049 741 1085 πολιούχου
752 1049 885 1084 βασιλέως
896 1051 991 1083 τάφος,

202 1095 252 1122 καὶ
264 1097 288 1122 οί
302 1095 356 1122 τῶν
373 1095 462 1122 ἄλλων
473 1095 527 1122 τῶν
540 1095 606 1130 περὶ
633 1095 714 1122 αὑτὸν
729 1096 775 1122 ἐπὶ
789 1095 836 1121 τοῦ
852 1094 992 1129 βασιλικοῦ

201 1141 389 1176 πολυανδρίου,
406 1141 421 1167 ὃ
442 1141 523 1176 μόνον
544 1141 638 1176 θαῦμα
654 1139 688 1177 ἦν
715 1142 790 1173 ἰδεῖν,
821 1140 913 1167 πολλοὶ
943 1140 992 1176 μὲν

200 1187 294 1222 κύκλῳ
303 1187 454 1222 σωζόμενοι
463 1188 527 1223 περὶ
535 1188 581 1214 τὸν
593 1187 656 1215 ναὸν
667 1187 721 1213 τῶν
737 1187 917 1219 Ἀποστόλων,
928 1187 993 1214 πολ-

200 1232 241 1260 λοὶ
252 1233 280 1259 δὲ
298 1233 348 1268 ἤδη
361 1234 407 1260 καὶ
418 1233 599 1266 ἀπολωλότες,
609 1233 656 1260 καὶ
675 1234 749 1260 ἄλλοι
767 1234 797 1260 δὲ
812 1233 930 1268 ἀλλαχοῦ
941 1234 991 1269 τῆς

179 1287 187 1293 “
200 1279 304 1311 πόλεως
320 1280 365 1306 ἐπὶ
379 1280 433 1305 τῶν
459 1279 604 1314 προνάων;
634 1280 666 1306 Τί
681 1280 710 1306 δὲ
736 1281 751 1315 ἡ
778 1280 826 1306 τοῦ
843 1281 990 1315 νομοθέτου

201 1326 333 1364 βασιλέως
349 1325 454 1361 στήλης
471 1326 527 1352 Kal
541 1326 607 1360 περὶ
620 1325 716 1352 τοῦτον
731 1325 760 1352 δὲ
778 1324 812 1352 αὖ
826 1325 907 1352 ἄλλαι
923 1327 989 1361 στῆ-

199 1372 245 1399 λαι
258 1373 414 1407 γεγόνασιν,
431 1373 455 1399 εί
472 1373 626 1407 μέμνημαι,
641 1372 709 1407 πρὸς
733 1372 867 1404 ἀνατολὰς
893 1372 990 1398 πολλαὶ

200 1421 299 1446 κιόνων
315 1420 441 1453 ἐξαισίων
458 1421 619 1455 ἀνεχόντων.
634 1420 698 1448 Ὀτι
721 1419 749 1447 δὲ
765 1420 812 1447 καὶ
825 1420 899 1448 ἄλλοι
915 1420 991 1447 πλεῖ-

202 1474 259 1493 στοι
274 1467 320 1492 ἐπὶ
335 1466 385 1498 τῆς
401 1466 503 1497 πόλεως
514 1465 631 1493 τοιοῦτοι
653 1466 813 1501 ἀνδριάντες
835 1465 917 1502 ἦσαν,
933 1466 987 1493 δείσ

200 1521 296 1539 κνυται
312 1513 365 1539 ἀπὸ
376 1512 431 1538 ἰὦν
445 1512 616 1547 φαινομένων
630 1513 736 1547 βάσεων
757 1513 857 1544 αὐτῶν,
871 1513 919 1540 καὶ
933 1513 988 1539 τῶν
1004 1528 1024 1556 c

201 1559 230 1584 ὲν
245 1558 338 1590 αὐτοῖς
357 1557 579 1593 ἐπιγραμμάτων
593 1566 600 1574 ’
622 1555 659 1585 ὧν
676 1559 755 1585 ἄλλαι
785 1559 834 1592 μὲν
859 1559 988 1594 ἀλλαχοῦ,

201 1604 327 1632 πλεῖσται
352 1604 380 1630 δὲ
406 1602 476 1639 ἦσαν
496 1605 525 1631 ὲν
556 1604 745 1640 Ἱπποδρόμῳ·
760 1605 809 1631 καὶ
836 1605 920 1636 ἄλλας
941 1604 990 1631 καὶ

203 1650 332 1682 πλείστας
348 1648 417 1677 εἶδον
433 1650 514 1681 αὐτὸς
541 1650 685 1686 πρὸτερον,
709 1649 743 1682 ἃς
756 1650 803 1677 νῦν
827 1648 888 1677 οἴδα
907 1651 989 1685 ἀφαι-

203 1696 338 1730 ρεθείσας.
355 1696 415 1722 Εἰσὶ
429 1695 457 1722 δὲ
478 1696 502 1722 οἳ
516 1696 627 1729 λέγουσι
641 1698 689 1722 καὶ
704 1697 750 1723 τὸν
773 1697 821 1722 ἐπὶ
832 1695 880 1722 τοῦ
897 1695 988 1731 Ξηροῦ

200 1742 281 1776 λόφου
299 1735 386 1774 ὶίονα,
415 1743 462 1768 καὶ
490 1742 536 1769 τὸν
559 1742 673 1777 ἀντικρὺ
690 1743 787 1770 τούτου
814 1742 883 1777 πρὸς
910 1742 988 1777 ἥλιον

201 1789 346 1823 ἀνίσχοντα
358 1788 406 1814 ἐπὶ
419 1788 464 1814 τοῦ
478 1788 573 1823 ἑτέρου
592 1789 686 1823 λόφου,
704 1788 759 1816 ἀπὸ
773 1789 875 1823 ταύρου
891 1789 990 1823 κεκλη-

201 1835 293 1868 μένον,
307 1834 401 1869 βὰσεις
413 1825 593 1870 σφυρηλὰτων
612 1835 741 1870 ἀργυρῶν
759 1835 928 1870 ἀνδριάντων
941 1843 988 1868 γε·

200 1881 342 1915 γενῆσθαι,
355 1881 401 1906 τὸν
419 1880 468 1915 μὲν
475 1880 521 1907 τοῦ
535 1881 669 1915 μείζονος,
680 1881 725 1908 τὸν
738 1881 766 1908 δὲ
776 1881 823 1908 τοῦ
836 1881 989 1912 ἐλάττονος.

199 1926 270 1953 οὕτω
284 1927 338 1960 γὰρ
352 1927 484 1960 λέγονται,
497 1928 554 1954 τοῖν
562 1927 714 1954 Θεοδοσίοιν
724 1935 731 1943 ·
745 1927 793 1959 οὓς
810 1928 892 1954 πόσον
904 1928 988 1963 ἐχρῆν

200 1974 326 2007 γενέσθαι
345 1973 491 2007 μεγάλους,
507 1974 554 2000 καὶ
570 1974 691 2009 τιμίους,
709 1975 755 2000 καὶ
769 1974 881 2006 καλοὺς,
893 1975 989 2008 φαίνει

200 2029 245 2047 ται
261 2021 316 2047 ἀπὸ
330 2020 377 2047 τοῦ
396 2020 521 2052 κάλλους,
541 2020 588 2046 καὶ
603 2019 650 2046 τοῦ
665 2019 760 2054 ὕψους,
775 2021 822 2046 καὶ
844 2020 894 2054 τῆς
917 2020 988 2054 λαμ-

201 2065 346 2101 πρότητος,
365 2066 411 2092 καὶ
426 2066 474 2100 τῆς
490 2065 666 2097 πολυτελείας
682 2065 737 2092 τῶν
754 2065 906 2101 κρηπίδων.
918 2065 991 2092 Ταῦ-

199 2120 233 2137 τα
248 2111 275 2138 δὲ
303 2111 468 2146 ἐνθυμηθεὶς
495 2110 636 2145 ἐμνήσθην
662 2111 765 2144 μεταξὺ
799 2111 846 2137 καὶ
871 2111 921 2145 τῆς
944 2112 991 2138 ἐπὶ

199 2159 249 2193 τῆς
264 2157 349 2192 αὐτῆς
363 2157 423 2184 ὁδοῦ
438 2165 468 2183 τι
491 2156 539 2183 καὶ
553 2156 685 2191 γραμμῆς
717 2157 785 2191 πρὸς
806 2156 913 2191 δυσμὰς
943 2166 989 2191 γε-

1045 920 1118 940 nunc
1134 917 1258 945 exstant,
1272 913 1314 939 vel
1330 912 1395 940 olint
1414 912 1500 946 fuere,
1517 913 1644 941 fortassis
1657 921 1707 941 nec
1722 913 1766 940 hic
1781 921 1840 940 ma»

1046 959 1130 986 tcries
1158 959 1225 986 mihi
1251 958 1398 992 deﬁceret;
1417 959 1463 986 sed
1490 959 1615 994 quamvis
1634 965 1748 987 numero
1769 959 1839 986 forte

1045 1005 1186 1039 paIIciOra,
1205 1012 1287 1039 quam
1299 1005 1343 1032 hic
1355 1006 1422 1038 sint,
1432 1009 1551 1032 attamen
1567 1007 1696 1034 nonnulla
1712 1007 1744 1034 iis
1759 1006 1840 1040 longe

1045 1050 1201 1084 pulehriom
1235 1055 1261 1077 et
1299 1050 1486 1084 splendidiora
1519 1058 1743 1077 commemorem.
1772 1050 1838 1076 Nam

1047 1096 1114 1129 quid
1135 1096 1252 1123 Caesaris
1266 1095 1341 1122 illius
1366 1096 1535 1129 sepulcrum,
1564 1103 1645 1130 quem
1668 1096 1838 1123 conditoi'em

1045 1148 1078 1168 ac
1093 1141 1235 1168 tutelarem
1253 1149 1284 1168 ea
1299 1141 1365 1168 urbs
1374 1142 1500 1175 agnoscit
1512 1142 1523 1168 2
1536 1142 1600 1176 quid
1618 1142 1704 1169 vicina
1722 1142 1841 1176 reliquo-

1045 1195 1105 1214 rum
1116 1194 1292 1215 monumenta
1303 1195 1336 1214 eo
1353 1189 1414 1215 loco
1425 1187 1471 1214 ubi
1482 1187 1677 1222 imperatorum
1691 1189 1840 1223 sepulturae

1045 1235 1172 1261 visuntur
1186 1233 1198 1260 τ
1211 1233 1302 1261 resvel
1315 1234 1375 1260 solo
1388 1234 1448 1261 visu
1465 1234 1640 1261 admiranda:
1651 1242 1768 1269 qttorum
1783 1243 1839 1262 non

1044 1288 1129 1315 pauca
1139 1281 1228 1308 adhuc
1238 1285 1384 1315 supersunt
1394 1281 1466 1308 circa
1475 1283 1559 1308 aedem
1571 1280 1623 1308 SS.
1632 1281 1838 1316 Apostolorum;

1043 1327 1128 1355 multa
1140 1335 1249 1362 quoque
1271 1327 1327 1362 jam
1344 1328 1517 1362 interierunt;
1533 1327 1586 1354 alia
1600 1327 1681 1355 etiam
1694 1329 1794 1363 passim
1810 1329 1838 1356 in

1043 1374 1208 1408 templorum
1225 1374 1367 1401 vestibulis
1383 1378 1502 1401 exstant.
1527 1374 1599 1407 Quid
1617 1382 1682 1401 vero
1700 1379 1789 1402 statua
1805 1375 1839 1402 ιι-

1042 1420 1095 1447 lius
1109 1419 1284 1455 imperatoris
1299 1420 1347 1454 qui
1359 1420 1448 1455 legum
1460 1425 1558 1447 auctor
1571 1420 1623 1448 fuit
1635 1421 1647 1448 2
1657 1429 1739 1456 quatit
1756 1422 1840 1449 vicis-

1041 1467 1093 1494 sim
1105 1467 1198 1494 multa:
1208 1466 1268 1494 alite
1277 1471 1375 1494 stature
1387 1467 1421 1493 ab
1430 1471 1505 1498 ortu.
1515 1467 1537 1494 si
1554 1472 1627 1495 recte
1637 1468 1762 1499 memini.
1779 1477 1838 1495 ma-

1043 1514 1124 1541 ximis
1137 1513 1273 1541 columnis
1290 1513 1427 1548 impositas
1452 1514 1573 1548 ttndiqtte
1598 1514 1753 1549 cingebant.
1783 1515 1838 1543 Sed

1044 1564 1072 1587 et
1081 1560 1152 1586 alias
1159 1559 1242 1594 hujus
1251 1560 1360 1594 generis
1374 1564 1480 1586 statuas
1489 1560 1706 1594 quamplurimas
1726 1569 1776 1596 per
1789 1570 1837 1588 ur-

1025 1611 1028 1613 '
1045 1606 1106 1633 bem
1121 1606 1261 1632 exstitisse
1278 1606 1362 1632 bases
1376 1605 1498 1639 ipsarum
1515 1611 1541 1632 ct
1559 1607 1761 1641 inscriptiones,
1776 1615 1838 1642 quae

1045 1651 1136 1678 adhuc
1151 1651 1289 1682 visuntur,
1303 1652 1470 1678 ostendunt:
1483 1659 1600 1686 quarum
1612 1652 1672 1679 ειὶαι
1683 1653 1745 1680 aliis
1760 1653 1787 1679 in
1800 1654 1839 1680 lo-

1045 1696 1095 1728 cis,
1112 1696 1158 1723 sed
1172 1694 1296 1729 plurima:
1312 1695 1339 1722 itt
1352 1694 1540 1729 Hippodromo
1555 1696 1711 1723 exstabant.
1725 1697 1795 1729 Quin
1810 1702 1838 1724 et

1045 1741 1104 1775 ipse
1123 1741 1189 1768 olitn
1204 1742 1303 1768 multas
1316 1740 1385 1768 alias
1401 1740 1468 1773 vidi,
1479 1748 1549 1775 quas
1564 1750 1635 1769 nunc
1651 1743 1756 1771 ablatas
1767 1743 1836 1772 scio.

1044 1786 1100 1814 Nec
1116 1786 1217 1814 desunt
1233 1788 1280 1822 qui
1295 1787 1450 1814 columnam
1473 1794 1534 1822 qua:
1554 1788 1580 1814 in
1594 1789 1664 1816 colle
1679 1789 1837 1824 Xeroloplto

1044 1837 1145 1865 exstat,
1175 1838 1205 1860 ut
1219 1839 1246 1860 et
1263 1834 1389 1864 alteram.
1406 1841 1467 1868 qua:
1482 1834 1663 1861 exadversum
1680 1835 1713 1862 ad
1748 1838 1834 1864 solem

1042 1879 1188 1912 orientem,
1204 1879 1232 1906 in
1247 1879 1316 1907 colle
1331 1880 1377 1914 qui
1391 1887 1407 1906 a
1419 1879 1510 1907 Tauro
1522 1888 1622 1908 nomen
1635 1881 1725 1914 habet.
1737 1883 1836 1912 ductas

1045 1933 1077 1952 ex
1101 1931 1214 1961 argento
1235 1931 1342 1954 statuas
1359 1927 1524 1954 sustinuisse
1542 1927 1700 1956 allirmaut:
1716 1937 1833 1964 quarum

1045 1971 1155 2009 quidem
1165 1971 1250 1998 altera
1261 1971 1385 2006 majoris,
1395 1972 1481 2000 altera
1491 1974 1607 2001 minoris
1617 1975 1763 2003 Theodosii
1774 1977 1834 2004 fue-

1046 2017 1091 2050 rit,
1102 2017 1177 2045 ltisce
1186 2017 1258 2044 enim
1268 2018 1425 2046 nominibus
1434 2019 1513 2054 vulgo
1522 2018 1834 2055 distinguuntur.Quan-

1045 2068 1086 2091 tas
1108 2068 1209 2095 autent,
1225 2071 1308 2098 qttam
1325 2064 1470 2098 pretiosas,
1485 2070 1513 2093 et
1539 2073 1620 2101 quant
1638 2067 1772 2102 pulchras;
1786 2076 1833 2096 eas

1046 2110 1132 2138 fuisse
1146 2114 1283 2145 oporteat,
1294 2109 1319 2136 id
1329 2118 1394 2137 vero
1404 2119 1436 2138 ex
1450 2111 1554 2139 basium
1571 2112 1782 2146 pulchritudine,
1795 2116 1835 2141 al-

1046 2156 1172 2189 titudine,
1186 2155 1332 2191 splendore
1342 2161 1368 2183 et
1379 2157 1580 2191 magniﬁcentia
1590 2163 1714 2192 apparet.
1727 2157 1829 2187 Verum

200 2205 314 2238 νομένης
342 2203 407 2230 ποτὲ
436 2203 523 2238 πύλης
547 2202 598 2237 τῆς
626 2202 740 2234 πόλεως,
758 2202 881 2237 πύργους
912 2203 988 2234 ὅλους

1044 2203 1110 2229 mihi
1124 2203 1181 2230 haec
1192 2210 1255 2230 cum
1269 2203 1361 2230 animo
1375 2203 1524 2230 revolventi
1548 2203 1656 2231 interim
1672 2205 1699 2231 in
1714 2213 1833 2235 ,memo—

200 2250 216 2285 ἢ
232 2250 349 2285 φρούρια
361 2250 490 2282 είπιόιτα,
507 2249 586 2284 εἴπερ
600 2247 655 2276 οἷόν
669 2258 698 2276 τε
714 2248 749 2285 ἦν
769 2251 914 2283 κινεῖσθαι,
941 2251 988 2278 καὶ

200 2297 316 2328 ὁλκάδας
331 2297 423 2328 αὐτοῖς
446 2296 540 2330 λέφεσι
568 2296 616 2322 καὶ
643 2297 725 2328 ἱστοῖς
740 2297 895 2332 δυναμένης
911 2297 989 2329 δέξα-

203 2343 274 2374 σθαι,
293 2344 341 2369 καὶ
359 2343 408 2376 τῆς
421 2343 492 2376 ὑπὲρ
507 2342 590 2377 αὐτῆς
604 2343 766 2377 λαμπούσης
779 2344 860 2374 στοᾶς
878 2344 988 2379 πόῤῥωυ

202 2391 248 2415 θεν
262 2391 309 2416 καὶ
324 2389 369 2416 τοῦ
397 2389 529 2423 μεγέθους
546 2389 599 2416 τῶν
614 2390 643 2416 ὲν
659 2390 728 2425 αὐτῇ
758 2390 933 2425 μαρμάρων⁸
947 2390 987 2415 ἔτι

200 2437 228 2462 δὲ
241 2434 284 2461 τοῦ
301 2434 353 2470 πρό
371 2435 455 2469 αὐτῆς
476 2434 576 2466 κίονος,
592 2434 621 2466 ὃς
636 2435 686 2461 καὶ
700 2435 780 2466 αὐτὸς
795 2435 898 2470 στήλην
913 2436 987 2462 ἀνεῖ-

201 2490 242 2516 χε.
256 2481 337 2507 Καὶό
354 2480 400 2506 ἐπὶ
417 2480 463 2506 τοῦ
477 2481 572 2514 ἑτέρου
587 2480 615 2506 δὲ
630 2480 722 2514 λόφου,
738 2480 785 2507 τοῦ
800 2481 871 2515 ὑπὲρ
887 2481 936 2516 τῆς
949 2481 988 2507 οἱ-

201 2527 263 2557 κίας
275 2526 309 2561 ἢν
327 2527 373 2552 νῦν
394 2527 488 2557 οἰκεῖς,
515 2526 582 2552 κίων
598 2526 670 2553 οὕτω
691 2526 871 2561 καλούμενος,
888 2528 936 2553 καὶ
962 2527 987 2553 οι

201 2563 248 2598 ἐπὶ
262 2572 310 2598 τοῦ
325 2573 501 2606 στρατηγίου,
520 2573 567 2598 καὶ
580 2573 594 2598 ὁ
605 2573 652 2601 ἐπὶ
662 2572 695 2599 τὰ
706 2572 780 2604 δεξιὰ
798 2573 845 2599 τοῦ
859 2573 923 2599 ναοῦ
933 2573 987 2599 τῶν

207 2617 387 2649 ’Δποστόλων,
401 2619 448 2644 καὶ
462 2617 553 2644 πολλοὶ
569 2618 671 2652 ἕτεροι.
688 2618 783 2652 βάσεις
796 2619 879 2652 ἀξίων
892 2620 986 2651 αὐταῖς

201 2664 367 2700 ἀνδριάντων
379 2661 460 2699 ἦσαν.
478 2664 511 2690 Τί
526 2664 580 2699 γὰρ
600 2665 633 2691 ἂν
646 2664 755 2700 λέγοιμι
769 2666 834 2700 περὶ
848 2665 895 2692 τοῦ
917 2667 987 2700 πρὸς

200 2711 237 2737 ἕω
256 2711 301 2737 ἐπὶ
315 2710 365 2745 τῆς
383 2710 469 2744 αὐτῆς
491 2710 623 2741 πλατείας
647 2710 726 2742 αὖθις
755 2712 794 2742 είς
815 2711 882 2746 ὕψος
903 2713 987 2747 μήκι-

202 2765 264 2782 στον
282 2757 403 2791 αῐροντος
428 2756 473 2782 τὸν
496 2757 612 2790 σταυρὸν
641 2757 785 2792 πορφύρου
811 2758 910 2789 κίονος.
939 2758 986 2784 ἐπὶ

201 2803 249 2835 τῆς
264 2802 349 2836 αὐλῆς
360 2802 414 2828 τῶν
427 2802 473 2828 τοῦ
488 2803 607 2836 μεγάλου
623 2803 827 2830 Κωνσταντίνου
843 2803 986 2838 βασιλείων

168 2879 172 2882 .
203 2846 286 2874 αὺτοῦ
297 2847 451 2883 πηξαμένου
466 2847 513 2874 καὶ
526 2848 678 2883 ἱδρυμένου,
690 2849 794 2881 πάντας
804 2850 853 2884 μὲν
866 2851 986 2883 ἀνδριάνη

1043 2248 1112 2275 riam
1128 2248 1201 2275 venit
1215 2254 1292 2283 porta
1302 2249 1390 2280 urbis,
1406 2257 1467 2284 qua;
1483 2249 1509 2276 in
1522 2249 1616 2277 eadem
1632 2250 1684 2282 via,
1700 2257 1726 2278 et
1742 2252 1768 2278 in
1781 2260 1811 2279 eu
1824 2268 1832 2274 -

1042 2293 1104 2321 dem
1120 2294 1192 2320 linea
1202 2301 1299 2321 versus
1311 2301 1437 2322 occasum
1451 2296 1588 2329 quondam
1601 2297 1725 2324 exstabat
1737 2307 1745 2331 ς
1760 2300 1829 2326 adeo

1042 2340 1144 2376 ampla,
1155 2345 1185 2367 ut
1196 2345 1287 2368 turres
1300 2341 1422 2376 integras
1433 2345 1459 2368 et
1466 2346 1567 2374 castra,
1577 2342 1598 2368 si
1609 2345 1710 2370 moveri
1726 2346 1831 2379 potuis-

1043 2390 1104 2413 sent
1118 2393 1168 2413 suo
1184 2386 1256 2418 loco,
1269 2394 1409 2421 navesque
1423 2387 1564 2420 onerarias
1581 2395 1641 2416 cum
1651 2393 1830 2419 armamentis

1043 2437 1070 2459 et
1083 2432 1163 2460 malis
1175 2432 1296 2467 recipere
1312 2437 1422 2467 posset:
1438 2437 1494 2459 tum
1515 2434 1595 2461 etiam
1613 2436 1733 2469 porticus
1746 2446 1830 2471 supra

1042 2486 1101 2505 eam
1113 2479 1193 2513 longe
1203 2479 1309 2512 lateque
1319 2478 1504 2513 resplendons.
1514 2484 1541 2506 et
1550 2488 1716 2508 marmorum
1728 2483 1754 2509 itt
1768 2484 1828 2518 ipsa

1043 2525 1148 2558 porticu
1175 2524 1354 2559 magnitudo:
1374 2529 1403 2550 ιιι
1419 2529 1446 2551 et
1464 2525 1596 2553 columna
1622 2532 1685 2553 ante
1712 2533 1828 2561 portam,

1042 2579 1103 2606 qua:
1119 2576 1147 2598 et
1173 2572 1231 2605 ipsa
1248 2576 1367 2597 statuant
1397 2571 1462 2598 olim
1483 2573 1613 2600 sustinuit
1630 2592 1637 2599 .
1652 2573 1721 2606 Quin
1745 2576 1829 2602 etiam

1042 2618 1095 2651 pila
1106 2618 1132 2644 in
1147 2617 1232 2644 altero
1243 2616 1321 2650 colle,
1336 2617 1382 2652 qui
1404 2617 1507 2645 aedibus
1523 2619 1588 2651 tuis,
1600 2619 1628 2646 in
1646 2619 1747 2653 quibus
1755 2629 1830 2649 nunc

1043 2665 1159 2695 lumnas,
1188 2663 1313 2690 imminet
1330 2671 1337 2690 :
1353 2667 1383 2690 ut
1403 2669 1430 2691 et
1449 2664 1491 2691 ita:
1509 2672 1570 2699 quae
1582 2665 1610 2692 in
1629 2668 1758 2701 strategio
1779 2675 1830 2696 ex-

1041 2714 1134 2741 stant;
1150 2713 1207 2735 tntn
1224 2717 1285 2744 qua:
1298 2710 1331 2736 ad
1342 2710 1480 2737 dexteram
1497 2711 1547 2739 SS.
1559 2712 1754 2748 Apostolorum
1766 2715 1831 2742 visi~

1042 2761 1098 2788 tur,
1119 2756 1268 2790 multaeque
1292 2756 1352 2783 aliae
1367 2757 1455 2791 digna:
1471 2759 1696 2788 convenientibus
1728 2762 1827 2788 statuis

1041 2803 1119 2830 bases
1136 2802 1223 2829 luere.
1237 2802 1289 2830 Sed
1305 2803 1371 2838 quid
1387 2811 1438 2838 ego
1451 2804 1484 2831 de
1499 2806 1686 2841 pcrpltyretica
1702 2806 1827 2834 columna

1040 2855 1265 2881 contmentoretu,
1281 2857 1341 2883 qua:
1359 2857 1452 2877 versus
1465 2851 1597 2879 orientem
1616 2854 1643 2880 in
1666 2855 1759 2880 cadent
1783 2861 1827 2880 re—
