1929 3087
64 120 94 147 51
655 123 854 153 MANUELIS
874 123 1138 154 CHRYSOLOIUE

1664 124 1698 156 52

63 176 124 209 ipso
141 174 307 208 aspectttvel
333 174 416 203 etiam
441 176 501 203 sola
529 177 721 205 recordatione
747 183 863 205 mentem

918 180 1002 215 ἀρχῆς
1017 180 1122 214 γέγονε,
1137 181 1237 216 σπουδῇ
1253 181 1422 216 πανταχόθεν
1438 181 1489 208 τῶν
1501 181 1570 208 κατὰ
1591 182 1707 216 καιροὺς

63 227 211 255 vocemque
229 220 295 254 illis,
310 222 355 256 qui
377 221 416 249 vel
442 223 546 256 animo,
566 225 608 250 vel
636 224 724 251 oculis
740 229 864 252 contem-

65 267 186 300 plantur,
202 266 324 294 adimere
340 268 426 302 possit
441 270 690 304 :quemadtnodum
707 270 724 297 ii
736 271 865 298 caecutire

62 313 162 346 solent,
183 313 229 348 qui
244 313 328 340 solent
347 315 388 342 vel
405 315 486 342 aliaat
505 323 563 343 rcm
576 316 693 343 lucidam
710 317 863 344 intuentur.

63 359 132 390 Ouin
149 361 230 388 etiam
251 361 285 388 de
301 361 424 396 reliquiis
452 367 622 394 sanctorum,
641 368 668 390 et
679 363 760 391 rebus
775 364 863 392 sacris

917 225 1051 260 ἀοιδίμων
1071 226 1204 261 βασιλέων
1229 227 1313 254 ταῦτα
1334 227 1554 262 συλλεξαμένων,
1572 227 1708 253 πλείστων

917 270 946 298 δὲ
959 269 1038 304 αὖθις
1059 273 1174 304 ἐκεῖθεν,
1196 272 1292 309 ὥσπερ
1308 273 1363 299 ἀπὸ
1385 274 1480 308 κοινῆς
1505 273 1597 308 πηγῆς
1621 281 1709 305 τινος,

918 321 1073 354 πανταχόσε
1089 315 1277 353 διαδωέντων,
1301 321 1388 348 πολλὰ
1406 321 1445 348 ἔτι
1461 321 1509 348 καὶ
1524 320 1571 347 νῦν
1588 320 1709 356 μεμένη-

918 373 977 397 κεν,
994 365 1083 397 οὐδεὶς
1097 366 1176 399 ὅλως,
1190 365 1279 402 οῗμαι,
1293 367 1396 401 ἀγνοεῖ.

62 409 136 437 illius
151 408 236 440 urbis,
253 416 314 444 quae
329 408 438 443 quidem
454 409 580 444 plurima:
593 418 608 437 a
625 410 758 445 principio
777 411 897 443 fuerunt,
915 419 948 439 eo
963 413 1035 446 quod
1053 420 1160 440 summo
1189 421 1297 448 semper
1321 421 1384 441 cum
1401 413 1493 441 studio
1519 414 1554 441 ab
1570 413 1709 448 augustis-

63 455 141 482 simis
169 455 382 490 imperatoribus
410 457 594 493 undequaque
614 458 816 492 colligerentur,
835 459 880 486 sed
899 459 1024 494 plurimis
1058 460 1121 487 inde
1149 465 1278 496 tanquam
1292 468 1307 488 a
1330 459 1469 488 communi
1494 459 1612 494 quodam
1634 458 1709 486 fonte

63 500 97 529 ad
116 502 167 529 alia
181 502 238 529 loca
253 503 421 531 transmissis
434 503 612 532 nihilominus
624 505 706 532 etiam
727 512 798 532 nunc
828 506 920 533 multa)
934 511 1093 540 supersunt,
1122 507 1259 534 neminem
1284 507 1397 534 omnino
1424 506 1550 541 ignorare
1567 505 1708 534 existimo.

99 548 234 576 Cazterum
262 557 334 577 nunc
348 550 413 577 illud
434 550 466 577 de
479 554 594 585 utraque
621 552 688 578 urbe
716 553 817 583 dicam,
843 559 866 578 SI

63 594 126 629 quis
140 595 315 629 antiquorum
340 596 448 623 illorum
464 603 545 630 opera
576 601 688 632 spectet,
707 603 760 624 tam
775 598 800 624 in
815 597 867 625 hac

64 647 146 674 quam
163 641 189 667 itt
208 647 301 668 nostra
324 642 402 674 urbe,
421 642 496 670 illum
524 647 551 669 ct
570 644 735 678 voluptatem
751 648 777 670 et
793 642 866 669 utili-

65 691 150 714 tatem
166 687 228 715 inde
249 692 452 723 percepturum.
473 688 520 716 Est
538 690 610 716 enim
624 690 696 724 quod
711 689 865 716 mortalium

63 741 147 768 opera
163 734 318 766 admireris,
331 740 374 762 est
391 735 514 763 vicissim
538 744 588 763 cur
599 741 760 763 contemnas
776 740 802 763 et
818 742 867 770 pro

65 780 150 806 nihilo
163 780 263 808 habeas
278 789 285 808 :
302 789 363 808 itam
385 781 406 808 si
423 782 485 816 quis
496 789 528 809 ea
559 787 697 816 spectans,
716 782 793 809 urbis
810 781 865 809 llo.

66 833 118 852 nite
140 826 283 861 itnperittm
298 832 325 854 et
359 828 520 862 potentiam,
543 833 599 855 tum
619 828 701 855 etiam
724 828 864 855 hominum

954 553 1027 580 Ἀλλ’
1045 554 1134 580 ἐκεῖνο
1148 552 1241 580 λοιπὸν
1257 552 1292 579 ἂν
1308 553 1415 587 εἴποιμι
1439 553 1505 588 περὶ
1531 553 1708 588 ἁμφοτὲρωνυ

919 599 961 626 ὅτι
973 599 1050 634 παρὰ
1061 599 1111 633 τῆς
1128 598 1234 630 πόλεως
1251 599 1365 634 ταύτης,
1380 598 1476 633 ὥσπερ
1498 598 1546 625 καὶ
1564 598 1640 631 παρὰ
1656 596 1709 630 τῆς

921 646 1070 681 ἡμετέρας,
1083 645 1142 672 ἔστι
1161 646 1211 680 μὲν
1226 645 1323 680 τέρψιν
1352 644 1509 672 σκοποῦντα
1526 644 1560 670 τὰ
1584 643 1639 670 τῶν
1653 651 1708 668 πα-

920 692 1006 719 λαιῶν
1027 692 1152 725 ἐκείνων,
1165 691 1225 718 ἔστι
1240 691 1268 718 δὲ
1296 692 1345 718 καὶ
1358 691 1493 724 ὠφέλειαν
1528 689 1707 724 κομίσασθαι.

921 739 977 765 Καὶ
994 738 1052 765 ἔστι
1079 738 1128 774 μὲν
1145 738 1285 773 θαυμάσαι
1310 738 1344 766 τὰ
1365 737 1420 764 τῶν
1445 736 1599 772 ἀνθρώπων
1627 735 1707 769 ἔργα,

919 784 1015 811 ἔστιδὲ
1027 783 1060 812 αὖ
1076 785 1123 812 καὶ
1140 784 1353 819 καταφρονῆσαι
1372 783 1488 816 τούτων,
1515 783 1562 810 καὶ
1577 783 1608 809 τὸ
1623 782 1708 817 μηδὲν

920 830 990 857 αὐτὰ
1005 830 1180 864 λογίσασθαι.
1210 830 1242 856 Et
1257 830 1311 864 γάρ
1328 838 1370 860 τις
1391 828 1478 855 ταῦτα
1491 827 1563 863 ὁρῶν
1587 826 1709 860 ἐνθυμη-

65 872 176 900 illorum
191 873 365 908 dignitatem,
385 881 466 908 opera
480 882 512 901 ac
526 875 618 902 studia
641 875 814 906 consideret,
833 881 864 901 ac

918 876 977 912 θείη
991 875 1040 911 τὴν
1062 875 1214 911 ἠγεμονίαν
1225 876 1275 910 τῆς
1301 873 1423 909 Ῥώμης,
1442 873 1489 900 καὶ
1510 873 1560 907 τὴν
1577 871 1707 905 δύναμιν,

65 918 165 945 deinde
178 918 277 952 videat,
288 926 368 953 quem
379 920 457 946 linem
468 919 519 946 ista
531 919 621 946 omnia
636 920 743 946 tandem
760 919 864 946 habue-

67 964 143 991 rint:
159 964 194 990 ita
210 969 237 990 ut
254 971 308 991 neu
320 965 408 991 solum
425 965 487 999 ipsi,
500 973 593 992 verum
609 965 690 993 etiam
705 966 826 1000 potentia
838 969 867 992 et

65 1009 223 1045 imperium,
231 1015 312 1046 atque
322 1012 386 1046 ipsae
397 1012 521 1040 civitates
530 1013 723 1047 propemodum
732 1013 869 1050 emorian-

66 1062 113 1084 tur
140 1059 225 1092 (nam,
246 1064 275 1084 ut
286 1058 330 1085 ille
350 1059 397 1090 ait.
416 1059 496 1086 etiam
523 1059 647 1086 civitates
673 1059 867 1092 moriuntur);

67 1111 123 1139 quo
156 1105 264 1132 tandem
295 1105 354 1132 loco
370 1105 414 1133 ille
436 1113 480 1132 rcs
508 1105 643 1133 humanas
680 1105 869 1141 reputaverit?

66 1151 204 1185 quomodo
239 1150 284 1178 ille
316 1151 356 1178 vel
395 1151 524 1179 secundis
559 1152 715 1185 extolletur,
744 1152 786 1179 vel
820 1151 869 1179 de-

67 1196 201 1230 primetur
228 1195 372 1224 adversis?
402 1201 449 1224 aut
475 1204 525 1231 qua
553 1204 583 1224 re
616 1205 780 1233 magnopere
810 1197 868 1233 glo-

67 1242 204 1269 riabitur?
243 1243 285 1270 vel
316 1243 379 1277 quiti
415 1243 525 1271 tandem
554 1251 588 1271 ex
625 1244 706 1272 rebus
739 1244 869 1272 humanis

66 1289 159 1324 magni
169 1288 251 1316 faciet
260 1288 272 1316 τ
280 1289 385 1324 Saepius
393 1297 443 1324 ego
457 1289 522 1316 dum
532 1289 711 1324 triumphales
721 1289 803 1316 hasce
812 1289 869 1316 vias

66 1339 187 1365 transeo,
203 1342 281 1369 reges
296 1342 327 1362 ac
353 1335 488 1370 principes
508 1340 677 1370 ceterosque
696 1343 728 1362 ex
740 1335 867 1362 Armenia

68 1385 116 1408 aut
131 1380 252 1413 Perside,
269 1381 311 1407 vel
324 1389 354 1408 ex
371 1381 431 1408 aliis
445 1381 636 1409 remotissimis
651 1382 808 1417 regionibus
823 1374 879 1408 ea:

69 1429 161 1464 ptivos
189 1428 278 1456 isthac
311 1428 445 1457 deductos
476 1428 568 1456 animo
601 1431 741 1456 recordor.
773 1429 868 1464 Cogito

68 1475 151 1502 etiam
167 1474 228 1502 belli
249 1474 334 1502 duces
357 1475 390 1502 de
423 1475 490 1510 ipsis
520 1475 731 1510 triumphantes,
757 1479 785 1502 et
804 1475 867 1509 quis

68 1521 177 1548 animus
195 1521 229 1548 iis
256 1521 346 1553 fuerit,
371 1529 453 1555 quam
485 1521 649 1556 voluptatem
674 1522 868 1556 perceperint:

921 922 969 948 καὶ
996 922 1046 957 τὴν
1059 921 1139 954 ἀξίαν
1164 922 1218 948 τῶν
1242 920 1347 956 ἀνδρῶν
1367 920 1492 952 ἐκείνων,
1513 918 1560 945 καὶ
1580 918 1613 944 τὰ
1627 917 1708 952 ἔργα,

918 968 966 996 καὶ
993 968 1041 1000 τὰς
1063 968 1191 1000 σπουδάς·
1209 965 1270 994 εἶτα
1297 966 1370 1002 ὀρῴη
1398 965 1486 993 ταῦτα
1511 965 1601 991 πάντα
1630 964 1671 994 εἰς
1690 963 1708 990 ἃ

918 1015 1167 1049 τετελευτήκασιν,
1184 1014 1254 1040 ὥστε
1271 1013 1302 1040 οὐ
1329 1013 1410 1048 μόνον
1435 1012 1544 1043 αὐτοὺς,
1573 1010 1642 1038 ἀλλὰ
1660 1010 1708 1036 καὶ

919 1062 969 1098 τὴν
981 1061 1153 1094 δυναστείαν,
1168 1061 1215 1086 καὶ
1229 1060 1391 1095 ἠγεμονίαν,
1407 1059 1456 1085 καὶ
1478 1058 1528 1089 τὰς
1553 1057 1644 1088 πόλεις
1660 1054 1710 1082 αὖ·
1732 1076 1738 1082 ,

918 1109 967 1140 τὰς
986 1108 1079 1143 σχεδὸν
1093 1107 1240 1134 ἀποθανεῖν
1261 1106 1271 1142 (
1280 1107 1426 1141 Θνήσκουσι
1443 1105 1508 1140 γὰρ,
1519 1103 1557 1136 ὣς
1571 1112 1622 1130 που
1634 1103 1709 1136 λέγει

918 1163 970 1187 τις,
999 1155 1045 1181 καὶ
1070 1153 1185 1187 πόλεων
1201 1153 1227 1180 τί
1253 1153 1346 1179 λοιπὸν
1365 1152 1399 1179 ἂν
1430 1151 1571 1185 λογίσαιτο
1590 1150 1624 1177 τὰ
1653 1150 1709 1176 τῶν

923 1200 1096 1236 ἀνθρώπωνς
1115 1200 1173 1231 πῶς
1191 1199 1213 1225 δ’
1226 1199 1259 1225 ἂν
1273 1198 1397 1233 εὐτυχῶν
1413 1197 1560 1231 ἐπαρθείη,
1578 1196 1706 1231 ἥδυστυ-

919 1248 974 1283 χῶν
989 1247 1173 1281 ταπεινωθείη
1186 1255 1192 1278 ;
1208 1246 1254 1272 ἐπὶ
1277 1245 1330 1271 τίνι
1342 1244 1365 1270 δ’
1380 1244 1414 1270 ἂν
1431 1243 1503 1278 μέγα
1517 1243 1704 1278 φρονήσαιτο;

918 1293 945 1319 τί
958 1292 981 1318 δ’
992 1292 1025 1318 ἂν
1044 1291 1100 1318 τῶν
1119 1289 1302 1325 ἀνθρωπίνων
1316 1289 1384 1320 ὅλως
1409 1289 1475 1323 περὶ
1501 1288 1599 1315 πολλοῦ
1625 1288 1707 1322 ποιή-

919 1346 1017 1370 σαιτο;
1032 1337 1167 1368 Πολλάκις
1182 1336 1246 1368 τοὺς
1261 1335 1445 1371 θριαμϐικοὺς
1463 1335 1579 1370 δρόμους
1594 1335 1707 1364 τούτους

917 1384 1015 1416 ὲπιὼν,
1040 1383 1200 1417 διανοοῦμαι
1229 1382 1280 1417 μὲν
1295 1382 1360 1413 τοὺς
1379 1381 1423 1408 διὰ
1452 1380 1554 1407 τούτων
1569 1380 1707 1415 ἠγμένους

918 1429 1084 1465 ἄρχονταςῆ
1114 1429 1261 1459 δυνάστας,
1278 1427 1404 1459 καὶτοὺς
1431 1427 1530 1458 ἄλλους
1564 1425 1706 1461 αἰχμαλώ-

918 1485 993 1507 τους,
1010 1475 1143 1506 πολλάκις
1159 1474 1214 1501 ἀπὸ
1236 1474 1389 1509 Ἀρμενίων
1403 1473 1419 1509 ἢ
1442 1473 1566 1508 Περσῶν,
1583 1473 1601 1507 ἦ
1625 1480 1707 1499 τινων

919 1522 1007 1549 ἄλλων
1026 1521 1132 1556 σφόδρα
1167 1520 1383 1555 ἀφεστηκότων
1407 1519 1567 1553 διανοοῦμαι
1588 1519 1616 1545 δὲ
1641 1519 1707 1549 τοὺς

68 1573 180 1598 econtra
206 1577 259 1602 quo
273 1569 365 1595 animo
394 1568 495 1596 fuerint
523 1569 578 1596 isti.
605 1569 701 1603 Coaito
732 1573 864 1596 astantem

919 1568 1139 1604 θριαμϐεύοντας
1152 1568 1198 1594 ἐπὶ
1220 1566 1326 1598 τούτοις
1355 1566 1539 1601 στρατηγοὺς,
1568 1566 1616 1592 καὶ
1644 1564 1708 1592 τίνα
1739 1566 1749 1572 “

69 1621 96 1643 et
115 1614 310 1643 circumfusam
322 1614 396 1642 illius
426 1614 503 1642 urbis
536 1615 748 1649 multitudinem,
772 1620 798 1642 ct
821 1614 867 1642 de-

70 1669 151 1698 super
167 1669 201 1689 ex
234 1661 337 1689 aedibus
368 1662 549 1696 spectantium
579 1663 710 1690 turbam:
746 1661 778 1688 ad
810 1661 867 1688 ha-c

70 1713 219 1736 concentus
237 1708 495 1740 instrumentorum,
507 1704 511 1707 ⁴
524 1707 675 1740 fremitum,
693 1707 867 1734 acclamatio-

70 1761 118 1781 nes
134 1757 161 1781 et
175 1752 299 1788 plausus,
318 1757 346 1779 et
370 1752 467 1779 horttm
498 1752 607 1787 qttidem
640 1752 674 1779 de
706 1752 820 1778 victoria
839 1751 865 1778 in

70 1804 126 1826 tam
142 1798 299 1834 longinquis
322 1798 478 1832 regionibus
504 1802 580 1832 parta
606 1797 784 1832 voluptatem,
801 1805 866 1824 con-

70 1851 112 1873 tra
128 1852 192 1872 vero
208 1845 316 1872 illorum
333 1850 414 1878 atque.
426 1845 579 1872 amicorum
590 1844 617 1871 in
632 1844 721 1879 patria
736 1844 770 1871 de
787 1843 866 1871 clade

70 1900 103 1920 ac
125 1891 173 1919 tali
203 1890 359 1925 spectaculo
377 1890 511 1924 dolorem,
527 1896 554 1918 et
580 1891 727 1923 diversam,
751 1895 865 1919 ut.tum

71 1938 235 1966 credebatur
269 1937 411 1970 utriusque
439 1936 524 1971 partis
551 1937 755 1964 conditionem:
785 1941 867 1969 atque

72 1990 103 2013 ut
117 1985 144 2012 hi
161 1984 307 2011 miserrimi
341 1989 368 2012 et
396 1983 540 2016 infelices,
569 1983 607 2010 illi
633 1982 724 2010 felices
736 1988 762 2010 et
795 1981 866 2008 beati

72 2037 126 2058 tam
151 2031 213 2059 aliis
245 2039 326 2066 quam
354 2031 536 2063 sibimetipsis
567 2029 739 2057 videbantur.
765 2028 865 2056 Verum

71 2086 146 2106 nunc
167 2079 259 2106 omnia
284 2078 335 2105 ista
355 2078 451 2113 paria:
470 2077 561 2104 omnia
576 2077 602 2104 in
631 2076 770 2111 pulverem
786 2075 867 2103 reda-

71 2132 115 2154 cta
129 2136 135 2153 :
150 2134 238 2160 neque
252 2125 341 2160 magis
356 2124 475 2159 Pompeii
490 2129 517 2151 et
533 2123 640 2151 Luculli
661 2131 743 2158 qttant
761 2123 867 2150 Mithri-

72 2172 145 2200 datis
160 2177 209 2200 aut
225 2171 351 2207 Tigranis
375 2171 513 2198 fortunam
535 2171 654 2198 noveris.
681 2170 753 2204 Quin
783 2171 865 2198 etiam

920 1616 970 1651 μὲν
984 1615 1099 1649 καρδίαν
1121 1613 1194 1649 εἶχον
1215 1611 1289 1640 οὗτοι
1316 1612 1362 1639 καὶ
1382 1612 1490 1648 ἡδονὴν,
1517 1614 1577 1639 τίνα
1600 1612 1628 1639 δὲ
1653 1611 1707 1646 ψυ-

918 1663 969 1698 χὴν
992 1663 1103 1689 ἐκεῖνοι.
1126 1662 1316 1698 Ἑνθυμοῦμαι
1329 1663 1358 1689 δὲ
1384 1661 1414 1688 τὸ
1429 1659 1580 1696 περιεστὼς
1595 1659 1642 1686 καὶ
1656 1667 1707 1685 πε-

920 1709 1103 1745 ρικεχυμένον
1120 1709 1228 1741 τούτοις
1246 1709 1296 1743 τῆς
1312 1709 1417 1740 πόλεως
1432 1707 1547 1742 πλῆθος,
1572 1705 1620 1732 καὶ
1643 1705 1707 1736 τοὺς

919 1755 1075 1790 θεωμένους
1105 1755 1209 1782 ἀνωθεν
1241 1755 1295 1781 ἀπὺ
1309 1755 1363 1781 τῶν
1389 1753 1495 1786 οίκιῶν,
1524 1752 1570 1779 καὶ
1585 1752 1636 1786 τὴν
1652 1751 1707 1777 τῶν

917 1800 1043 1837 ὀργάνων
1059 1801 1231 1836 συμφωνίαν,
1250 1801 1299 1827 καὶ
1316 1801 1362 1827 τὸν
1376 1799 1471 1835 θροῦν,
1485 1799 1533 1826 καὶ
1553 1799 1603 1830 τὰς
1617 1798 1706 1832 εὐφη·

920 1848 996 1882 μίας,
1018 1847 1141 1878 καὶτοὺς
1159 1847 1289 1882 κρότους¹
1305 1846 1352 1873 καὶ
1379 1846 1430 1878 τὴν
1455 1845 1560 1872 τούτων
1592 1845 1642 1880 μὲν
1660 1845 1707 1870 ἐπὶ

918 1895 951 1928 τῇ
979 1893 1054 1928 νίκῃ,
1074 1894 1121 1920 καὶ
1142 1892 1229 1924 οὕτως
1246 1892 1386 1927 ὑπερορίῳ
1405 1891 1515 1927 ἡδονὴν,
1545 1892 1658 1918 ἐκείνων
1678 1890 1707 1917 δὲ

919 1939 965 1966 καὶ
980 1939 1034 1965 τῶν
1048 1939 1158 1965 οἰκείων
1171 1938 1261 1965 αὐτῶν
1277 1938 1348 1965 οἴκοι
1361 1939 1412 1973 τὴν
1437 1938 1485 1964 ἐπὶ
1502 1939 1534 1973 τῇ
1559 1938 1630 1973 ἥττῃ
1659 1936 1707 1963 καὶ

917 1987 951 2021 τῇ
968 1985 1082 2021 τοιαύτῃ
1096 1986 1193 2020 πομπῇ
1213 1985 1315 2019 λύπην,
1330 1985 1378 2011 καὶ
1403 1985 1454 2020 τὴν
1480 1983 1664 2019 νομιζομένην
1677 1984 1706 2010 ἐν

917 2033 1025 2064 τούτοις
1043 2033 1104 2059 τότε
1120 2031 1255 2068 διαφοράν
1269 2039 1276 2046 ·
1293 2033 1342 2060 καὶ
1359 2032 1434 2063 ὅπως
1447 2028 1523 2058 οὗτοι
1540 2031 1589 2065 μὲν
1608 2030 1706 2066 τρισά-

919 2078 988 2105 θλιοι
1001 2079 1047 2104 καὶ
1061 2077 1270 2112 κακοδαίμονες,
1294 2079 1394 2106 ἐκεῖνοι
1420 2078 1454 2105 δὲ
1467 2078 1625 2113 εὐδαίμονες
1658 2077 1706 2104 καὶ

920 2126 1051 2162 μακάριοι
1071 2126 1128 2156 τοῖς
1148 2124 1241 2156 ἄλλοις
1258 2125 1307 2151 καὶ
1323 2125 1431 2155 ἑαυτοῖς
1461 2125 1581 2151 ἐδόκουν.
1604 2123 1663 2150 Νῦν
1678 2124 1707 2150 δὲ

919 2172 1008 2200 πάντα
1023 2172 1117 2198 ἐκεῖνα
1133 2171 1162 2196 ὲν
1179 2170 1294 2205 ἰσότητι,
1309 2171 1398 2197 πάντα
1418 2170 1446 2196 δὲ
1462 2170 1491 2196 ὲν
1507 2170 1582 2196 κόνει
1592 2177 1599 2183 ·
1617 2170 1663 2195 καὶ
1674 2169 1704 2194 οὐ

72 2220 172 2247 domus
183 2219 259 2253 ipsae,
277 2222 426 2250 etstatuae,
443 2222 524 2252 atque
536 2217 651 2245 aedificia
666 2217 693 2244 in
723 2217 862 2251 pulverem

920 2218 1020 2254 μᾶλλον
1033 2218 1067 2243 ἂν
1083 2216 1177 2251 γνοίης
1190 2216 1239 2250 τὴν
1251 2215 1296 2242 τοῦ
1311 2214 1469 2249 Πομπηΐου,
1489 2215 1504 2251 ἢ
1520 2213 1703 2247 Λουκούλλου,

71 2266 200 2293 redacta:
219 2273 280 2300 qua:
293 2265 320 2292 in
342 2269 450 2292 tantum
479 2265 570 2291 adhuc
599 2266 816 2299 superemineat,
837 2266 864 2291 in

72 2315 204 2346 quantum
222 2311 312 2341 tellus,
335 2317 388 2345 qua
400 2310 497 2336 obruta
517 2314 655 2344 teguntur,
684 2317 737 2336 non
765 2309 866 2343 ubique

72 2356 185 2391 aequalis
199 2360 252 2387 est,
269 2355 315 2383 sed
331 2355 358 2382 in
373 2355 507 2382 tumulum
530 2354 673 2382 attollitur.
687 2354 785 2382 Multas
797 2362 866 2389 quo-

72 2410 126 2438 que
142 2407 248 2430 statuas
269 2401 366 2429 horum
381 2401 503 2428 felicium
518 2409 550 2428 ac
575 2400 716 2428 beatorum
729 2399 863 2426 victorum

73 2457 127 2477 una
142 2457 205 2476 cum
220 2448 331 2482 tropaeis
346 2455 378 2475 ac
393 2448 494 2475 laureis
515 2448 541 2474 in
575 2454 654 2474 emno
667 2451 694 2473 et
713 2446 770 2472 luto
790 2445 864 2478 deje-

73 2501 134 2523 ctas
149 2503 181 2523 ac
197 2494 358 2530 provolutus
372 2502 485 2522 cernere
499 2494 574 2527 licet,
585 2493 653 2520 alias
664 2495 819 2525 compactos
832 2498 864 2518 ac

72 2542 204 2575 divulsas,
227 2549 280 2568 non
301 2548 401 2575 paucas
427 2541 509 2568 calcis
539 2540 664 2575 operisve
688 2537 805 2570 tectorii,
821 2537 863 2563 vel

73 2588 153 2615 etiam
170 2588 288 2622 lapidum
305 2587 391 2615 vietam
416 2587 530 2613 aliorum
554 2585 776 2612 anlilicationibus
791 2591 864 2611 nunc

74 2639 201 2668 praestare
232 2633 336 2661 videas.
364 2632 397 2659 At
417 2632 494 2667 queis
510 2631 604 2658 melior
614 2638 675 2658 sors
687 2631 796 2665 obtigit,
810 2630 864 2658 illae

73 2680 211 2714 deperdita
230 2679 410 2714 pritnogenia,
430 2683 458 2706 ut
471 2677 631 2705 Aristotcles
643 2680 731 2708 vocat,
744 2676 862 2710 lapidum

76 2726 175 2758 forma,
191 2733 292 2761 equum
301 2724 495 2753 conscensuris
513 2723 626 2758 gradum
641 2731 687 2750 sett
701 2723 860 2755 scabellum,

74 2773 117 2800 vel
148 2773 218 2799 muri
238 2773 415 2807 crepidinem,
431 2772 472 2800 vel
498 2771 569 2799 asini
582 2775 629 2798 aut
648 2772 725 2798 bovis
743 2778 863 2805 praesepe

75 2819 214 2852 efficiunt;
226 2819 345 2853 disjectas
359 2819 529 2854 plerumque,
543 2823 572 2845 ut
582 2818 650 2850 dixi,
666 2822 692 2844 et
704 2817 861 2845 confiat-tm.

70 2866 151 2902 _Alias
170 2866 254 2901 spinae
269 2871 295 2895 et
313 2872 417 2899 sentes,
453 2866 493 2894 vel
521 2865 632 2894 arbusta
657 2864 774 2900 undique
799 2873 862 2893 cna-

916 2264 994 2300 ἢτὴν
1008 2262 1187 2297 Μιθριδάτου,
1212 2260 1383 2296 ἢΤιγράνου
1411 2260 1508 2295 τύχην.
1535 2260 1589 2286 Καὶ
1620 2260 1704 2287 αὑταὶ

916 2310 945 2336 δὲ
972 2309 1104 2341 αιοίκίαι,
1127 2308 1174 2335 καὶ
1191 2308 1218 2334 αἱ
1243 2307 1352 2341 στῆλαι,
1379 2307 1426 2333 καὶ
1449 2308 1477 2333 al.
1508 2307 1651 2342 οἱκοδομαὶ
1676 2308 1705 2334 ὲν

917 2355 990 2382 κόνει
1017 2354 1092 2389 παρὰ
1106 2353 1235 2380 τοσοῦτον
1251 2353 1435 2389 ὑπερέχουσαι
1454 2354 1521 2390 παρ’
1543 2354 1605 2380 ὅσον
1631 2355 1647 2389 ὴ
1664 2355 1706 2380 δε-

918 2398 1022 2433 ξαμένη
1042 2397 1129 2424 ταῦτα
1157 2397 1192 2431 γῆ
1208 2398 1259 2424 οὐκ
1287 2397 1421 2430 ίσόπεδος,
1440 2399 1500 2424 ἀλλ⁹
1524 2400 1703 2434 ἀνεστηκυῖα.

917 2446 970 2472 Καὶ
983 2444 1098 2476 πολλοὺς
1112 2444 1167 2471 τῶν
1182 2444 1352 2479 ἀνδριάντων
1368 2445 1423 2472 τῶν
1439 2446 1611 2480 εὐδαιμόνων
1631 2448 1704 2473 ὲκεί-

915 2501 970 2519 νων
993 2493 1040 2519 καὶ
1058 2493 1203 2527 μακαρίων
1228 2492 1348 2527 νικητῶν
1375 2493 1468 2525 αὐτοῖς
1491 2494 1635 2529 τροπαίοις
1658 2495 1706 2521 καὶ

916 2539 1058 2574 στεφάνοις
1074 2540 1148 2566 ἐστιν
1165 2540 1230 2566 ἰδεῖν
1247 2540 1276 2567 ὲν
1290 2541 1426 2576 βορϐόρῳ,
1440 2541 1489 2567 καὶ
1504 2541 1583 2577 πηλῷ
1610 2541 1704 2569 καλιν-

915 2585 1073 2619 δουμένους,
1093 2587 1139 2614 καὶ
1170 2587 1376 2623 ἐρριμμένους·
1406 2587 1505 2618 ἄλλους
1527 2588 1555 2614 δὲ
1577 2589 1705 2623 ἠκρωτη-

916 2632 1081 2666 ριασμένους
1101 2633 1148 2660 καὶ
1159 2632 1392 2669 διεσπαρμένους·
1414 2634 1464 2660 οὺκ
1480 2633 1590 2668 ὀλίγους
1614 2635 1642 2661 δὲ
1659 2635 1701 2662 τί-

914 2686 1004 2709 τανον,
1019 2678 1036 2714 ἢ
1052 2678 1157 2711 κονίαν,
1179 2679 1196 2714 ἢ
1223 2679 1278 2705 τῶν
1304 2679 1469 2713 οίκοδομιῶν
1499 2679 1587 2711 ἄλλως
1611 2680 1702 2710 λίθους

915 2724 1102 2759 γενομένους·
1129 2725 1186 2751 ὅσοι
1206 2725 1235 2751 δὲ
1264 2725 1399 2760 βελτίονος
1425 2726 1510 2761 τύχης
1530 2727 1635 2761 ἔτυχον,
1654 2727 1703 2761 τὴν

915 2770 988 2797 κατὰ
1002 2770 1197 2806 Ἀριστοτέλην
1219 2772 1410 2807 πρωτάρχειον
1436 2773 1491 2799 τῶν
1518 2773 1599 2799 λίθων
1625 2773 1703 2800 εὐτυ-

914 2817 977 2853 χίαν
997 2817 1196 2850 ἀποὸαλόντας,
1221 2818 1307 2844 ἵππου
1337 2819 1487 2855 ἐπίϐαθρον
1510 2819 1580 2855 πρὸς
1600 2820 1702 2847 ἀναϐα-

915 2873 970 2899 σιν,
985 2864 999 2899 ἦ
1016 2864 1137 2900 κρηπῖδα
1153 2865 1257 2901 τοίχου,
1272 2864 1288 2899 ἤ
1306 2865 1368 2892 ὄνου
1383 2866 1498 2901 φάτνην,
1516 2866 1532 2902 ἢ
1551 2866 1611 2901 βοὸς
1633 2867 1701 2897 πληρ
