1929 3087
216 139 254 171 67
879 134 1045 165 JOANNlS
1064 133 1207 164 CANANI
1816 130 1857 162 C8

214 197 332 229 πόλεως,
357 199 404 225 καὶ
428 197 486 232 ἅμα
502 197 584 229 εὐθὺς
604 197 658 225 τῶν
674 195 806 231 Τούρκων
824 195 860 222 τὰ
881 194 1078 231 στρατεύματα
1093 194 1217 228 θρασέως
1232 192 1306 220 κατὰ
1334 192 1390 220 τῶν
1405 192 1551 228 Ῥωμαίων
1583 190 1767 227 ὲμδάλλουσιν
1803 193 1859 218 καὶ

215 241 247 268 ἔκ
258 242 306 268 τοῦ
326 242 501 277 χαλάσματος
514 243 618 269 ἐκείνου
635 241 778 273 διώξουσιν
798 241 845 266 καὶ
872 240 922 274 τὴν
940 240 1017 266 πόλιν
1057 240 1254 274 κρατήσουσιν.
1274 239 1368 265 Ἀλλοι
1386 239 1452 271 τοὺς
1476 239 1603 273 ἀγωγοὺς
1627 239 1760 273 ὲγύρευον
1785 238 1860 270 τοὺς

216 290 335 317 ἔκπαλαι
352 290 384 316 τὸ
401 289 479 325 νερὸν
490 290 531 321 είς
546 291 594 321 τὰς
611 290 726 324 στέρνας
743 288 793 322 τῆς
815 288 922 318 πόλεως
938 287 1051 322 ἔφερον,
1065 287 1142 318 ὅπως
1156 286 1219 314 τινὰ
1234 285 1264 319 ὲξ
1287 287 1379 314 αὐτῶν
1414 285 1593 322 ἐπιτύχωσιν,
1630 286 1679 312 καὶ
1714 285 1861 322 λαθραίως

215 337 271 362 τῶν
291 335 436 371 Ῥωμαίων
451 335 496 362 διὰ
519 335 567 362 τοῦ
590 335 703 369 ἀγωγοῦ
720 335 797 365 ἐντὸς
812 333 1004 369 γενέσθαι-τῆς
1024 332 1130 365 πόλεως
1146 333 1255 365 νυκτὸς,
1292 333 1583 369 ἀπαραπροσδοκήτως
1607 332 1711 368 ταύτην
1746 333 1861 369 κρατή-

218 391 312 409 σουσιν
332 383 379 409 καὶ
393 383 655 417 αἰχμαλωτίσουσιν.

255 432 328 459 Misit
367 438 499 466 praaterea
525 431 559 459 ad
580 439 678 459 omnes
705 431 858 459 Turcarum
884 430 1011 472 princeps

1098 429 1172 464 Πλὴν
1186 429 1234 456 καὶ
1249 429 1374 464 κήρυκας
1390 428 1565 462 ἐξαπέστειλε
1583 428 1752 463 πανταχόῢεν
1766 428 1780 454 ὁ
1811 428 1862 454 δε-

217 486 381 513 ννιπεςοηοηι,
399 479 444 512 qui
462 479 497 504 ita
510 478 663 504 declararet
679 482 705 505 et
717 477 899 512 jurejurando
915 476 1008 503 ﬁrma-

219 531 259 552 ret
275 534 283 552 :
303 535 312 551 ι
332 524 414 552 Urbis
432 525 544 551 divitias
557 531 654 551 omnes
667 529 693 550 et
709 524 868 551 universum
879 523 1010 558 populum

218 579 327 598 amcras
342 571 459 605 pra'dam
478 571 657 605 rapinamque
670 570 850 597 Musulmanis
873 569 1010 597 concedit:

217 616 250 642 ad
274 616 414 650 pulchram
439 616 532 650 itaque
554 616 671 650 praedam
689 617 794 643 alacres
807 615 961 643 accedite.»
979 614 1012 641 Et

218 661 276 688 ha‘c
301 662 413 696 quidem
437 661 481 689 ille
494 670 526 689 eo
540 663 668 693 consilio.
689 667 716 689 ct
732 662 815 690 simul
833 668 930 689 omnes
954 660 1013 687 Mu-

216 709 403 736 sulmanorum
433 710 583 742 exercitus,
600 710 671 744 quod
699 715 728 737 et
750 710 852 736 tactum
873 713 925 741 est,
946 716 1013 736 con-

217 760 372 783 currerent.
392 755 516 790 Namque
533 747 563 782 ut
583 756 697 782 ntmtius
713 755 758 782 ille
773 755 807 782 ad
824 755 1010 782 Musulmano-

219 810 278 829 rum
295 803 421 829 nationes
446 802 545 830 allatus
563 807 614 833 est,
630 803 750 837 reginam
769 801 879 829 urbium
898 801 924 828 in
940 809 1012 837 pra»

219 850 358 875 damessc
384 849 475 875 datam
492 852 519 875 et
535 849 707 880 servitutem,
737 848 794 875 fere
824 856 857 875 ex
884 848 1011 875 universa

219 898 293 921 terra
322 898 350 920 et
380 893 618 920 Musulmanorum
653 894 811 921 nationibus
839 894 871 921 ad
905 894 1012 921 lucrum

218 939 390 973 propOsitum
413 938 589 968 advolarunt.
612 946 666 965 non
680 944 783 966 tantum
805 939 922 967 bellandi
946 947 1015 974 pra:-

218 985 357 1020 dandique
383 987 473 1021 gnari,
487 987 534 1014 sed
559 992 587 1014 et
602 987 736 1022 inexperti
756 988 882 1023 aliusque
907 989 1015 1023 generis

219 1039 254 1059 ac
275 1033 383 1060 artiticii
410 1033 544 1066 homines,
563 1034 645 1060 veluti
662 1040 839 1066 mercatores,
854 1035 1014 1068 numularii,

218 1079 404 1113 unguentarii.
423 1079 590 1112 calceolarii.
617 1081 664 1108 sed
693 1088 726 1107 ex
741 1081 841 1108 Turcis
868 1081 950 1108 etiam
967 1081 1012 1116 qui

218 1132 249 1151 se
267 1124 396 1151 solitaria:
413 1124 473 1152 vita:
489 1126 688 1153 astrinxerant.
724 1125 766 1154 0b
782 1126 896 1154 similem
919 1134 1014 1153 omnes

219 1178 331 1198 causam
361 1178 553 1205 accurrerunt,
572 1172 675 1200 milites
697 1173 836 1208 praedandi
849 1181 943 1207 causa,
967 1174 1013 1201 alii

219 1221 250 1244 ut
276 1218 393 1252 praedam
419 1219 545 1246 servituti
575 1219 723 1251 addictam,
747 1219 792 1246 alii
811 1219 948 1251 mulieres.
963 1219 1009 1247 alii

220 1262 302 1296 viros,
319 1263 364 1291 alii
390 1271 502 1298 pueros,
531 1264 577 1291 alii
605 1265 744 1298 animalia,
768 1265 814 1292 alii
853 1265 1016 1299 supellecti—

219 1309 274 1336 lem
288 1311 472 1342 reulimerent;
487 1311 603 1338 solitarii
620 1311 753 1338 moniales
766 1316 875 1339 nostras
890 1311 1012 1346 pradam

219 1356 401 1390 rapinamque
417 1356 470 1382 sibi
491 1355 607 1383 concedi
623 1363 637 1382 a
653 1355 805 1383 Turcarum
823 1356 945 1391 principe
966 1356 1017 1383 im-

219 1406 370 1436 petrarent.
396 1402 454 1429 Hac
469 1403 675 1436 exspectatione
687 1410 719 1429 ex
731 1403 859 1430 universo
880 1407 1015 1440 terrar_um

224 1447 292 1475 orbe
310 1448 454 1475 innumera
485 1455 570 1484 prope
605 1448 841 1476 Musuimauorum
866 1449 1014 1476 multitudo

221 1492 336 1521 collecta
351 1497 403 1525 est,
417 1497 446 1520 ut
462 1494 620 1528 quicunque
646 1494 740 1530 copias
770 1493 911 1522 atlluentes
928 1495 1018 1522 intue-

222 1545 309 1572 retur,
323 1541 535 1575 Ivbslltptesceret.
548 1540 616 1568 Tum
628 1545 656 1568 et
669 1542 830 1576 sagittarum
851 1541 1018 1569 abundantia

222 1590 299 1614 tanta
319 1588 456 1614 cumulata
468 1591 519 1618 est,
533 1591 561 1613 ut
585 1594 670 1622 prope
693 1587 860 1614 incredibilis
871 1587 904 1614 de
916 1594 948 1614 ea
972 1595 1019 1614 ru-

222 1639 283 1659 mor
298 1631 377 1668 nobis
392 1632 541 1664 videretur,
555 1633 642 1660 donec
657 1636 778 1668 tempore
791 1633 856 1661 belli
873 1633 898 1660 id
913 1636 1017 1668 experti

221 1678 400 1706 credidimus.
415 1678 473 1705 Hoc
481 1685 547 1705 vero
556 1679 636 1706 modo
649 1686 680 1706 ea
692 1679 861 1707 abundantia
872 1684 1017 1714 procurata

222 1726 277 1748 est.
294 1721 415 1756 Singulae
431 1722 529 1750 domus
553 1722 739 1757 cujuscunque
755 1723 883 1753 hominis.
905 1723 951 1758 qui
966 1723 1018 1751 sub

1063 475 1165 509 σπότης
1193 474 1249 501 τῶν
1275 475 1418 510 Τούρκων,
1441 475 1490 501 καὶ
1510 474 1673 509 διελάλησαν
1689 473 1791 506 οὕτως,
1807 473 1862 500 καὶ

1063 519 1140 548 εἷπον
1156 522 1276 556 ἐνόρκως
1292 522 1333 548 ὅτι
1348 522 1398 556 τῆς
1415 521 1519 552 πόλεώς
1536 529 1566 548 τε
1593 521 1639 548 τὸν
1661 520 1777 546 πλοῦτον
1807 519 1861 546 καὶ

1063 568 1108 594 τὸν
1123 568 1188 595 λαὸν
1201 568 1312 595 ᾶπαντα
1332 570 1345 594 ό
1359 569 1472 604 ἂμηρᾶς
1488 569 1529 600 είς
1559 568 1695 602 διακομαν
1716 567 1860 602 παραδίδη

1064 614 1111 640 καὶ
1127 613 1242 650 κοῦρσος
1256 615 1313 645 τοῖς
1326 614 1566 648 Μουσουλμάνοις,
1593 615 1640 640 καὶ
1661 614 1780 648 φθασετε
1815 613 1862 644 είς

1063 659 1093 686 τδ
1105 660 1212 695 κέρδος.
1225 660 1320 688 Ταῦτα
1344 661 1394 695 μὲν
1420 658 1492 693 εἷπε,
1521 660 1592 695 μετὰ
1616 659 1808 693 τεχνάσματος
1827 658 1860 685 δὲ

1063 706 1186 733 τοιούτου
1197 707 1273 738 ὅπως
1285 707 1318 734 vi
1334 707 1488 742 συναχθῶσι
1502 707 1536 734 τὰ
1551 706 1747 742 στρατεύματα
1761 705 1859 732 πάντα

1064 752 1117 778 τῶν
1135 752 1369 787 Μουσουλμάνων,
1388 753 1479 780 ὁποῖον
1493 753 1541 780 καὶ
1567 753 1677 787 ἐγένετο
1702 753 1776 780 τότε.
1811 752 1861 783 Ὠς

1063 798 1119 834 γὰρ
1135 798 1250 834 ἐξεχύθη
1265 799 1281 832 ἡ
1297 799 1377 834 φήμη
1396 800 1436 831 είς
1448 800 1483 826 τὰ
1499 799 1563 834 ἔθνη
1589 799 1644 826 τῶν
1672 798 1862 833 Μουσουλμά-

1063 853 1118 871 νων
1141 844 1199 876 πῶς
1229 844 1402 880 ὲπαραδόθην
1419 845 1436 879 ἡ
1463 845 1540 877 πόλις
1559 845 1600 877 είς
1620 844 1773 879 διαγουμιὰν
1808 845 1861 871 καὶ

1064 890 1268 926 αἰχμαλωσίαν,
1286 890 1379 926 σχεδὸν
1394 891 1426 918 ὲκ
1439 891 1530 926 πάσης
1542 891 1593 925 γῆς
1605 891 1653 917 καὶ
1668 892 1764 925 γενεᾶς
1783 891 1863 917 Μου-

1067 937 1229 971 σουλμάνων
1257 937 1380 971 ἔφθασαν
1411 937 1482 972 πρὸς
1508 937 1539 963 τὸ
1560 937 1655 971 κέρδος
1674 937 1713 972 μὴ
1727 936 1811 970 μόνον
1834 937 1862 963 οι

1066 984 1250 1017 ἐπιστήμονες
1265 984 1304 1015 είς
1315 983 1349 1009 τὰ
1364 983 1470 1018 κούρση
1486 983 1612 1014 καὶτοὺς
1627 983 1774 1017 πολέμους.
1787 983 1862 1010 ἀλλὰ

1067 1029 1114 1055 καὶ
1123 1030 1148 1054 οι
1161 1029 1380 1064 ἀνεπιστήμονες
1397 1029 1445 1055 καὶ
1461 1028 1598 1063 σαρλίδες,
1613 1028 1739 1055 τουτέστι
1765 1036 1864 1062 πραγ-

1069 1074 1213 1110 ματεῦται,
1239 1075 1436 1106 iurandm-at,
1469 1075 1585 1110 μυροψοὶ
1616 1075 1664 1101 καὶ
1693 1075 1863 1110 τζαγκάροι,

1066 1120 1134 1147 ἀλλὰ
1151 1121 1198 1151 καὶ
1226 1121 1356 1157 Τουρκῶν
1379 1121 1472 1148 πολλοὶ
1490 1122 1646 1156 καλογέροι.
1676 1121 1740 1147 ⁷Υπ²
1765 1120 1863 1152 αίτίας

1066 1166 1196 1202 τοιαύτης
1207 1167 1399 1202 ἑσυνήχθησαν
1414 1168 1527 1199 πάντες,
1555 1167 1580 1194 οί
1609 1167 1659 1202 μιν
1686 1167 1862 1201 στρατιῶται

1066 1211 1110 1238 διὰ
1122 1212 1152 1238 τὸ
1169 1210 1330 1247 κοῢρσο;,οἱ
1359 1212 1388 1239 δὲ
1420 1212 1548 1247 σαρλίδις
1569 1213 1613 1238 ἵνα
1643 1212 1800 1247 ἁγοράσουν
1822 1212 1862 1239 τὰ

1067 1258 1253 1293 κουρσιμαῑίι,
1274 1258 1361 1292 ἤγουν
1383 1257 1446 1288 τοὺς
1461 1258 1663 1293 αἰχμαλώτους,
1681 1258 1728 1284 καὶ
1752 1259 1778 1285 οι
1807 1258 1864 1292 μὲν

1067 1303 1117 1336 τὰς
1127 1305 1270 1338 γυναῖκας,
1290 1304 1365 1331 ἄλλοι
1381 1305 1443 1336 τοσς
1470 1305 1582 1339 ἄνδρας,
1598 1305 1673 1332 ἄλλοι
1699 1306 1734 1331 τὰ
1753 1305 1860 1340 βρέφη,

1068 1350 1116 1377 καὶ
1144 1351 1221 1378 ἄλλοι
1243 1351 1276 1378 τὰ
1292 1351 1361 1383 ζῶα,
1377 1352 1424 1378 καὶ
1449 1351 1526 1379 ἄλλοι
1541 1352 1576 1379 τὰ
1602 1352 1765 1387 πράγματα.
1786 1352 1812 1378 οι
1831 1352 1862 1378 δὲ

1068 1397 1382 1433 Τουρκοκαλογέροιτὰς
1399 1398 1568 1433 καλογραίας
1589 1399 1668 1433 ἡμῶν
1691 1398 1788 1433 κέρδος
1812 1398 1863 1424 καὶ

1068 1442 1186 1478 κοῦρσος
1212 1444 1372 1479 εὐεργεσίαν
1400 1445 1434 1472 νέι
1451 1445 1531 1480 ἔχουν
1556 1445 1632 1481 παρὰ
1650 1444 1697 1472 τοῦ
1725 1445 1862 1472 δεσπότου

1068 1490 1124 1517 τῶν
1150 1491 1292 1526 Τούρκων.
1322 1491 1373 1517 Διὰ
1401 1491 1467 1526 γοῦν
1496 1492 1546 1525 τὴν
1576 1491 1743 1526 προσδοκίαν
1756 1491 1862 1526 ταύτην

1070 1537 1261 1573 ἐσυνάχθησαν
1280 1538 1311 1564 ὲκ
1324 1538 1414 1572 πάσης
1429 1538 1478 1572 τῆς
1491 1538 1542 1572 γῆς
1565 1538 1789 1572 Μουσουὶ.ράιιων
1813 1539 1864 1564 άν-

1070 1583 1214 1618 αρίθμητα
1232 1584 1334 1619 πλήθη.
1368 1584 1439 1610 ὥστε
1456 1584 1681 1619 ἔκατεθαύμαζον
1706 1585 1807 1616 πάντες
1836 1586 1862 1611 οι

1070 1629 1237 1665 θεωροῦντες
1254 1630 1304 1665 τὴν
1320 1631 1483 1666 πλησμονὴν
1498 1630 1546 1657 τοῦ
1559 1633 1700 1666 φωσάτου.
1734 1632 1800 1658 Τότε
1828 1631 1861 1666 δὴ

1070 1677 1117 1704 καὶ
1132 1677 1262 1712 σαγίττας
1281 1678 1399 1712 συνῆξαν
1413 1678 1541 1705 τοσοῦτον
1556 1678 1744 1713 ἀναρίθμητον
1756 1678 1863 1712 πλῆθος

1070 1723 1140 1750 ὥστε
1157 1724 1373 1758 έδυσπιστοῦμεν
1392 1723 1423 1750 τὸ
1442 1723 1552 1759 πρῶτον
1571 1724 1620 1759 τὴν
1632 1724 1728 1760 φήμην
1752 1725 1800 1751 τοῦ
1816 1725 1862 1751 λό-

222 1772 356 1802 potestate
384 1771 411 1794 et
440 1767 549 1795 ditione
579 1767 733 1795 Turcarum
751 1774 842 1802 erant,
858 1769 916 1797 sive
948 1770 972 1797 is
990 1769 1013 1796 in

1071 1778 1121 1804 γου
1136 1770 1190 1802 ἕως
1205 1769 1254 1796 τοῦ
1272 1770 1393 1805 πολέμου
1415 1769 1465 1805 τὴν
1480 1770 1565 1805 ὥραν.
1597 1770 1630 1797 Ἦ
1651 1770 1679 1798 δὲ
1714 1771 1861 1806 συναγωγὴ

221 1813 333 1841 Oriente
349 1813 407 1841 sive
424 1812 573 1841 Occidente
593 1814 742 1848 habitaret,
759 1815 874 1849 sagittas
898 1822 1013 1843 arcuum

223 1867 279 1887 non
304 1860 397 1888 minus
428 1860 523 1887 decem
551 1861 585 1888 ad
617 1860 713 1896 viginti
736 1861 816 1888 etiam
835 1861 950 1896 praebuit
966 1869 974 1893 ς
989 1866 1017 1890 et

223 1907 316 1941 plures
333 1907 415 1933 etiam
438 1906 556 1939 his,cum
583 1906 707 1941 praelium
730 1907 857 1940 iniretur,
875 1908 1014 1942 volarunt,

223 1957 293 1985 quas
304 1949 454 1977 Turcarum
468 1951 707 1978 armamentarium
725 1957 751 1978 et
767 1953 904 1980 exercitus
918 1953 1017 1987 phare-

223 2001 272 2023 trae
284 1996 468 2024 continebant.
483 1996 656 2024 Courehebat
670 2006 722 2025 una
740 2006 832 2026 secum
847 2007 878 2026 eo
893 2004 1014 2035 tempore

224 2043 399 2077 imperatoris
412 2047 538 2071 oratores
559 2043 634 2070 l‘erro
652 2045 762 2072 miseris
786 2046 874 2074 modis
904 2055 1015 2081 compe-

224 2090 307 2122 (litos,
337 2095 409 2123 quos
427 2088 486 2123 ipse
501 2096 551 2124 pro
569 2089 686 2116 ineunda
713 2097 779 2125 pace
797 2098 829 2119 ac
847 2090 949 2119 foedere
969 2100 1017 2127 po-

227 2135 389 2162 stulaverat.
412 2134 465 2161 Sed
484 2140 540 2161 tum
562 2135 645 2162 veluti
665 2136 797 2164 barbarus
812 2136 926 2165 immitis
935 2143 1016 2173 atque

226 2180 422 2208 immisericors
437 2181 554 2209 vinculis
567 2181 663 2209 ferreis
679 2183 803 2210 astrictos
822 2183 849 2211 in
862 2185 1014 2213 custodiam

223 2228 347 2259 dederat.
365 2227 548 2263 inuoxiosque
578 2233 709 2264 tanquam
731 2230 831 2258 noxios
847 2231 1016 2258 condemna-

224 2277 310 2307 verat,
326 2274 424 2309 quibus
438 2275 520 2302 etiam
537 2280 653 2303 mortem
673 2276 860 2310 minitabatur,
882 2278 1015 2306 icausatus

225 2320 332 2348 insulse
349 2321 495 2348 admodum
514 2329 522 2355 ;
541 2323 633 2349 aiebat
664 2323 798 2357 siquidem
817 2330 825 2350 :
845 2332 854 2349 ι
867 2323 954 2351 Graeci
972 2332 1016 2352 me

225 2366 400 2400 impudenter
417 2371 500 2401 atque
518 2366 698 2395 irreverenter
723 2368 833 2396 allocuti
859 2373 935 2403 sunt,
950 2377 1015 2404 pro-

224 2416 374 2447 ptereaque
390 2419 438 2440 eos
456 2413 483 2440 in
501 2419 641 2440 carcerem
662 2419 689 2442 et
705 2415 813 2442 vincula
832 2416 948 2451 conjeci.
969 2425 978 2442 ι

261 2551 330 2589 Tum
337 2560 424 2588 porro
437 2553 548 2588 quidam
564 2561 597 2581 ex
606 2554 785 2582 Musulmnnis
795 2562 911 2590 procero
927 2563 993 2590 gran
1001 2569 1013 2575 -

223 2599 307 2634 dique
334 2607 459 2634 corpore,
474 2606 502 2627 et
525 2601 595 2636 apud
627 2601 688 2628 illos
719 2601 860 2634 terribilis,
890 2601 963 2636 quod
980 2601 1014 2629 de

225 2646 353 2680 progenie
383 2651 411 2673 ct
428 2646 461 2673 de
492 2647 616 2682 prosapia
644 2647 806 2675 Mahometis
828 2652 909 2675 esset.
935 2647 1014 2675 llunc

224 2692 262 2718 illi
284 2693 366 2719 veluti
395 2693 576 2727 patriarcham
601 2695 728 2722 colebant
745 2701 771 2722 et
791 2695 874 2722 velttti
895 2696 1014 2730 prophe-

225 2742 280 2764 tam
311 2741 519 2773 venerabamur,
551 2741 741 2777 aequalemque
770 2741 807 2769 illi
845 2742 949 2769 cultum
983 2748 1015 2768 ac

225 2782 382 2812 Mahometo
397 2787 574 2820 prtcstabaut.
594 2787 642 2814 llic
661 2792 735 2815 tanta
758 2789 829 2824 apud
847 2796 895 2816 eos
917 2793 1015 2815 aucto-

224 2830 305 2858 ritate
334 2832 462 2866 pollebat,
488 2839 518 2860 ut
557 2842 658 2861 amcra:
690 2835 842 2862 Turcarum
882 2836 1014 2870 principis

223 2877 307 2905 tiliam
326 2878 458 2915 virginem
485 2886 584 2916 praeter
608 2881 682 2910 illius
709 2882 872 2911 sententiam
905 2887 1012 2917 raptam

1070 1816 1174 1842 τούτων
1194 1816 1303 1850 ἐγένετο
1313 1816 1400 1847 οὕτως
1417 1824 1424 1832 ·
1442 1816 1520 1843 Πίσα
1536 1817 1611 1844 οὲίιία
1625 1817 1727 1848 παντὸς
1753 1816 1861 1852 ἀνθρώ-

1071 1871 1123 1890 που
1137 1862 1185 1890 τοῦ
1202 1863 1399 1899 εὑρισκομένου
1414 1864 1454 1895 εἰς
1467 1863 1519 1899 τὴν
1529 1863 1692 1891 δεσποτείαν
1704 1864 1759 1889 τῶν
1775 1863 1862 1897 Τούρ-

1071 1918 1128 1936 κων
1138 1909 1272 1944 ἀνατολῆς
1287 1909 1334 1936 καὶ
1345 1909 1450 1941 δύσεως
1464 1910 1555 1945 πάσης
1565 1910 1665 1937 δέδωκε
1677 1910 1781 1937 τούτων
1796 1910 1861 1936 ἐκέ-

1071 1963 1121 1988 στη
1135 1956 1189 1983 ἀπὸ
1207 1956 1274 1982 δέκα
1287 1955 1340 1987 ἕως
1355 1956 1442 1983 εἴκοσι
1456 1957 1587 1991 σαγίττας
1601 1956 1656 1983 τῶν
1667 1956 1763 1990 τόξων.
1778 1955 1860 1983 Ἀλλὰ

1071 2003 1118 2030 καὶ
1133 2002 1260 2034 πλείονας
1288 2002 1393 2030 τούτων
1417 2003 1562 2036 ἐτόξευσαν
1588 2003 1637 2029 τοῦ
1660 2003 1781 2037 πολέμου
1809 2004 1860 2037 τὴν

1071 2049 1156 2085 ὥραν,
1172 2049 1267 2082 ὁποίας
1280 2050 1311 2077 τὸ
1326 2050 1572 2085 ἁρματοιρυλάκιον
1586 2049 1643 2085 εἶχε
1660 2050 1708 2077 τοῦ
1734 2050 1859 2085 Τούρκου

1071 2097 1118 2123 καὶ
1133 2096 1167 2123 τὰ
1181 2096 1324 2131 ταρφάσια
1338 2097 1384 2124 τοῦ
1397 2097 1535 2132 φωσάτου.
1554 2094 1618 2131 Εἶχε
1633 2098 1680 2124 καὶ
1697 2098 1758 2132 μετ’
1776 2098 1860 2125 αὑτοῦ

1070 2144 1132 2171 τότε
1151 2143 1451 2179 σιδηροδεσμουμένουξ
1474 2145 1539 2176 τοὺς
1562 2146 1790 2180 ἀποκρισιαρίους
1814 2147 1861 2172 τοῦ

1072 2190 1216 2225 βασιλέως,
1230 2191 1342 2221 ὁποίους
1354 2190 1434 2220 αὐτὸς
1447 2191 1570 2225 ᾐτήσατο
1590 2191 1693 2225 μᾶλλον
1708 2192 1752 2218 ἵνα
1765 2192 1860 2228 πέμψῃ

1071 2237 1136 2272 περὶ
1147 2237 1259 2271 είρήνης
1273 2245 1303 2262 τε
1316 2236 1363 2262 καὶ
1375 2236 1497 2270 ἀγάπης.
1515 2237 1598 2267 Ᾱὺτδς
1612 2236 1641 2263 δὲ
1665 2237 1703 2268 ὡς
1721 2237 1860 2273 βάρεαρος

1070 2282 1145 2317 ὠμὸς
1158 2283 1206 2309 καὶ
1220 2281 1408 2315 ἀπάνθρωπος
1426 2281 1525 2316 σίδηρα
1535 2282 1583 2308 καὶ
1606 2282 1731 2316 φυλακὰς
1760 2284 1860 2316 αὐτοὺς

1071 2328 1247 2362 κατεδίκασε,
1259 2328 1307 2354 καὶ
1323 2327 1387 2359 τοὺς
1396 2328 1535 2359 ἀναιτίους
1546 2329 1583 2360 ὡς
1592 2329 1736 2361 ὑπαιτίους
1750 2330 1858 2365 ἠπείλει

1071 2375 1112 2405 είς
1143 2374 1269 2407 θάνατον,
1289 2373 1511 2408 προὸαλλόμενος
1530 2375 1559 2401 δὲ
1588 2375 1658 2411 τάχα
1685 2377 1732 2403 καὶ
1757 2378 1857 2411 αἰτίαν,

1071 2421 1139 2448 ἀλλὰ
1151 2419 1261 2454 ψυχράν
1274 2428 1280 2436 ⁸
1294 2420 1371 2455 ἔλεγε
1389 2420 1455 2456 γάρ’
1466 2421 1540 2448 Διότι
1558 2431 1592 2456 με
1607 2423 1632 2449 oi
1658 2423 1789 2458 Ῥωμαῖοι
1813 2424 1860 2450 ἀν-

1028 2456 1055 2487 Ῑ)
1069 2466 1223 2500 αισχύντως
1242 2466 1397 2502 συνέτυχον,
1414 2466 1459 2493 διὰ
1472 2466 1551 2494 τοῦτο
1567 2468 1666 2500 αὐτοὺς
1678 2469 1719 2501 είς
1736 2469 1858 2506 φυλακὴ-ι

1068 2512 1248 2539 κατεδίκασα.

1109 2559 1190 2586 Ἀλλὰ
1208 2559 1255 2586 χαὶ
1273 2560 1334 2586 τότε
1350 2568 1392 2592 τις
1405 2560 1459 2586 τῶν
1475 2561 1699 2596 Μουσουὶμάνων
1712 2562 1811 2597 iii/11M;
1825 2572 1854 2589 τε

1070 2605 1117 2632 καὶ
1130 2606 1216 2640 μέγας
1231 2606 1278 2632 καὶ
1297 2606 1410 2642 φοϐερὸς
1430 2607 1495 2642 παρ’
1512 2608 1639 2640 ἐκείνου,
1652 2607 1689 2639 ὡς
1702 2609 1743 2634 ὅτι
1759 2609 1789 2634 ὲκ
1802 2617 1855 2635 σει-

1070 2652 1121 2685 ρᾶς
1138 2660 1167 2677 τε
1184 2652 1230 2678 καὶ
1247 2652 1343 2685 γένους
1355 2651 1402 2678 τοῦ
1415 2652 1581 2687 Μουχουμὲτ
1593 2654 1739 2688 κατήγετο.
1757 2653 1853 2682 Τοῦτον

1070 2697 1117 2725 καὶ
1128 2698 1165 2728 ὡς
1185 2698 1361 2733 πατριάρχην
1376 2698 1458 2724 αὐτὸν
1471 2698 1627 2733 ὲτιμοῦπαν,
1658 2700 1704 2726 καὶ
1727 2700 1766 2732 ὡς
1791 2710 1854 2737 προ-

1071 2744 1161 2777 φήτην
1171 2743 1253 2770 αὐτὸν
1267 2745 1463 2780 προσεκύνουν,
1478 2745 1527 2770 καὶ
1545 2745 1670 2771 ἐσέϐοντο
1699 2746 1793 2774 τοῦτον
1816 2748 1852 2779 ὡς

1071 2790 1152 2815 αὑτὸν
1162 2789 1207 2815 τὸν
1224 2790 1359 2824 Μωάμεθ.
1375 2789 1510 2818 Τοσοῦτον
1523 2792 1570 2818 καὶ
1584 2791 1705 2823 τοιοῦτος
1732 2794 1853 2828 μέγιστος

1055 2834 1104 2875 ,ἢν
1117 2837 1219 2868 ἐκεῖνος
1235 2837 1276 2864 ὅτι
1291 2836 1341 2873 τὴν
1359 2838 1498 2874 ουγατέρα
1510 2839 1556 2866 τοῦ
1575 2840 1671 2875 ἀμῆρᾶ
1694 2841 1741 2867 καὶ
1759 2841 1851 2868 δεσπό-

1069 2892 1116 2911 του
1149 2883 1203 2911 τῶν
1232 2884 1454 2920 Μουσουλμάνων
1481 2876 1618 2921 παρθένον
1644 2886 1726 2913 οὖσαν
1751 2888 1848 2923 ἥρπαξε
