1929 3087
148 182 179 215 ει
744 189 908 220 MANUEI.
924 190 1192 224 PALEOLOGUS.
1527 180 1534 187 ’
1740 197 1776 229 82

147 241 262 275 ἰδόντες,
279 244 374 276 σκότος
385 244 432 270 καὶ
445 244 512 280 ζάλη
531 245 577 272 καὶ
592 245 695 281 τρόμος
705 246 752 273 καὶ
763 247 846 282 φόϐος
860 247 936 282 ἄφνω

990 249 1105 284 Augusti
1123 250 1253 277 vicesima
1266 255 1376 286 quarta,
1389 251 1454 278 feria
1486 253 1615 287 secunda,
1643 254 1710 282 hora
1726 255 1780 282 diei

147 288 186 319 sl;
203 289 251 320 τὰς
268 289 356 324 ψυχὰς
371 291 481 325 εἰσῆλθε
496 292 552 318 τῶν
573 291 695 326 πάντων,
720 293 766 320 καὶ
782 294 852 328 πρὸς
883 302 934 326 φυ-

145 334 199 368 γὴν
212 334 342 369 ἔϐλεψαν,
354 336 401 362 καὶ
415 338 456 368 εἰς
467 337 588 373 πόλεμον
615 338 678 365 οὐδὲ
689 339 775 374 ιδλως,
811 339 860 366 καὶ
881 339 936 366 ἀπὸ

145 380 290 414 δυνάμεώς
305 389 334 407 τε
349 382 396 408 καὶ
407 383 515 418 τέχνης.
536 384 591 419 Τῆς
611 385 741 419 γυναικὸς
755 385 810 420 γὰρ
826 385 936 420 ἐκείνης

146 425 246 463 ἔλαξον
262 427 311 461 τὴν
327 427 439 460 δειλίαν,
454 430 502 456 καὶ
515 430 694 466 ἠλευθερώθη
709 431 726 466 ἡ
741 431 830 463 πόλις.
858 431 935 465 Ἐγέ-

147 479 211 497 νετο
229 472 256 498 δὲ
274 472 360 500 ταῦτα
376 475 447 502 κατὰ
457 475 505 503 τὸν
519 476 616 511 καιρὸν
630 476 678 503 τοῦ
702 477 935 512 ἑξακισχιλιοστοῦ

148 517 357 546 ἔννακοσιοσςοῦ
366 522 528 555 τριακοστοῦ
536 522 625 557 ἔτους,
634 523 718 559 μηνὸς
725 523 882 558 Αὐγούστου
889 523 938 556 κδ’,

149 562 243 598 ἡμέρᾳ.
257 563 382 601 δευτέρᾳ,
399 566 458 602 ὥρᾳ
472 567 522 603 τῆς
537 568 644 604 ἡμέρας
667 569 781 605 ὲσδόμῃ.
794 570 849 596 Καὶ
863 570 940 605 παρὰ

152 609 203 642 μὶν
214 610 268 636 τῶν
275 611 326 637 Τού
332 620 404 646 ρκων
417 613 593 650 ὲλαὸώθησαν
603 616 651 642 καὶ
662 615 796 642 ἀπέθανον
808 615 938 642 ἐπέκεινα

151 655 219 688 μιᾶς
233 657 362 690 χιλιάδος,
374 660 405 685 ὲκ
419 659 448 686 δὲ
463 660 517 687 τῶν
539 661 687 696 ἡμετέρων
711 661 781 696 μετὰ
806 661 938 697 ἀληθείας

105 739 109 744 Δ
151 702 331 737 ἑλαδώοησαν
350 704 399 738 μὲν
426 705 571 739 ἐλάττονες
586 707 641 734 ἀπὸ
659 707 770 739 ἑκατὸν,
801 707 938 734 ἀπέθανον

150 748 180 773 δὲ
195 748 225 774 οὺ
243 748 364 781 πλείονες
378 750 434 778 τῶν
450 752 607 786 τριάκονν..
623 754 678 780 Καὶ
698 753 820 789 χαίρετε,
839 751 861 781 ὧ
888 754 933 789 φί-

988 297 1119 329 septlma.
1138 296 1176 323 Ex
1197 296 1296 324 Turcis
1313 298 1424 332 quidam
1438 298 1611 325 vnlneratiet
1635 301 1697 327 caesi
1719 305 1782 328 sunt

988 348 1071 375 supra
1086 335 1162 369 mille
1178 349 1185 374 ;
1200 349 1233 369 ex
1245 343 1359 376 nostris,
1371 348 1399 371 ut
1413 350 1508 371 verum
1525 343 1621 376 fatear,
1649 345 1782 372 vulnerati

987 392 1051 414 sunt
1064 387 1155 415 minus
1170 393 1290 422 ocntttm,
1309 389 1466 424 mortuique
1491 398 1545 417 non
1574 391 1666 425 plures
1698 399 1779 425 quam

987 432 1108 467 triginta.
1120 433 1153 460 Et
1166 434 1290 469 gaudete,
1303 442 1319 462 0
1335 436 1432 462 amici!
1449 436 1565 471 gaudete
1579 441 1633 462 tum
1649 436 1684 463 ob
1716 437 1783 462 libe-

988 479 1122 506 rationem
1138 480 1225 513 urbis,
1240 485 1295 508 tum
1312 481 1347 508 ob
1370 482 1580 516 generositatem
1604 482 1779 516 imperterri-

993 528 1048 551 tam
1065 524 1262 560 Romanorum,
1275 531 1330 554 tum
1345 527 1381 554 ob
1394 528 1483 555 modis
1496 528 1626 555 omnibus
1643 528 1783 554 admiran-

992 571 1056 598 dum
1075 572 1268 600 sanctissimae
1285 572 1406 610 Virginis
1422 574 1596 601 miraculum.
1621 573 1697 601 llanc
1725 574 1783 600 latt-

991 618 1065 650 date,
1077 619 1141 646 huic
1156 619 1269 654 gloriam
1283 619 1375 653 dicite,
1391 625 1418 647 et
1430 620 1546 656 hymnos
1560 620 1661 654 gratias
1672 627 1784 655 agentes

991 665 1117 692 conficite
1132 673 1181 700 pro
1206 666 1326 693 maximo
1353 671 1456 694 nostrae
1481 667 1652 694 liberationis
1688 673 1782 700 opere.

989 717 1070 744 quam
1086 710 1227 738 consecuti
1244 719 1341 739 sumus
1358 720 1373 739 a
1388 712 1514 746 gloriosa~
1534 719 1698 746 semperque
1721 710 1782 736 Vir-

989 755 1051 788 gine
1064 760 1148 782 matre
1160 755 1268 782 Domini
1283 760 1311 783 et
1328 756 1372 784 Dei
1387 760 1414 783 et
1430 755 1581 784 Salvatoris
1614 755 1678 782 Jesu
1704 753 1784 780 Chri-

151 793 203 824 λοι,
219 795 328 829 χαίρεέ
343 797 374 822 τὸ
389 797 439 832 μὲν
454 797 502 833 τὴν
516 798 673 834 ἐλευθερίαν
694 800 744 835 τῆς
764 800 879 833 πόλεως,
901 801 930 827 τὸ

989 801 1015 833 Ii,
1032 801 1076 828 cui
1094 802 1129 828 sit
1148 801 1234 837 gloria
1247 801 1274 828 in
1290 803 1400 829 saecula.
1416 803 1514 829 Amen.

151 840 181 866 δὲ
196 841 250 869 τῶν
258 841 404 877 Ῥωμαῖων
415 846 446 871 τὸ
462 847 586 879 γενναῖον
601 847 648 873 καὶ
664 847 889 884 ἀκατάπληκτον,
909 849 939 875 τὸ
951 848 980 875 δὲ
993 849 1022 875 τὸ
1040 848 1254 884 πανθαύμαστον
1269 849 1362 885 θαῦμα
1375 850 1425 885 τῆς
1442 851 1593 884 Παναγιας,
1609 850 1655 877 καὶ
1679 848 1783 882 ταύτην

152 888 303 923 ὑμνήσατα,
323 890 529 926 δοξοληγήσατε,
555 894 601 920 καὶ
630 894 730 929 ὕμνους
745 895 976 931 εὐχαριστηρίους
995 896 1178 930 ἀναπέμψατε
1195 898 1235 928 εις
1269 897 1299 924 τὸ
1337 897 1466 933 μέγιστον
1499 897 1580 932 ἔργον
1609 897 1658 930 τῆς
1675 896 1787 923 ἑλιυοεῖ

153 933 224 969 μίας,
246 933 280 970 ἧς
304 938 526 973 εὐεργετήοημεν
548 941 625 976 παρὰ
646 941 697 976 τῆς
723 941 827 974 ἐνδόξου
841 943 886 969 καὶ
901 942 1083 977 ἁειπαρθένου
1096 943 1208 978 Μητρὸς
1221 943 1268 971 τοῦ
1285 943 1403 980 Κυρίου,
1421 945 1470 971 καὶ
1486 942 1566 976 Θεοῦ,
1584 943 1633 970 καὶ
1652 941 1782 975 Σωτῆρος

150 981 229 1015 ἡμῶν
268 983 355 1018 Ἰησοῦ
385 985 516 1020 Χριστοῦ.
545 987 624 1022 Αὐτῷ
655 989 671 1023 ἡ
694 988 758 1021 δόξα
785 990 826 1020 εἰς
847 989 910 1020 τοὺς
930 988 1047 1020 αἰῶνας.
1071 989 1170 1024 Ἀμήν.

159 1066 1783 1091 mm

769 1155 855 1177 ANNO
882 1155 947 1177 Ι)οΠ
953 1154 1000 1176 IN!
1028 1155 1114 1178 MCD-X
1119 1155 1168 1177 XV.

398 1240 776 1356 MANllllh
904 1239 1550 1356 P‘llldlillldltills

638 1497 889 1543 NOTITIA
945 1497 1295 1542 HISTOBICA.

501 1594 590 1626 (Henr.
603 1593 714 1618 \Varton.
733 1593 756 1617 in
773 1592 898 1624 supplem.
924 1593 954 1617 ad
975 1594 1039 1619 Cave
1054 1594 1183 1624 Descript.
1196 1593 1281 1619 εει-[ει.
1296 1595 1357 1625 ’pag.
1379 1595 1431 1625 52.)

953 1679 989 1686 -ο

187 1744 291 1771 Mamth
307 1743 327 1771 Il
342 1743 523 1779 Palteologus,
545 1743 658 1771 Joannis
674 1743 694 1770 V
709 1743 850 1779 Palmologi
878 1744 944 1778 imp.
960 1743 1031 1771 titius
1041 1749 1106 1771 natu
1121 1745 1229 1778 tertius,
1242 1744 1388 1779 imperium
1404 1752 1466 1772 rara
1480 1751 1543 1780 erga
1556 1748 1661 1779 patrem
1675 1746 1779 1781 pictato

150 1792 262 1819 meruit.
279 1791 346 1818 Cum
363 1789 481 1818 Joannes
493 1791 564 1817 enim
580 1795 656 1824 pater
668 1798 740 1817 anno
758 1789 869 1818 etrciter
886 1790 964 1820 1580.
983 1790 1110 1824 praefecto
1128 1791 1366 1826 Constantinopoli
1382 1791 1540 1819 Andronico
1557 1792 1614 1819 filio
1629 1797 1694 1820 natu
1714 1801 1774 1820 na-

151 1839 236 1870 aimo,
254 1839 280 1865 in
296 1837 471 1866 Occidentem
488 1837 718 1872 proficisceretur,
735 1841 764 1865 ut
779 1838 902 1865 subsidia
918 1846 931 1863 a
947 1837 1110 1865 Christianis
1128 1838 1302 1873 principibus
1317 1838 1450 1866 adversus
1465 1839 1686 1873 ingravescentes
1708 1839 1778 1866 Τατ-

149 1892 246 1912 corum
264 1886 336 1912 vires
360 1885 545 1918 conquireret,
562 1887 589 1911 et
606 1884 677 1911 inter
691 1884 858 1911 redeundum
878 1883 998 1911 Venetiis
1014 1892 1029 1911 a
1043 1885 1242 1912 mercatoribus
1263 1885 1298 1912 ob
1317 1885 1473 1912 usurariam
1488 1885 1632 1919 pecuniam
1650 1885 1775 1913 nondum

151 1934 306 1961 exsolutam
322 1933 501 1966 detineretur,
518 1933 703 1965 Andronicus.
724 1933 757 1961 de
773 1934 891 1968 imperio
906 1941 1030 1965 securus,
1048 1934 1134 1968 patris
1154 1934 1339 1968 captivitatem
1353 1934 1379 1960 in
1395 1934 1457 1961 sinu
1474 1934 1552 1962 risit:
1573 1934 1682 1962 Manuel
1706 1943 1782 1967 vero,

150 1980 272 2008 corrasis
287 1987 301 2006 e
312 1980 472 2015 praefectura
485 1988 533 2007 sua
548 1979 785 2008 Tltessalonicensi
801 1980 933 2015 pecuniis,
952 1979 1078 2007 Venetias
1091 1981 1258 2014 properavit,
1273 1985 1302 2007 ct
1313 1981 1458 2015 expunctis
1473 1985 1655 2008 mercatorum
1679 1981 1780 2009 tabulis

150 2033 255 2064 patrem
273 2029 398 2056 redemit.
426 2028 574 2056 Andronici
595 2028 697 2056 scelere
724 2028 924 2061 incarceratus,
940 2028 1072 2055 Manut-lis
1096 2029 1196 2067 pietate
1221 2029 1354 2056 liberatus
1373 2028 1493 2057 Joannes
1509 2029 1576 2064 imp.
1592 2049 1600 2061 ,
1617 2029 1692 2056 illum
1714 2038 1776 2058 cum

149 2075 256 2104 Joanne
273 2075 328 2103 l‘tlio
343 2075 535 2107 exhaeredavit,
553 2075 634 2102 istum
651 2075 757 2109 itnperii
775 2081 963 2102 successorem
993 2075 1045 2101 s’bi
1063 2079 1172 2102 mortuo
1192 2075 1357 2109 designavit,
1378 2077 1483 2103 socium
1513 2077 1564 2103 sibi
1589 2077 1651 2104 vivo
1682 2078 1782 2104 ascivit

152 2131 225 2151 anno
237 2124 344 2152 circiter
356 2123 434 2152 1584.
453 2123 636 2155 Andronicus,
648 2123 783 2157 ejusmodi
796 2123 944 2157 ignominia
962 2123 988 2150 in
1005 2123 1107 2150 rabiem
1123 2128 1210 2155 actus,
1227 2125 1260 2150 ad
1274 2123 1425 2158 Bajazctem
1442 2125 1595 2152 Tttrcorutn
1609 2132 1699 2158 regem
1715 2133 1782 2152 cou-

151 2169 240 2205 fugit;
253 2175 280 2198 et
291 2171 376 2205 copiis
392 2170 465 2197 illius
478 2170 658 2197 auxiliaribus
674 2169 794 2203 adjutus,
811 2169 1076 2204 Constantinopolim
1088 2175 1236 2205 capugnat,
1251 2174 1356 2205 patrem
1376 2171 1544 2206 fratremque
1559 2172 1663 2198 carceri
1677 2173 1781 2198 manci-

152 2223 209 2254 pat,
226 2223 253 2246 et
267 2218 409 2253 imperium
423 2218 538 2245 invadit.
559 2218 659 2244 Emeto
678 2218 705 2244 in
717 2225 827 2244 carcere
843 2217 961 2244 triennio
972 2217 1092 2245 Joannes
1110 2223 1137 2244 ct
1151 2218 1256 2245 Manuel
1278 2219 1348 2245 filius
1362 2220 1430 2246 salvi
1447 2219 1579 2251 evadunt,
1593 2224 1619 2246 et
1643 2219 1777 2254 Bajazetis

151 2267 273 2302 tyranni,
287 2266 444 2294 Andronico
459 2266 620 2300 jamdudum
644 2265 801 2293 infensioris
822 2265 896 2297 facti,
916 2266 1007 2293 favore
1016 2271 1044 2293 et
1058 2266 1166 2294 auxiliis
1179 2266 1234 2299 usi,
1252 2267 1394 2301 imperium
1412 2272 1588 2302 recuperarit,
1602 2272 1629 2294 et
1642 2267 1780 2294 Androni—

151 2324 215 2344 cum
232 2316 258 2342 in
277 2322 413 2342 carcerem
432 2319 593 2350 perpetuum
611 2314 801 2341 abducendum
811 2313 909 2341 Turcis
921 2314 1106 2342 committunt.
1119 2316 1197 2342 Anno
1216 2315 1281 2343 1591
1297 2315 1429 2343 defuncto
1442 2315 1548 2343 Joanne
1565 2319 1651 2350 patre,
1671 2314 1780 2342 Manucl

153 2363 229 2391 solus
248 2361 377 2396 deinceps
394 2369 508 2397 regnare
524 2360 623 2395 etrapit:
639 2368 757 2395 cumque
773 2360 880 2395 imperii
892 2360 1060 2394 maiestatem
1078 2361 1210 2389 adversus
1228 2361 1362 2396 Bajazetis
1374 2361 1503 2388 ferociam
1517 2365 1676 2388 constanter
1688 2366 1781 2388 tuere-

153 2414 208 2442 tur,
222 2409 397 2437 decennalem
412 2408 504 2436 statim
523 2409 604 2443 regiaa
615 2408 690 2436 urbis
706 2407 877 2435 obsidionem
892 2414 989 2441 passus
1002 2412 1053 2435 est.
1071 2407 1129 2442 Ipse
1145 2408 1221 2435 urbis
1236 2416 1301 2435 cura
1316 2408 1529 2442 defensioneque
1545 2406 1657 2439 Joanni,
1670 2408 1779 2435 Andro-

154 2458 208 2485 nici
221 2457 315 2485 fratris
330 2457 396 2489 filio,
409 2456 569 2494 commissa,
584 2457 612 2484 in
622 2455 799 2484 Occidentem
813 2460 928 2490 paterno
940 2456 1065 2490 exemplo
1081 2456 1202 2484 subsidia
1218 2464 1232 2483 a
1250 2456 1352 2483 Latinis
1367 2456 1565 2490 impetraturos
1583 2455 1692 2490 navigat
1705 2465 1712 2488 ;
1731 2463 1780 2490 pa-

154 2510 232 2532 terno
247 2504 329 2531 etiam
344 2503 495 2531 infortunio
510 2511 586 2530 usus.
597 2503 745 2538 Postquam
759 2502 833 2530 enim
851 2501 968 2534 Italiam,
980 2502 1108 2534 Galliam,
1125 2502 1261 2538 Angliam,
1276 2502 1451 2530 Germaniam
1467 2507 1493 2529 et
1510 2501 1679 2530 Pannoniam
1696 2510 1778 2536 pera-

155 2557 270 2587 grasset,
295 2552 561 2588 Constantinopolim
585 2552 696 2579 demum
719 2550 855 2578 reinfecta
881 2551 973 2578 rediit.
992 2551 1148 2586 Desperatis
1165 2551 1221 2578 fere
1242 2551 1324 2578 rebus
1339 2550 1654 2586 Constantinopolitanis
1669 2550 1782 2577 aliunde

154 2599 241 2627 eluxit
255 2599 340 2627 salus.
355 2598 516 2627 Tamerlane
529 2599 603 2626 enim
619 2598 798 2626 Tartarorum
817 2598 939 2633 principe
958 2598 991 2626 ad
1009 2599 1151 2633 suppetias
1165 2597 1282 2624 Manueli
1306 2597 1433 2625 fct'oudas
1451 2605 1513 2625 cutn
1530 2597 1633 2632 ingenti
1651 2596 1775 2624 exercitu

153 2645 307 2678 advolante,
323 2646 460 2679 Bajazetes
471 2653 544 2673 anno
559 2645 625 2673 1401
642 2645 814 2674 obsidionem
829 2644 922 2677 solvit,
933 2649 961 2673 et
971 2645 1120 2673 commisso
1135 2652 1208 2672 anno
1222 2645 1347 2680 sequenti
1359 2653 1421 2671 cum
1440 2645 1565 2672 Tartaris
1584 2644 1676 2679 praelio
1691 2644 1781 2672 vinci-

155 2697 199 2721 tur
215 2701 247 2720 ac
260 2694 382 2727 captivus
398 2693 552 2721 abducitur.
567 2693 674 2720 Manuel
689 2693 828 2720 exstincto
842 2697 958 2728 tyranno
975 2697 1134 2727 perpetuam
1150 2700 1211 2720 cum
1226 2692 1380 2720 Maltomcto
1400 2692 1461 2727 ejus
1474 2692 1531 2719 filio
1549 2699 1645 2726 pacem
1660 2692 1721 2719 iniit
1734 2701 1742 2719 τ
1755 2696 1782 2719 ct

155 2741 297 2775 imperium
311 2740 439 2775 deinceps
454 2748 569 2768 securus
589 2740 686 2767 tenuit.
706 2739 790 2771 Obiit.
807 2740 846 2767 uti
865 2739 972 2771 volunt,
993 2746 1065 2766 anno
1082 2739 1159 2773 Mlti,
1187 2739 1287 2767 rectius
1304 2746 1369 2767 vero
1384 2739 1463 2772 1425,
1480 2741 1624 2773 postquam
1640 2738 1717 2767 senio
1734 2739 1781 2766 der

156 2786 220 2816 bilis
233 2787 339 2822 imperii
352 2787 504 2822 lampadem
519 2787 619 2815 Joanni
636 2787 690 2815 fllio
703 2794 774 2815 anno
792 2787 858 2814 1119
875 2785 1043 2814 tradidisset.

956 2878 988 2885 ,-
