1929 3087
138 145 176 175 93

566 148 705 180 ORATIO
725 148 768 179 IN
790 147 1062 181 DORMITIONEM
1085 148 1135 179 SS.
1160 147 1348 178 DEIPABE.

1723 143 1756 173 tit

139 195 224 227 dixit,
244 195 392 223 laudationi
412 195 540 231 imposuit
558 196 723 224 coronidem.
755 197 817 224 Haec
852 197 921 224 enim
934 199 959 226 A
981 197 1105 232 produxit
1121 206 1135 224 e
1148 198 1241 224 nihilo.
1263 198 1302 224 Tu
1320 206 1383 224 vero
1403 207 1462 225 cum
1478 199 1529 226 illis
1554 201 1586 227 de
1613 201 1752 229 tiOlLililale

138 247 236 267 revera
251 245 292 267 est
308 248 413 268 summa
433 242 619 269 encomiorum
633 262 641 274 ,
665 250 842 277 quascumque
867 249 923 269 non

138 285 226 312 modo
239 285 330 320 lingua
348 287 499 318 hominum,
520 288 566 315 sed
582 289 703 322 ipsorum
720 296 829 323 quoque
846 289 879 316 de
896 293 921 316 te

137 329 265 362 proferat
279 332 447 363 angelorum.
466 331 536 365 Quid
553 333 625 360 enim
643 334 675 360 ad
691 333 799 360 laudem
815 337 920 360 tantum

137 375 225 406 valet,
237 382 368 410 quantum
385 385 505 406 asserere
519 379 605 413 ipsam
622 383 648 405 te
667 379 822 407 Divinitatis
845 380 918 406 nam.

137 429 214 447 mam
229 423 383 457 suscepisse
401 428 498 455 utero,
525 429 552 451 et
578 425 732 459 purissimae
757 425 830 452 illius
855 425 923 452 lucis

136 474 224 501 supra
237 476 332 495 omnes
344 476 483 498 creaturas
501 476 651 505 compotem
675 471 773 499 factam
787 491 794 503 ,
818 472 920 498 nullum

137 517 233 540 tamen
261 514 324 541 inde
350 515 542 543 detrimentum
567 517 694 552 passam?
719 517 787 550 Quid
815 518 921 544 tandem

136 559 233 590 fuerit,
248 561 320 594 quod
336 561 414 595 longe
429 562 541 589 inferius
559 571 611 589 non
628 563 682 590 sit?
701 563 791 595 Quare
807 563 924 597 appella-

134 604 214 631 tione
230 605 280 631 hac
301 606 378 639 quasi
394 607 512 640 generali
525 608 642 641 quodam
659 608 751 638 titulo,
764 615 826 634 cum
840 607 921 634 animi

134 651 264 678 studium
280 657 306 680 et
319 652 486 680 voluntatem
504 655 570 681 satis
589 654 818 680 declaraverimus
834 674 840 685 ,
860 661 922 687 spe-

132 696 256 724 cialibus
280 706 334 725 non
359 697 525 725 abutendum
554 699 736 726 arbitramur:
771 699 820 726 hoc
850 699 921 725 enim

134 742 220 777 plane
234 748 308 771 esset
335 744 537 777 existimantis,
561 745 695 779 perveniri
721 745 815 772 saltem
842 752 922 778 posse

133 794 223 820 prope
239 788 276 818 id.
295 791 368 822 quod
388 790 529 821 condecet,
550 797 611 816 cum
624 797 674 817 nec
694 790 751 816 ﬁeri
767 789 862 824 possit,
873 796 922 816 nec

132 839 151 856 a
167 834 266 859 mentis
286 841 359 860 sanie
375 835 431 861 viro
446 835 550 869 sperari
561 855 568 865 .
586 836 698 870 perinde
725 843 756 862 ac
772 835 794 862 si
811 836 871 870 quis
887 835 919 861 ad

131 878 361 912 restinguendam
378 881 642 908 vehementissimam
663 881 747 913 sitim,
774 889 826 914 qua
861 889 920 906 rna-
936 871 960 900 B

132 922 211 949 xime
235 929 414 958 premeretur,
433 926 609 960 persuaderet
623 927 685 957 sibi,
699 934 778 961 posse
793 926 921 953 facillime

131 975 237 1001 aquam
254 977 361 997 onmem
392 971 538 998 exhaurire
547 972 704 1006 potabilem,
717 977 744 998 et
755 972 868 1006 proinde
879 972 921 998 in-

131 1017 230 1046 tegros
247 1013 400 1047 Euphrates
422 1019 449 1042 et
465 1016 560 1050 Tigres
581 1017 775 1050 aggrederetur
802 1017 921 1043 ebibere.

128 1056 207 1083 Nam
223 1065 273 1084 nec
293 1058 337 1084 ille
351 1060 450 1086 mentis
468 1067 580 1094 compos
607 1061 754 1087 haberetur
770 1068 783 1086 a
795 1061 923 1094 sapienti-

128 1101 202 1132 bus,
218 1109 266 1129 nec
280 1102 330 1136 ipsi
346 1104 368 1130 si
386 1104 626 1131 vehementissimo
642 1113 705 1139 erga
717 1109 743 1131 te
759 1105 920 1132 insanientis

132 1147 223 1173 animi
244 1147 334 1175 studio
352 1149 486 1183 compulsi
507 1150 627 1176 laborem
641 1150 806 1180 subiremus,
825 1150 870 1183 qui
886 1149 920 1176 ad

135 1192 220 1219 finem
235 1193 345 1226 perduci
363 1201 414 1220 non
429 1199 526 1228 potest,
546 1196 636 1222 conati
651 1195 775 1222 videlicet
792 1196 920 1230 hymnum

134 1239 194 1264 tuis
213 1238 314 1265 meritis
342 1240 550 1273 respondentem
575 1240 682 1267 oﬂ'erre.
699 1239 764 1266 Nam
789 1241 858 1267 sicut
877 1248 921 1266 ve-

134 1283 230 1310 cordis
245 1289 317 1311 esset
334 1285 461 1312 arbitrari
487 1285 633 1313 lucidiores
653 1286 708 1312 ﬁeri
732 1286 822 1312 radios
851 1285 906 1312 mnl

136 1333 228 1355 tarum
246 1337 296 1363 ope
309 1330 494 1363 lucernarum,
510 1336 556 1357 aut
572 1332 734 1358 immensum
745 1332 796 1358 hoc
809 1332 920 1364 pelagus

139 1372 225 1399 unius
251 1378 335 1410 gutta:
351 1375 504 1408 adiectione
519 1375 621 1409 augeri,
637 1375 764 1402 similiter
779 1380 806 1402 et
824 1376 919 1402 conari

137 1417 265 1444 laudibus
281 1423 315 1448 te,
331 1417 425 1453 Virgo,
443 1419 573 1445 extollere
589 1427 635 1446 vos
650 1420 783 1446 donorum
797 1420 918 1446 omnium

137 1462 293 1489 divinorum
312 1463 432 1497 plenum,
448 1468 576 1497 tantaque
589 1465 761 1491 sublimatam
775 1465 917 1499 dignitate,

137 1513 169 1534 ut
183 1516 241 1535 eam
257 1509 297 1535 vel
312 1508 410 1544 lingere
425 1510 499 1536 nulla
513 1518 590 1536 ruens
606 1511 708 1543 possit:
725 1511 859 1544 siquidem
875 1511 917 1537 in-

138 1554 388 1588 circumscriptum,
400 1555 482 1581 nullis
491 1561 645 1582 contentum
658 1556 765 1590 spatiis,
774 1556 907 1583 iuaccessi
938 1559 960 1589 ί]

138 1597 220 1625 bilem
238 1599 289 1633 ipsi
305 1599 385 1626 etiam
403 1604 508 1627 natura:
521 1601 654 1634 spirituali
671 1620 677 1630 ,
707 1605 849 1635 postquam
866 1601 920 1628 cir-

139 1645 310 1678 cumscripto
343 1649 389 1671 tuo
403 1649 479 1672 utero
493 1646 577 1673 voluit
589 1646 790 1677 circumscribi,
805 1646 920 1673 cireum-

139 1689 269 1723 seriptum
293 1691 398 1717 eﬂicere
415 1691 539 1725 potuisti,
556 1695 583 1718 et
605 1692 693 1725 spatio
710 1695 877 1723 contentum,
894 1696 921 1719 et

139 1736 328 1763 accessibilem
353 1735 400 1762 tibi
432 1737 581 1764 secundum
616 1737 792 1771 hypostasim.
817 1737 919 1770 Captus

139 1781 211 1808 enim
227 1785 269 1808 est
287 1781 335 1817 (ut
351 1782 386 1807 ita
400 1782 488 1808 dicam
503 1783 510 1811 )
527 1782 624 1808 anitme
640 1787 692 1809 ture
706 1783 918 1816 pulchritudine,

140 1828 185 1863 qui
199 1835 252 1854 non
283 1827 406 1861 subjacet
431 1827 572 1854 alfectibns
595 1829 697 1861 animi,
728 1833 754 1854 et
774 1830 920 1856 conclusus

140 1873 228 1907 spatio
242 1877 282 1900 est
298 1873 323 1900 in
343 1878 378 1905 te,
392 1873 437 1906 qui
452 1874 535 1900 nullis
551 1874 701 1900 includitur
717 1875 841 1902 terminis
856 1895 862 1907 ,
879 1879 920 1901 te-

140 1926 192 1953 que
206 1927 317 1946 suornm
333 1919 466 1946 donorum
484 1919 548 1946 fecit
560 1920 731 1950 thesaurum,
748 1924 775 1946 et
797 1928 918 1954 promam

141 1963 266 1989 condam.
281 1963 336 1990 lloc
348 1969 373 1990 te
388 1963 558 1998 mysterium,
575 1969 604 1990 ut
618 1973 677 1998 quae
690 1965 774 1991 nullis
785 1968 917 1991 arctatum

143 2007 264 2034 terminis
280 2011 357 2034 utero
372 2008 530 2041 suscepisti,
547 2013 573 2034 et
590 2008 735 2035 Cherubim
753 2009 814 2035 fecit
831 2009 918 2036 hono—

142 2050 307 2083 rabiliorem,
320 2056 347 2078 et
362 2051 504 2086 Seraphim
521 2053 708 2085 gloriosiormn
723 2073 729 2084 ,
753 2054 792 2080 vel
808 2061 920 2087 compa-

143 2097 246 2124 ratione
261 2097 320 2131 ipsa
340 2097 410 2124 haud
428 2097 509 2124 facili.
525 2097 591 2124 Nam
612 2103 742 2132 quantum
769 2099 838 2125 inter
865 2099 920 2133 ειυς

143 2142 208 2168 riam
227 2148 313 2172 tuam,
326 2150 517 2177 summumque
531 2145 688 2177 angelorum
704 2144 824 2170 ordinem
836 2144 919 2170 inter-

144 2187 190 2219 sit,
205 2187 281 2214 Solus
298 2187 403 2213 noverit
418 2187 498 2218 Deus,
513 2193 620 2222 captum
636 2195 697 2214 vero
720 2190 864 2215 humanum
880 2189 920 2216 fu-

143 2231 179 2265 git
192 2231 314 2263 Omnino,
328 2231 394 2257 adeo
410 2231 535 2265 superior
553 2239 582 2258 es
603 2233 728 2258 universa
746 2239 841 2258 natura
863 2233 920 2265 spi-

144 2277 253 2301 rituum.
270 2275 358 2302 Taceo
371 2276 442 2302 enim
459 2283 544 2309 genus
562 2281 685 2303 nostrum
710 2278 822 2303 mortale
836 2298 843 2307 ,
858 2284 919 2321 cum

144 2322 196 2348 Deo
208 2322 245 2347 sis
270 2321 403 2355 proxima,
426 2321 544 2355 nihilque
559 2322 748 2349 intermedium
764 2322 837 2349 sinas
851 2320 920 2349 inter

145 2373 168 2393 te
183 2371 312 2400 tuumque
329 2366 426 2394 Filium
442 2387 448 2399 ,
461 2367 532 2400 quod
547 2367 781 2394 demonstratione
801 2368 852 2392 ulla
878 2368 920 2394 in-

144 2412 232 2445 digere
249 2419 302 2438 non
318 2412 445 2437 arbitror.
458 2410 524 2437 Nam
539 2412 561 2437 si
583 2416 609 2437 tu
628 2419 678 2437 una
703 2419 766 2437 cum
795 2411 863 2437 Filio
889 2420 917 2438 es

146 2456 206 2490 (qui
219 2456 290 2482 enim
308 2456 421 2490 aliter?)
436 2457 480 2482 ille
493 2464 555 2482 vero
579 2464 640 2483 cum
664 2456 743 2482 Patre
755 2476 761 2486 ,
790 2461 816 2482 et
839 2456 921 2482 Para-

146 2499 224 2532 clyto,
239 2498 322 2531 liquet
337 2507 396 2525 esse
411 2498 458 2524 tibi
476 2498 562 2524 locum
579 2500 648 2532 apud
665 2499 734 2530 illos,
748 2506 802 2532 quo
830 2499 920 2526 nullus

145 2543 177 2569 sit
191 2543 317 2577 dignior;
333 2551 417 2577 quare
430 2548 456 2570 et
469 2543 598 2569 inell'abili
615 2543 720 2570 illorum
748 2545 838 2578 gloria:
861 2549 921 2570 tati-

146 2591 196 2613 tam
211 2588 293 2614 liabes
309 2582 486 2617 viciiiitatcm,
503 2594 631 2621 quautam
650 2596 698 2614 nee
716 2589 850 2615 maximus
864 2597 920 2616 ca:-

147 2633 250 2658 lcstiunt
266 2632 395 2658 mentium
412 2632 491 2658 ordo.
505 2631 579 2658 lianc
596 2640 675 2666 porro
689 2637 811 2659 assecuta
830 2640 859 2659 es
873 2653 879 2664 ,
903 2641 920 2659 o

148 2677 326 2707 immaculata,
345 2685 453 2711 propter
479 2677 625 2704 voluntatis
652 2683 703 2703 tua:
728 2678 918 2711 propositum,

147 2730 201 2755 qua:
216 2723 295 2749 etiam
317 2724 435 2749 ostendit
451 2728 573 2749 naturain
588 2727 683 2756 suapte
707 2727 800 2756 sponte
823 2723 920 2757 perha-

149 2767 222 2792 lulem
239 2768 270 2792 ad
289 2775 383 2794 revera
399 2769 507 2794 bonum.
526 2767 654 2794 Naturam
671 2769 743 2795 enim
765 2778 825 2797 csse
842 2779 922 2804 auge-

149 2812 179 2843 lts
193 2814 358 2848 superiorem
383 2814 420 2841 illi
443 2815 495 2841 soli
524 2815 668 2848 convenit,
695 2816 740 2850 qui
766 2817 922 2845 universum

982 247 1086 271 naturae
1102 251 1269 278 nequaquam
1285 245 1429 271 certaveris
1440 266 1446 275 ,
1465 253 1567 272 memor
1586 246 1644 280 ejus
1657 269 1663 277 ,
1681 249 1754 281 quod

979 297 995 316 a
1015 293 1062 316 tuo
1073 297 1172 323 proavo
1183 291 1282 316 dictum
1297 296 1339 316 est
1353 291 1387 317 de
1412 291 1551 318 Salvatore
1573 297 1676 324 nostro,
1692 301 1754 318 cum

980 333 1064 362 solam
1089 335 1116 361 in
1136 342 1168 361 eo
1191 336 1331 362 mortalem
1356 341 1458 370 partem
1474 338 1658 364 consideraret
1676 347 1681 364 :
1703 338 1755 363 Mi-

978 381 1056 407 nuisli
1066 389 1122 407 eum
1133 382 1212 413 paulo
1225 383 1308 408 minus
1322 383 1354 408 ab
1368 383 1465 417 angelis
1479 382 1571 415 (Hebr.
1584 391 1613 414 ll,
1625 384 1640 408 7
1650 385 1670 416 ι,
1689 391 1757 416 quo-

978 433 1038 452 rum
1055 426 1087 451 ab
1104 427 1182 453 initio
1197 431 1292 453 natura
1308 427 1415 465 condita
1441 427 1490 454 fuit
1515 429 1686 454 immortalis.
1701 428 1759 454 Ca»

979 476 1065 506 terum
1088 471 1159 504 quod
1185 471 1279 498 attinet
1306 473 1338 498 ad
1365 473 1476 506 gloriam
1507 479 1534 499 et
1561 473 1730 507 splendorem
1747 494 1755 504 ,

978 523 1055 548 quem
1074 515 1156 542 habes
1171 517 1197 543 in
1219 517 1284 548 Deo,
1299 524 1490 551 summumque
1502 518 1528 544 in
1545 523 1570 544 te
1583 518 1755 549 miraculum,

977 559 1039 586 licet
1059 561 1258 588 modestissima
1275 563 1312 589 sis
1329 583 1336 594 ,
1364 563 1417 589 illis
1434 571 1603 597 nequaquam
1617 562 1732 590 cesseris
1746 572 1755 588 :

978 613 1038 632 nam
1057 607 1078 632 si
1092 608 1153 640 quis
1167 608 1214 634 tibi
1231 608 1354 635 conferre
1363 609 1427 636 velit
1447 610 1616 636 substantias
1631 609 1756 642 corporis

977 657 1110 685 expertes,
1130 652 1246 680 inveniet
1263 654 1308 687 (ut
1325 654 1424 681 Paulus
1439 654 1545 688 inquit)
1565 662 1612 681 eas
1626 662 1687 681 esse
1710 654 1758 681 ad-

979 696 1192 724 ministratorios
1205 698 1325 731 spiritus,
1342 699 1386 732 qui
1402 698 1433 724 ad
1448 699 1625 726 ministerium
1641 698 1756 724 mittun‘

979 746 1033 773 tur,
1044 746 1152 776 propter
1163 750 1219 772 eos,
1232 743 1277 777 qui
1293 743 1473 770 haireditatcm
1487 745 1591 777 capient
1610 744 1721 770 salutis:
1733 748 1760 770 te

978 791 1067 814 autem
1084 809 1091 820 ,
1112 796 1128 814 o
1142 787 1223 822 Virgo
1238 808 1245 820 ,
1272 789 1462 823 primitiarum,
1481 793 1507 815 et
1527 789 1757 815 reconciliationis

979 834 1032 860 vim
1054 835 1220 862 obtinentetn
1233 835 1302 869 apud
1317 842 1390 867 eum,
1412 835 1457 869 qui
1472 834 1597 868 primitiae
1615 838 1641 860 et
1663 841 1757 863 recon—

979 879 1082 906 ciliatio
1095 885 1136 906 est
1155 880 1226 914 apud
1242 888 1321 906 suum
1346 879 1452 906 Patrem
1483 881 1600 905 humano
1621 878 1757 905 infensum

979 925 1081 959 generi.
1094 926 1128 952 ob
1147 926 1272 959 iniuriam
1286 925 1524 960 praevaricationis.
1553 924 1585 951 Ut
1599 925 1670 951 enim
1689 924 1756 958 ipse,

978 970 1040 1003 quia
1059 969 1155 1001 Filius,
1172 971 1242 1004 apud
1258 970 1412 997 Genitorem
1430 970 1594 1004 propitiatio,
1618 975 1644 996 ιιι
1659 970 1758 1003 pariter

979 1015 1048 1048 apud
1068 1015 1156 1049 ipsntn
1183 1020 1277 1049 utpote
1296 1015 1429 1042 Geuitrix.
1452 1015 1559 1047 Quanto
1586 1016 1666 1049 igitur
1690 1022 1757 1048 pra:-

980 1060 1096 1087 stanlius
1112 1061 1161 1086 hoc
1175 1068 1215 1086 est
1229 1061 1337 1086 illorum
1355 1061 1452 1093 ofﬁcio,
1469 1065 1544 1086 tanto
1560 1065 1587 1086 ιιι
1604 1061 1666 1086 illis.
1683 1060 1757 1091 Qua-

981 1107 1092 1136 propter
1107 1103 1209 1136 optimo
1224 1104 1338 1130 consilio
1354 1108 1470 1130 tuentem
1487 1112 1517 1129 ac
1539 1105 1657 1137 linguam
1674 1103 1759 1129 conti-

980 1155 1044 1174 nere
1058 1148 1177 1179 decrevi,
1194 1156 1254 1181 quae
1271 1149 1302 1175 ad
1313 1148 1459 1175 nectendas
1476 1149 1569 1175 laudes
1580 1149 1702 1182 prosilire
1713 1156 1758 1174 ca-

980 1198 1053 1224 vent,
1068 1197 1095 1219 et
1112 1192 1201 1219 favent
1214 1194 1245 1219 ad
1262 1194 1311 1219 hoe
1329 1193 1393 1220 mihi
1415 1194 1575 1225 luculenter,
1595 1193 1640 1226 qui
1657 1201 1671 1219 a
1685 1193 1758 1226 priu-

980 1237 1050 1271 cipio
1066 1245 1153 1272 usque
1169 1238 1257 1264 adhuc
1275 1238 1394 1272 egregias
1420 1238 1468 1265 tibi
1493 1243 1689 1265 contexuerunt
1709 1245 1758 1263 en—

980 1283 1130 1310 comiorum
1143 1291 1269 1311 coronas.
1283 1283 1371 1310 Taceo
1392 1284 1547 1318 angelorum
1572 1284 1691 1315 ordines,
1711 1283 1756 1316 qui

981 1328 1046 1355 mihi
1063 1328 1189 1356 videntur
1209 1329 1432 1362 prmelarissimos
1456 1329 1503 1356 tibi
1532 1329 1646 1363 hymnos
1668 1329 1757 1354 tacitis

980 1374 1126 1401 concinere
1138 1375 1271 1406 vocibus',
1297 1374 1492 1408 stnpendisrlue
1518 1374 1677 1408 praeconiis,
1699 1381 1758 1407 qute

980 1419 1135 1446 tnortalium
1147 1427 1222 1446 mens
1235 1427 1332 1453 capere
1344 1424 1500 1458 uouqucat.
1515 1419 1673 1445 inferiorum
1685 1426 1757 1444 men-

980 1465 1079 1492 tionem
1094 1465 1200 1492 faciam.
1211 1465 1324 1498 Quinam
1336 1473 1400 1492 vero
1415 1465 1473 1491 illi?
1486 1464 1635 1497 Propheta,
1647 1470 1758 1498 aposto-

979 1511 1066 1538 lorum
1093 1516 1189 1543 caelus,
1211 1511 1366 1545 pontiﬁcum
1393 1516 1526 1541 catervze,
1547 1514 1686 1536 oratorum
1712 1516 1756 1535 so—

981 1557 1184 1591 phistarumque
1201 1556 1319 1589 ipsorum
1336 1556 1363 1582 in
1385 1564 1414 1582 re
1437 1556 1588 1589 theologica
1612 1555 1757 1581 celeberri—

983 1609 1087 1628 morum
1101 1621 1107 1633 ,
1130 1605 1157 1626 et
1180 1601 1206 1626 in
1233 1600 1306 1626 omni
1324 1600 1455 1627 doctrina:
1475 1608 1572 1634 genere
1594 1601 1756 1627 eximiorum

982 1652 1035 1674 tam
1051 1650 1162 1678 nostrae,
1178 1654 1256 1679 quam
1275 1651 1464 1678 extraneae;et
1487 1647 1509 1672 si
1526 1642 1638 1672 venuste
1667 1646 1758 1672 diceti-

981 1693 1043 1719 dum
1064 1697 1104 1719 est
1123 1691 1246 1725 aliquid,‘
1260 1691 1431 1717 confcssorcs
1450 1698 1503 1716 sua:
1529 1691 1588 1717 vitm
1602 1691 1736 1717 curriculo
1749 1710 1757 1722 ,

982 1744 1113 1773 martyres
1128 1745 1173 1771 per
1188 1744 1229 1765 ea.
1245 1744 1304 1770 quis
1317 1735 1386 1768 passi
1402 1739 1475 1766 sunt,
1492 1742 1573 1761 voces
1588 1743 1619 1762 ex
1635 1743 1681 1761 ore
1698 1735 1758 1761 illo-

983 1792 1040 1810 rum
1059 1782 1184 1816 profectae
1206 1781 1293 1807 adhuc
1307 1781 1347 1807 lac
1366 1780 1518 1806 redolentes
1534 1779 1684 1806 clamabant
1703 1778 1758 1804 llo-

983 1837 1066 1855 sanna
1078 1835 1087 1854 :
1101 1829 1158 1861 ipse
1173 1827 1243 1854 inter
1269 1830 1346 1852 natos
1363 1825 1505 1852 mulierum
1522 1825 1625 1858 major,
1643 1825 1687 1858 qui
1705 1825 1758 1850 sal-

982 1875 1054 1900 tibus
1070 1873 1244 1899 Condtturem
1260 1871 1415 1902 celebravit,
1429 1870 1517 1896 adhuc
1539 1870 1642 1904 positus
1659 1870 1684 1895 in
1699 1878 1757 1895 Ina-

982 1920 1032 1946 tris
1045 1923 1132 1950 utero,
1146 1925 1208 1944 cum
1224 1917 1310 1943 oflicio
1327 1917 1424 1950 linguae
1447 1916 1484 1942 nti
1510 1923 1564 1942 non
1591 1918 1681 1949 posset
1696 1935 1703 1946 ,
1730 1919 1757 1941 et

982 1964 1136 1992 summatim
1152 1962 1279 1997 quisquis
1308 1962 1377 1988 Filio
1401 1966 1460 1988 tno-
1473 1960 1610 1994 quidpiam
1636 1960 1733 1987 obtulit
1747 1980 1754 1989 .

982 2011 1044 2037 dtiiu
1062 2010 1099 2035 illi
1113 2009 1225 2043 glorianti
1240 2008 1384 2039 tribueret,
1401 2011 1427 2034 te
1442 2014 1550 2041 quoque
1564 2006 1656 2039 gloria:
1673 2006 1756 2037 parti-

981 2056 1066 2088 cipem
1076 2053 1238 2085 declarabat,
1249 2051 1482 2087 quandoquidem
1496 2052 1528 2078 ad
1541 2055 1666 2085 parentes
1675 2050 1755 2077 etiam

982 2100 1120 2126 referenda
1139 2102 1203 2125 sunt
1218 2106 1278 2132 quae
1293 2098 1346 2123 nati
1364 2097 1472 2123 habent.
1680 2103 1683 2104 '

1015 2145 1095 2171 Certe
1112 2144 1212 2170 multos
1223 2148 1249 2169 et
1260 2143 1382 2177 egregios
1397 2143 1423 2168 in
1443 2141 1548 2168 dicendi
1572 2141 1700 2168 facultate
1716 2142 1756 2167 vi-

981 2191 1077 2217 demus
1093 2193 1229 2223 qnotquot
1252 2190 1278 2215 in
1305 2193 1412 2215 tuarum
1440 2187 1547 2213 laudum
1571 2187 1682 2220 pelagus
1695 2194 1756 2214 sese

980 2237 1122 2268 dederunt,
1137 2236 1195 2268 qui,
1216 2238 1242 2261 et
1266 2235 1367 2268 optima
1392 2233 1568 2259 dicendorum
1590 2231 1754 2264 inventione,

942 2278 962 2307 Ι)
979 2287 1005 2308 et
1037 2282 1174 2307 luculenta
1209 2280 1383 2310 narratione,
1410 2284 1571 2310 summoque
1600 2277 1703 2308 ordine,
1729 2281 1756 2303 et

980 2329 1131 2355 admirabili
1147 2330 1255 2358 ornatu,
1274 2330 1312 2353 tot
1333 2329 1460 2357 tantaque
1471 2328 1674 2357 congesserunt,
1691 2330 1757 2356 quot

980 2374 1158 2400 velaiucule
1200 2373 1315 2398 inveniri
1351 2375 1474 2405 poterant
1504 2369 1616 2396 imuumi
1646 2375 1756 2403 peccato

979 2418 1151 2448 obscurante,
1173 2417 1213 2443 vel
1236 2417 1355 2443 enarrari
1377 2423 1390 2440 a
1409 2414 1498 2448 lingua
1521 2418 1680 2440 cunctarum
1711 2422 1756 2449 pe-

981 2465 1029 2490 rita
1046 2464 1251 2496 disciplinarum
1269 2463 1387 2488 climata.

1015 2509 1066 2535 Sed
1085 2510 1179 2535 horum
1196 2508 1382 2533 universorum
1402 2506 1526 2539 quamvis
1547 2510 1620 2533 tanta
1635 2506 1754 2540 polleant

979 2554 1133 2584 vidicendi,
1147 2553 1215 2580 adeo
1227 2556 1289 2578 sunt
1306 2551 1434 2578 inferiora
1456 2558 1500 2578 tuo
1521 2552 1627 2582 merito,
1649 2557 1752 2578 tantum

979 2604 1007 2625 ut
1028 2600 1137 2629 distent,
1152 2602 1282 2630 quantum
1302 2604 1316 2622 a
1332 2602 1368 2630 te,
1382 2605 1441 2630 quae
1455 2597 1586 2626 laudaris,
1598 2598 1643 2630 qui
1661 2596 1755 2623 laudes

979 2644 1103 2672 olferunt.
1123 2643 1184 2668 licet
1200 2642 1278 2668 etiam
1297 2642 1418 2668 collectis
1436 2643 1556 2668 omnium
1579 2641 1754 2676 perfectioni-

981 2690 1030 2716 bus
1046 2697 1097 2714 uua
1113 2688 1174 2722 quis
1194 2688 1423 2715 absolutissimum
1437 2687 1581 2714 conﬁceret
1592 2688 1754 2716 orationem.

980 2732 1051 2759 Adeo
1068 2733 1133 2759 nihil
1154 2733 1274 2760 invenire
1291 2739 1332 2760 est
1353 2733 1406 2760 tuis
1424 2733 1548 2760 laudibus
1564 2734 1731 2760 oderendum
1746 2742 1754 2766 ;

979 2778 1049 2812 quod
1068 2779 1151 2812 possit
1181 2786 1262 2813 prope
1279 2778 1409 2806 accedere
1432 2780 1464 2805 ad
1486 2779 1510 2805 id
1524 2779 1594 2813 quod
1612 2785 1638 2805 te
1652 2779 1752 2807 cunde-

980 2828 1030 2850 cct.
1046 2821 1163 2857 Namque
1180 2823 1275 2850 animae
1290 2828 1342 2850 tua).
1366 2823 1454 2858 fulgor
1475 2831 1556 2858 supra
1583 2824 1686 2851 salares
1707 2832 1750 2852 ra-

1764 2981 1824 3021 ,ία-
