1929 3087
165 135 199 165 95
762 133 960 164 MANUELIS
979 130 1200 162 PALJ’EOLOGI
1748 123 1784 154 96

166 189 226 215 dios
239 209 245 221 ,
263 193 288 215 ct
306 189 361 215 fere
389 188 491 215 nullum
509 187 612 214 habens
632 186 721 218 ﬂuctu,
738 187 795 213 sive
820 185 936 212 tandem.
957 182 979 211 A
999 183 1099 213 dicam,
1114 182 1231 210 insertas
1246 181 1383 208 habebunt
1404 181 1491 215 ipsius
1509 181 1616 212 laudes,
1642 181 1693 208 etsi
1711 181 1780 207 nihil

163 236 220 261 sive
239 235 373 269 plausum.
391 235 447 261 sive
466 234 629 263 cneomium,
647 238 726 267 atquo
741 237 769 258 ιιι
783 239 838 258 ιιιιο
853 231 937 258 verbo

163 279 262 309 dicam,
293 279 425 313 quidquid
458 278 490 305 ad
520 279 748 305 cohonestan-lam
777 277 938 303 adhibemus

163 325 270 358 plcitant
293 325 387 358 gratiis
413 324 541 356 animam,
563 324 643 357 longo
664 321 937 356 superatintervallo,

162 375 189 396 et
214 370 332 396 laborent
365 377 472 396 omnem
490 369 607 396 ostendit
638 369 756 395 inanem.
777 367 816 394 Ad
833 369 936 393 tantum

162 422 227 447 ergo
253 415 441 441 celsitudinis”
457 414 703 448 magnitudinisque
734 417 845 443 evectae,
874 411 937 445 quid

164 468 213 487 nos
229 460 325 487 aliene
359 461 521 494 poterimus.
553 460 625 494 quod
656 460 762 489 sitnon
781 457 941 492 indignum?

164 505 252 532 Vitam
268 506 340 532 enim
359 507 444 540 prima
462 507 532 532 inter
548 506 671 532 lt0mines
686 503 938 531 innocentissimam

162 551 254 581 egisti.
284 555 456 585 mentemque
486 551 603 577 habuisti
624 550 699 577 omni
721 555 835 583 prorsus
861 548 938 580 culpa

165 595 287 628 vacuim,
305 600 332 623 et
360 604 460 630 corpus
485 596 521 623 illi
548 600 780 625 consentaneum.
811 597 940 627 tantaque

164 642 281 675 Spiritus
310 641 469 672 radiationo,
499 641 595 676 gloria,
626 645 652 667 et
679 641 822 674 splendore
845 643 939 665 ornata

164 688 250 718 fuisti,
272 692 301 713 ut
315 687 353 713 vel
373 687 445 720 ipsas
461 686 634 719 superaveris
652 685 705 711 Deo
725 684 937 719 pretiosissimas

162 738 316 764 creaturas,
335 733 425 766 idque,
450 737 478 758 ut
494 732 597 758 dictum
610 735 661 761 est,
680 730 839 764 longissimo
853 729 940 755 inter-

163 779 247 806 vallo.
280 778 318 804 Ad
353 778 416 811 quil
446 785 495 812 ego
520 785 620 808 moror,
654 778 866 809 rcmquetotam
884 781 939 800 uno

119 846 123 852 .
164 825 245 851 vetho
263 831 315 850 tton
333 821 519 855 complector?
536 821 590 848 Vas
609 821 679 848 facta
699 828 728 847 es
743 825 833 854 aptum
854 817 941 845 Suscio

999 228 1052 255 dici
1067 232 1166 262 potest,
1197 228 1268 262 quod
1286 228 1394 262 dignam
1416 228 1556 255 contineat
1573 227 1757 254 laudationem
1773 235 1782 257 ι

1000 281 1054 301 non
1084 273 1157 300 enim
1184 274 1316 308 permittit
1342 275 1392 300 hoc
1422 273 1581 307 magnitudo
1603 273 1712 307 gratiae.
1729 279 1783 305 qua

1001 319 1094 353 pollet.
1111 318 1178 351 Quis
1204 318 1276 345 enim
1296 319 1385 352 dignis
1401 319 1473 344 illam
1497 319 1625 345 laudibus
1650 318 1782 348 celebret,

1000 372 1061 399 qua
1085 365 1147 392 coeli
1166 365 1308 392 absidibus
1335 364 1480 395 excelsior,
1509 365 1593 391 radiis
1613 365 1720 398 purior,
1740 371 1784 390 res

999 416 1041 438 est
1052 411 1173 438 omniutn
1202 411 1400 446 pretiosissima
1432 410 1507 438 Deo?
1524 410 1577 437 Nec
1602 411 1624 437 si
1640 409 1784 442 utriusque

999 456 1106 491 generis
1126 456 1251 491 quisquis
1270 456 1440 491 angelorum,
1463 456 1588 489 inquam.
1601 459 1625 482 et
1641 454 1782 481 hominum

1000 502 1093 529 decem
1112 510 1170 534 ora,
1185 501 1280 529 decem
1293 502 1398 536 linguas
1413 502 1536 533 haberet,
1553 505 1600 528 aut
1616 501 1710 527 eadem
1736 499 1784 526 de-

999 547 1056 575 cies
1083 548 1181 575 millies
1204 547 1396 581 multiplicata;
1425 547 1456 573 Et
1485 546 1660 582 hyperbolice
1672 546 1782 579 quidem

1001 592 1083 625 hujus
1122 599 1215 619 ansam
1257 592 1405 619 locutionis
1443 591 1597 619 mihidcdit
1637 591 1782 616 lloaterns.

1001 638 1127 664 Arbitror
1141 643 1241 668 tamen,
1257 639 1328 672 qttod
1344 646 1404 665 sum
1431 638 1567 668 dicturus,
1583 637 1711 670 majorem
1724 642 1785 661 esse

1001 684 1177 719 hyperbolen,
1194 692 1246 711 non
1263 689 1352 710 tamen
1369 691 1383 710 a
1399 683 1513 710 veritate
1536 682 1655 710 alienum
1668 689 1675 714 ;
1686 688 1747 707 nam
1759 679 1783 706 si

1001 731 1127 757 universa
1154 730 1314 764 angelorum
1333 730 1490 760 multitudo.
1505 733 1532 757 et
1551 729 1711 755 universum
1732 726 1783 753 ho-

1002 775 1105 801 minum
1130 783 1216 809 genus
1240 776 1266 802 in
1299 783 1382 803 unatn
1412 775 1524 802 omnino
1546 775 1653 802 coirent
1674 780 1741 803 rem,
1757 776 1784 799 ct

1000 820 1114 854 proinde
1133 828 1216 847 unum
1239 828 1270 847 os
1294 826 1320 847 et
1349 828 1429 847 unam
1446 827 1541 847 omnes
1568 819 1687 853 linguam
1701 817 1784 844 habe—

163 871 261 904 picndo
278 868 502 896 consubstantiali
527 867 597 894 Patri
625 871 761 893 comterno
781 865 818 891 illi
841 865 939 895 Verbo,
959 867 982 896 Π
1002 871 1072 897 rent,
1086 873 1118 893 ac
1131 871 1216 893 totunt
1233 867 1284 894 ltoc
1301 867 1401 893 animal
1431 869 1603 901 compactum
1632 864 1784 891 resolvere-

163 915 235 945 unod
252 922 283 941 ex
301 914 380 940 Patre
396 913 506 946 quidem
525 913 583 939 sine
598 916 728 944 tempore,
746 919 776 937 ex
794 915 820 937 te
834 918 898 941 vero
912 909 938 936 in

164 963 295 992 tempore.
311 964 335 985 et
349 966 379 984 cx
401 963 517 991 tttroque
534 956 633 990 prodiit
661 955 721 982 sine
749 956 801 982 ulla
821 955 940 981 iussione.

164 1001 257 1035 Itaque
275 1009 324 1028 nec
337 1002 389 1028 Deo
400 1009 469 1036 opus
480 1005 560 1027 erunt
570 1004 658 1026 nostra
668 1000 799 1026 eucontia.
812 999 940 1032 Quinam,

163 1052 190 1074 et
201 1047 291 1073 unde?
306 1046 359 1073 Nec
374 1047 421 1073 tibi
440 1046 499 1080 ejus
509 1045 596 1076 Matri.
615 1050 640 1072 et
657 1045 694 1072 illi
712 1045 820 1078 quidem
836 1052 867 1071 eo
877 1044 940 1078 quia

165 1098 289 1120 ttaturatn
320 1093 400 1119 habet
425 1093 638 1127 supereminere,
676 1091 749 1125 quod
782 1089 939 1124 aliquando,

163 1138 275 1165 caducis
289 1138 371 1165 etiarn
393 1138 486 1169 rebus.
512 1142 538 1164 et
554 1145 614 1171 qua:
635 1138 706 1170 apud
723 1144 773 1164 nos
800 1139 874 1167 sunt,
892 1135 941 1162 tri-

165 1185 246 1210 buere
260 1184 461 1210 consuevimus.
480 1182 546 1210 Cum
564 1182 608 1209 Dei
630 1187 726 1209 natura
753 1181 882 1208 inﬁnities
898 1181 941 1207 in-

163 1230 239 1265 ﬁnita
269 1237 377 1256 onmem
405 1232 522 1255 mentem
554 1228 627 1254 omni
651 1232 761 1260 stupore
783 1226 894 1259 repleat,
913 1228 941 1251 et

164 1282 243 1301 omne
268 1275 401 1301 bonortttn
432 1281 518 1309 genus
548 1278 625 1300 tanta
650 1272 763 1299 excellat
793 1271 940 1302 alliuentia,

165 1324 295 1352 quantum
324 1319 417 1345 animo
447 1318 676 1352 comprehendere
701 1324 754 1343 non
782 1316 860 1347 licet;
879 1322 940 1341 nam

166 1365 210 1390 illa
240 1364 315 1390 nullo
345 1363 439 1389 linitur
457 1363 583 1392 termino,
596 1369 647 1388 nec
667 1360 737 1387 enim
755 1364 854 1394 potest.
871 1361 942 1387 sicut

165 1415 192 1436 et
205 1410 321 1444 seipsam
341 1416 451 1443 negare.
468 1408 552 1442 Cujus
564 1408 634 1433 enitn
647 1406 778 1433 terminus
797 1410 838 1433 cst
858 1405 942 1432 inter-

166 1456 343 1486 tninabilitas,
376 1458 403 1481 et
428 1446 667 1487 quodmanil‘este
698 1452 795 1482 scitur,
822 1455 941 1478 estesse

166 1502 313 1531 occultum,
342 1508 394 1532 qua
419 1499 524 1525 ratione
554 1498 614 1531 quis
643 1497 727 1531 possit
751 1497 810 1531 ejus
828 1496 941 1522 definire

1001 917 1045 939 tur
1061 913 1088 939 itt
1101 921 1182 939 unam
1202 913 1340 940 Stentoris
1354 921 1458 946 vocem,
1474 914 1532 940 sive
1551 913 1633 939 etiam
1659 911 1703 937 illa
1724 911 1784 937 sine

1000 959 1177 991 proportione
1203 958 1402 989 clatnosiorem,
1432 962 1458 985 et
1483 958 1540 984 hrec
1563 956 1618 984 illis
1634 956 1730 982 darent
1750 953 1783 980 ad

1001 1003 1184 1038 peragendum
1210 1003 1255 1030 Dei
1279 1003 1355 1030 Matri
1382 1004 1522 1037 hymnum.
1551 1002 1607 1029 licri
1629 1009 1682 1028 non
1706 1007 1785 1034 posse

1000 1052 1076 1081 puto,
1095 1049 1152 1074 'illa
1180 1049 1302 1083 dignum,
1333 1053 1379 1076 aut
1399 1048 1482 1083 digno
1505 1048 1660 1083 proximum
1677 1046 1784 1073 :satius

999 1101 1064 1128 ergo
1079 1098 1121 1120 est
1153 1095 1292 1128 prmtcrire
1326 1095 1446 1126 silentio,
1471 1102 1553 1129 quam
1572 1094 1641 1120 velle
1656 1099 1783 1119 sermone

999 1139 1080 1174 longo
1107 1139 1178 1166 illam
1206 1140 1357 1172 celebrare,
1390 1149 1450 1174 qua:
1468 1145 1521 1167 tant
1535 1139 1689 1166 illustribus
1705 1138 1784 1165 iactis

1001 1185 1132 1219 gloriosa,
1149 1190 1203 1212 tam
1231 1186 1410 1218 admirandis,
1430 1193 1461 1213 ac
1491 1193 1575 1220 supra
1592 1185 1717 1213 ordinem
1735 1192 1785 1211 na-

1002 1234 1070 1257 turai
1099 1232 1196 1264 clusit,
1224 1233 1335 1266 perinle
1362 1239 1393 1258 ac
1427 1232 1449 1259 si
1480 1233 1542 1266 quis
1570 1239 1621 1266 ope
1647 1232 1784 1258 scalarum

1001 1278 1081 1304 vellet
1094 1279 1191 1305 ccelum
1201 1279 1400 1307 conscendere.
1412 1279 1443 1306 Et
1455 1280 1511 1306 haec
1519 1278 1628 1314 quidem
1640 1278 1785 1305 hactenus.

1002 1323 1080 1355 Quod
1106 1329 1201 1355 restat,
1227 1329 1256 1351 ιιι
1271 1325 1425 1358 ostendam,
1458 1332 1537 1352 unam
1552 1332 1582 1351 ex
1596 1321 1727 1351 omnibus
1738 1323 1786 1350 Dei

1003 1368 1114 1396 Matrem
1130 1370 1231 1397 olnisse
1247 1370 1421 1403 gaudentem,
1434 1375 1462 1396 ut
1475 1370 1641 1398 exordiendo
1653 1370 1786 1400 diximus.

1003 1413 1055 1440 hoc
1083 1420 1157 1441 certe
1185 1415 1322 1442 succedet.
1352 1415 1408 1448 ipsa
1426 1421 1507 1442 supra
1531 1413 1604 1440 vir‘es
1619 1415 1727 1439 nostras
1746 1411 1786 1436 l'a-

1002 1462 1083 1485 vente
1110 1459 1262 1490 labnrihus,
1289 1459 1368 1493 cujus
1394 1459 1495 1485 auxilio
1510 1458 1571 1485 freti
1587 1458 1649 1484 illos
1662 1456 1785 1490 suscrpi-

1003 1511 1073 1530 mus.
1092 1504 1148 1531 lloc
1162 1509 1252 1532 autem
1272 1511 1300 1531 ut
1317 1506 1460 1537 probetur,
1481 1512 1534 1531 non
1558 1511 1627 1537 opus
1639 1510 1701 1530 esse
1713 1502 1786 1528 arbi-

166 1547 366 1574 snbstantiam?
395 1545 494 1572 Rerum
524 1552 587 1570 vero
604 1544 629 1570 in
643 1548 669 1570 te
679 1543 910 1573 admit-undarum,
926 1549 942 1568 ο

1003 1553 1061 1576 tror
1083 1550 1243 1584 ambagibus
1271 1554 1296 1576 et
1322 1550 1501 1585 labyrinthis;
1529 1549 1576 1576 sed
1598 1552 1687 1574 vestra
1703 1553 1787 1573 causa

165 1592 259 1625 Virgo.
276 1599 358 1618 causa
383 1596 425 1618 est
454 1590 599 1617 voluntatis
625 1588 804 1623 propesitutn.
822 1587 887 1613 Nam
907 1593 940 1614 ex

166 1639 328 1666 rectitudine
341 1638 449 1667 mentis,
465 1641 491 1663 et
505 1636 642 1670 probitate
663 1642 768 1661 morum
793 1634 831 1665 tit,
849 1639 878 1661 ut
895 1641 942 1660 su-

167 1694 245 1720 peres
273 1686 325 1712 vim
342 1685 538 1715 enromiorum,
558 1691 610 1709 non
640 1680 712 1716 quod
734 1681 783 1708 llos
800 1685 902 1708 natnrte
915 1684 943 1708 et

167 1733 262 1761 honor.
278 1738 308 1757 ac
324 1731 416 1761 decus,
435 1733 461 1756 et
475 1734 570 1755 caetera
587 1727 611 1754 id
630 1735 715 1761 genus
735 1727 824 1753 omnia
840 1730 865 1752 et
881 1725 944 1759 jure

166 1777 274 1811 quidem
304 1775 417 1809 optimo,
444 1781 560 1806 namque
573 1773 608 1800 ob
638 1776 742 1798 natura:
756 1771 942 1798 excellentiam

168 1823 289 1849 habenda
303 1821 444 1848 Conditori
461 1819 558 1853 gratia.
586 1818 621 1845 ob
637 1818 719 1844 animi
744 1825 807 1844 vero
819 1815 944 1850 proposi-

167 1874 223 1894 tum
240 1867 388 1894 laudandus
404 1864 506 1900 quivsic
520 1863 614 1891 voluit.
640 1862 764 1889 Omittam
781 1862 864 1896 igitur
884 1862 943 1888 lau-

167 1913 303 1938 dationem
317 1909 420 1936 meliori
436 1916 499 1935 sane
513 1907 645 1934 consilio:
657 1906 782 1933 vitientur
793 1907 865 1932 enim
878 1905 943 1932 mihi

167 1955 267 1982 (lictori
300 1961 405 1984 omnes,
429 1953 530 1986 optime
558 1951 652 1978 laudes
672 1958 686 1977 a
713 1958 755 1976 me
779 1950 943 1982 elaboratas,

168 2000 239 2034 quod
257 1998 363 2025 animus
387 1998 468 2024 fuerit
490 2004 524 2022 ne
541 1998 672 2029 attingere
696 1995 751 2022 fere
764 1995 867 2027 laudes,
882 1995 945 2022 licet

168 2051 198 2072 ιιι
213 2054 227 2072 a
242 2052 325 2079 scopo
350 2051 445 2078 parum
477 2041 657 2073 deﬂet-torem,
687 2041 944 2068 vehementissimus

169 2094 207 2118 tui
225 2098 300 2117 amor
315 2089 444 2116 edocet-it.
460 2088 513 2114 Nec
536 2088 645 2118 mirum,
659 2094 721 2112 cum
744 2092 770 2113 et
797 2086 944 2112 inanimata

169 2139 226 2172 ipsa
245 2141 341 2171 sponte
359 2142 408 2162 sua
435 2138 595 2160 moveantur
610 2133 636 2158 in
652 2137 712 2158 tuas
730 2132 833 2159 laudes.
847 2132 910 2164 Sed,
927 2139 944 2159 ο

168 2189 257 2211 ccetus
275 2183 333 2213 Dei,
352 2185 379 2207 et
405 2180 560 2207 festivitatis
585 2187 690 2209 amans,
708 2185 769 2204 nam
795 2178 942 2204 sccundoa

169 2229 257 2264 prituo
272 2228 380 2263 pendet,
395 2232 420 2254 et
432 2227 482 2253 hoc
498 2225 635 2260 pra-.sei'ert
657 2225 733 2255 illud,
753 2224 786 2250 ad
801 2231 848 2251 vos
866 2224 943 2251 dein-

169 2283 233 2309 ceps
244 2274 368 2301 conversi
395 2273 532 2299 solvcmus
545 2271 665 2297 debitum
683 2270 769 2302 vobis,
785 2273 812 2296 et
829 2269 945 2304 Virgini.

171 2321 229 2348 llixi
259 2324 347 2346 autem
376 2318 478 2345 meliori
504 2315 613 2343 consilio
633 2316 666 2342 de
683 2315 828 2346 industria,
842 2322 874 2342 nc
892 2314 947 2341 lor-

170 2370 244 2393 Lisse
260 2366 397 2391 videamur
412 2364 438 2390 in
454 2369 599 2397 progressu
614 2361 747 2387 sermonis
771 2360 836 2387 velle
852 2367 946 2386 rursus

170 2411 292 2437 cncomia
316 2416 436 2440 nectere,
461 2416 524 2435 cum
551 2408 596 2434 illa
616 2414 670 2433 non
686 2406 815 2433 adhibere
830 2405 946 2438 amplius

170 2456 381 2484 decreverimus.
402 2455 456 2481 lloc
472 2461 552 2488 porro
566 2453 675 2480 evenire
689 2452 816 2478 omnibus
835 2457 946 2476 necesse

171 2506 222 2533 est,
243 2502 289 2535 qui
307 2501 423 2534 aliquem
445 2500 479 2526 de
503 2499 547 2525 illa
566 2505 719 2524 sermonem
736 2496 836 2522 habere
852 2495 946 2520 voluc-

172 2544 236 2570 rint.
256 2543 375 2569 Aiterum
388 2541 459 2568 enim
476 2549 490 2567 e
507 2541 612 2567 duobus
623 2540 672 2566 erit
684 2539 804 2568 omnino,
818 2541 864 2562 aut
881 2535 948 2562 nihil

171 2590 263 2616 dicere
276 2588 308 2614 de
320 2587 441 2621 Virgine.
454 2591 501 2612 attt
514 2586 535 2613 si
553 2586 628 2612 dicas
648 2584 767 2611 laudare.
781 2581 859 2608 Nulla
874 2581 947 2608 enim

173 2636 278 2662 ratione
297 2635 354 2660 ﬁeri
371 2638 471 2666 potest.
493 2638 520 2658 ut
533 2632 651 2665 loquaris
665 2630 699 2656 de
713 2629 757 2655 illa
774 2633 801 2654 et
819 2629 877 2654 laus
894 2633 947 2653 non

173 2681 218 2710 sit,
257 2679 328 2713 quod
360 2677 498 2712 loqueris,
535 2675 753 2710 quandoquidem
778 2677 806 2700 et
840 2673 896 2707 ipsa
922 2676 949 2698 ct

172 2725 305 2759 quidquid
319 2729 424 2758 spectat
443 2724 475 2750 ad
489 2723 585 2757 ipsum,
596 2730 618 2748 Ci
629 2720 837 2747 lsbratissimam
851 2717 952 2744 habent

173 2770 299 2805 glorianti.
322 2770 412 2802 Quare
435 2769 534 2803 dignus
565 2768 643 2802 plane
660 2766 737 2792 venia
752 2773 822 2795 sum,
839 2763 861 2790 si
878 2763 951 2789 ince-

175 2821 250 2854 ptum
267 2817 354 2851 primo
365 2816 480 2844 consilio
505 2821 657 2842 sermonem
680 2810 875 2846 prosequendo,
892 2816 950 2843 quita

1003 1595 1098 1623 isthIec
1107 1595 1229 1622 dicemus
1240 1605 1247 1622 :
1259 1595 1303 1622 Dei
1316 1595 1405 1626 Matri,
1414 1604 1473 1630 qua:
1483 1596 1632 1628 ipsumtnet
1641 1593 1784 1627 gaudium,

1005 1640 1057 1667 hoc
1077 1646 1117 1667 est
1130 1639 1248 1668 Verbum
1265 1641 1325 1668 sine
1336 1645 1458 1675 tempore
1467 1640 1665 1667 contubernale
1677 1647 1786 1674 semper

1004 1686 1132 1718 habebat,
1145 1686 1208 1720 quid
1229 1686 1355 1713 morienti
1376 1689 1468 1720 posset
1489 1686 1582 1712 acerbi
1611 1685 1785 1719 contingere,

1004 1735 1051 1757 aut
1061 1738 1114 1764 qua
1132 1731 1155 1757 vi
1171 1739 1213 1758 res
1225 1731 1277 1758 ulla
1289 1732 1400 1758 omnino
1409 1732 1536 1765 gaudium
1552 1731 1613 1764 ejus
1625 1735 1786 1764 perprtuunt

1006 1779 1034 1802 et
1046 1776 1105 1802 sine
1119 1775 1324 1803 intermissione
1343 1779 1474 1809 potuisset
1483 1775 1629 1810 infringere
1639 1776 1651 1801 ἶ)
1663 1775 1789 1802 Profecto

1004 1821 1078 1848 enim
1099 1822 1145 1847 illa
1154 1821 1324 1855 relinquebat
1336 1822 1471 1853 abeundo,
1485 1821 1585 1855 quibus
1602 1821 1788 1848 noneratallio

1005 1869 1068 1899 gata
1080 1865 1208 1897 vivendo,
1221 1866 1276 1892 imo
1288 1866 1460 1899 vequuilms
1475 1866 1646 1895 tristabatur,
1659 1866 1722 1892 dum
1738 1873 1790 1899 pro

1006 1911 1164 1938 conditione
1196 1915 1300 1938 natura:
1313 1912 1347 1938 iis
1367 1912 1404 1937 uti
1422 1915 1575 1944 cogeretur.
1600 1911 1788 1945 Migrationcm

1007 1964 1072 1991 ergo
1102 1957 1257 1990 exoptabat.
1281 1956 1367 1989 Quam
1384 1964 1448 1991 ergo
1463 1957 1534 1983 diem
1560 1957 1630 1984 votis
1661 1956 1788 1983 omnibus

1006 2006 1137 2036 perpetuo
1154 2001 1354 2035 cupiebat.qua
1369 2002 1476 2028 ratione
1493 2001 1681 2028 advenientem
1696 2001 1785 2027 liben-

1007 2049 1113 2076 tissime
1133 2056 1184 2074 nott
1203 2049 1365 2082 excepisset,
1393 2057 1439 2083 per
1455 2056 1535 2082 quant
1555 2048 1647 2078 tiebat,
1669 2052 1698 2073 ut
1715 2055 1788 2073 sem-

1007 2100 1054 2126 per
1081 2101 1142 2119 cum
1159 2092 1226 2119 Filio
1242 2093 1344 2119 victura
1362 2099 1443 2125 esset,
1464 2101 1524 2119 cum
1551 2091 1619 2118 Filio
1638 2092 1788 2125 eodemque

1007 2138 1062 2165 Deo
1083 2146 1113 2164 ac
1134 2139 1301 2165 Conditore?
1317 2139 1399 2169 Cedo,
1422 2138 1640 2171 persuademus?
1659 2138 1788 2163 arbitror.

1006 2183 1076 2215 Quid
1091 2184 1182 2209 enim?
1200 2184 1254 2209 Irt'e
1267 2191 1357 2208 annon
1374 2183 1537 2207 concludant
1552 2182 1727 2207 necessario?
1743 2191 1790 2208 au-

966 2224 989 2254 n
1007 2235 1060 2254 ιιοιι
1072 2227 1239 2254 vcritatisint
1251 2234 1371 2253 consona
1384 2226 1439 2252 ?illi
1454 2231 1510 2252 toto
1520 2226 1581 2251 vitae
1591 2230 1712 2259 tempore
1723 2227 1789 2252 nihil

1004 2274 1131 2307 contigit,
1148 2273 1180 2299 de
1199 2279 1252 2306 quo
1269 2275 1342 2298 esset
1358 2271 1516 2302 dolendum,
1538 2279 1587 2297 cur
1601 2279 1664 2305 ergo
1684 2271 1789 2298 doluis-

1003 2322 1046 2345 set
1072 2318 1226 2349 advenisse,
1239 2324 1292 2350 quo
1303 2322 1416 2343 venturo
1429 2316 1602 2343 vehementer
1623 2317 1766 2344 [tutabatur
1779 2317 1791 2343 '!

1003 2371 1122 2397 quorum
1149 2363 1220 2389 cuitu
1248 2363 1368 2395 jucunda
1395 2367 1437 2390 est
1452 2363 1629 2396 exspectatio,
1645 2363 1791 2397 jueundis-

1005 2409 1072 2435 sima
1093 2413 1134 2435 est
1151 2416 1263 2442 prorsus
1285 2409 1438 2441 praesentia.
1456 2407 1533 2440 Quod
1551 2415 1614 2435 vero
1629 2414 1670 2435 est
1685 2409 1790 2442 perspi-

1005 2461 1055 2481 cue
1080 2454 1320 2488 jucuudissimum,
1350 2454 1465 2488 probare
1482 2454 1553 2488 quod
1569 2461 1623 2480 non
1649 2454 1684 2480 sit
1705 2455 1790 2480 mole-

1007 2500 1220 2533 stum,omniuo
1248 2505 1289 2526 (νει
1306 2507 1518 2533 supervacuum.
1538 2498 1596 2525 Utta
1620 2506 1662 2525 res
1688 2499 1791 2525 beatam

1009 2545 1082 2572 illius
1108 2545 1226 2572 animam
1257 2545 1370 2571 viventis
1400 2544 1524 2578 pupugit,
1543 2552 1596 2570 non
1619 2544 1705 2571 fuisse
1729 2551 1789 2569 cum

1011 2590 1153 2617 Salvatore
1170 2591 1249 2617 simul
1264 2598 1346 2617 carne
1360 2597 1468 2624 passam
1487 2594 1514 2616 et
1529 2585 1675 2622 inortuam,
1689 2597 1720 2616 ex
1738 2597 1792 2622 qtto

1012 2636 1103 2666 lic-bat,
1128 2641 1156 2663 ut
1177 2636 1230 2662 rita
1257 2635 1308 2670 ipsi
1338 2636 1446 2668 longior
1469 2642 1522 2661 non
1539 2635 1697 2668 permittens
1709 2641 1790 2668 quam

1013 2682 1129 2717 primum
1143 2682 1182 2709 ire
1196 2681 1229 2708 ad
1247 2682 1332 2712 ilium,
1350 2681 1494 2708 haberetur
1517 2680 1694 2707 intolerabilis
1707 2679 1791 2705 multo

1013 2728 1111 2762 magis,
1141 2735 1222 2761 quam
1253 2727 1331 2754 nobis
1356 2734 1448 2756 mors;
1465 2726 1501 2752 ita
1520 2726 1602 2760 igitur
1617 2724 1742 2750 allectam
1759 2731 1792 2750 ne

1014 2775 1107 2802 dolore
1134 2781 1244 2801 vacuam
1273 2773 1405 2807 migrasse
1430 2772 1531 2806 liquet;
1555 2771 1605 2797 nisi
1633 2770 1694 2804 quis
1721 2769 1792 2795 dicat

1016 2820 1084 2848 illud
1111 2819 1196 2847 fuisse
1221 2819 1317 2849 dolori,
1346 2819 1416 2852 quod
1448 2824 1496 2844 nec
1518 2815 1602 2842 Filius
1621 2814 1789 2846 detrectavit,
