  <div class='ocr_page' id='page_1' title='image "/cluster/home/n/w/nwhite01/storage/ocr_20150623/156/njp.32101077773214/054.png"; bbox 0 0 1929 3087; ppageno 0'>
   <div class='ocr_carea' id='block_1_1' title="bbox 101 116 142 149">
    <p class='ocr_par' dir='ltr' id='par_1_1' title="bbox 101 116 142 149">
     <span class='ocr_line' id='line_1_1' title="bbox 101 116 142 149; baseline -0.024 0"><span class='ocrx_word' id='word_1_1' title='bbox 101 116 142 149; x_wconf 77' lang='lat'><strong>97</strong></span> 
     </span>
    </p>
   </div>
   <div class='ocr_carea' id='block_1_2' title="bbox 551 90 1322 148">
    <p class='ocr_par' dir='ltr' id='par_1_2' title="bbox 551 90 1322 148">
     <span class='ocr_line' id='line_1_2' title="bbox 551 90 1322 148; baseline 0 -3"><span class='ocrx_word' id='word_1_2' title='bbox 551 112 691 146; x_wconf 76' lang='lat' dir='ltr'><strong>ORATIO</strong></span> <span class='ocrx_word' id='word_1_3' title='bbox 712 115 753 146; x_wconf 89' lang='lat' dir='ltr'><strong>IN</strong></span> <span class='ocrx_word' id='word_1_4' title='bbox 772 90 1043 148; x_wconf 62' lang='grc' dir='ltr'><strong>ΒΟΒΜΙΤΙΟΝέῑΜ</strong></span> <span class='ocrx_word' id='word_1_5' title='bbox 1064 117 1105 145; x_wconf 92' lang='lat' dir='ltr'><strong>SS</strong></span> <span class='ocrx_word' id='word_1_6' title='bbox 1137 109 1322 146; x_wconf 59' lang='lat' dir='ltr'><strong>DEIPARE.</strong></span> 
     </span>
    </p>
   </div>
   <div class='ocr_carea' id='block_1_3' title="bbox 1706 126 1738 155">
    <p class='ocr_par' dir='ltr' id='par_1_3' title="bbox 1706 126 1738 155">
     <span class='ocr_line' id='line_1_3' title="bbox 1706 126 1738 155; baseline 0 0"><span class='ocrx_word' id='word_1_7' title='bbox 1706 126 1738 155; x_wconf 69' lang='lat'><strong>93</strong></span> 
     </span>
    </p>
   </div>
   <div class='ocr_carea' id='block_1_4' title="bbox 106 163 1741 211">
    <p class='ocr_par' dir='ltr' id='par_1_4' title="bbox 106 163 1741 211">
     <span class='ocr_line' id='line_1_4' title="bbox 106 163 1741 211; baseline 0.002 -12"><span class='ocrx_word' id='word_1_8' title='bbox 106 172 248 200; x_wconf 85' lang='lat' dir='ltr'><strong>nimirum</strong></span> <span class='ocrx_word' id='word_1_9' title='bbox 273 178 376 198; x_wconf 87' lang='lat' dir='ltr'><strong>summe</strong></span> <span class='ocrx_word' id='word_1_10' title='bbox 403 171 542 197; x_wconf 87' lang='lat' dir='ltr'><strong>unitorttm</strong></span> <span class='ocrx_word' id='word_1_11' title='bbox 558 169 781 202; x_wconf 75' lang='lat' dir='ltr'><strong>disiunctionem,</strong></span> <span class='ocrx_word' id='word_1_12' title='bbox 806 175 902 194; x_wconf 71' lang='lat' dir='ltr'><strong>ammte</strong></span> <span class='ocrx_word' id='word_1_13' title='bbox 925 163 948 191; x_wconf 85' lang='grc' dir='ltr'><strong>Λ</strong></span> <span class='ocrx_word' id='word_1_14' title='bbox 963 167 1033 194; x_wconf 78' lang='lat' dir='ltr'><strong>sicut</strong></span> <span class='ocrx_word' id='word_1_15' title='bbox 1062 173 1088 194; x_wconf 87' lang='lat' dir='ltr'><strong>et</strong></span> <span class='ocrx_word' id='word_1_16' title='bbox 1107 169 1264 201; x_wconf 83' lang='lat' dir='ltr'><strong>illusiones.</strong></span> <span class='ocrx_word' id='word_1_17' title='bbox 1295 176 1322 198; x_wconf 85' lang='lat' dir='ltr'><strong>et</strong></span> <span class='ocrx_word' id='word_1_18' title='bbox 1348 179 1468 203; x_wconf 83' lang='lat' dir='ltr'><strong>crucem.</strong></span> <span class='ocrx_word' id='word_1_19' title='bbox 1487 179 1512 200; x_wconf 89' lang='lat' dir='ltr'><strong>et</strong></span> <span class='ocrx_word' id='word_1_20' title='bbox 1539 181 1650 203; x_wconf 78' lang='lat' dir='ltr'><strong>mortem</strong></span> <span class='ocrx_word' id='word_1_21' title='bbox 1669 180 1741 211; x_wconf 79' lang='lat' dir='ltr'><strong>ejus.</strong></span> 
     </span>
    </p>
   </div>
   <div class='ocr_carea' id='block_1_5' title="bbox 103 216 903 251">
    <p class='ocr_par' dir='ltr' id='par_1_5' title="bbox 103 216 903 251">
     <span class='ocr_line' id='line_1_5' title="bbox 103 216 903 251; baseline -0.008 -6"><span class='ocrx_word' id='word_1_22' title='bbox 103 219 178 245; x_wconf 86' lang='lat' dir='ltr'><strong>dico</strong></span> <span class='ocrx_word' id='word_1_23' title='bbox 203 222 230 244; x_wconf 85' lang='lat' dir='ltr'><strong>et</strong></span> <span class='ocrx_word' id='word_1_24' title='bbox 262 217 407 251; x_wconf 90' lang='lat' dir='ltr'><strong>corporis;</strong></span> <span class='ocrx_word' id='word_1_25' title='bbox 428 216 481 243; x_wconf 87' lang='lat' dir='ltr'><strong>hoc</strong></span> <span class='ocrx_word' id='word_1_26' title='bbox 494 221 584 243; x_wconf 88' lang='lat' dir='ltr'><strong>autem</strong></span> <span class='ocrx_word' id='word_1_27' title='bbox 600 223 662 242; x_wconf 88' lang='lat' dir='ltr'><strong>cum</strong></span> <span class='ocrx_word' id='word_1_28' title='bbox 681 221 780 241; x_wconf 84' lang='lat' dir='ltr'><strong>natura</strong></span> <span class='ocrx_word' id='word_1_29' title='bbox 808 221 903 240; x_wconf 84' lang='lat' dir='ltr'><strong>neces-</strong></span> 
     </span>
    </p>
   </div>
   <div class='ocr_carea' id='block_1_6' title="bbox 103 261 901 294">
    <p class='ocr_par' dir='ltr' id='par_1_6' title="bbox 103 261 901 294">
     <span class='ocr_line' id='line_1_6' title="bbox 103 261 901 294; baseline -0.006 -3"><span class='ocrx_word' id='word_1_30' title='bbox 103 264 220 291; x_wconf 81' lang='lat' dir='ltr'><strong>sarium</strong></span> <span class='ocrx_word' id='word_1_31' title='bbox 250 263 295 294; x_wconf 89' lang='lat' dir='ltr'><strong>sit,</strong></span> <span class='ocrx_word' id='word_1_32' title='bbox 322 263 443 290; x_wconf 86' lang='lat' dir='ltr'><strong>dolorem</strong></span> <span class='ocrx_word' id='word_1_33' title='bbox 475 262 553 289; x_wconf 80' lang='lat' dir='ltr'><strong>alfert</strong></span> <span class='ocrx_word' id='word_1_34' title='bbox 577 269 630 288; x_wconf 92' lang='lat' dir='ltr'><strong>non</strong></span> <span class='ocrx_word' id='word_1_35' title='bbox 643 261 805 288; x_wconf 88' lang='lat' dir='ltr'><strong>diuturnum</strong></span> <span class='ocrx_word' id='word_1_36' title='bbox 822 269 828 287; x_wconf 93' lang='lat'>:</span> <span class='ocrx_word' id='word_1_37' title='bbox 848 267 901 286; x_wconf 90' lang='lat' dir='ltr'><strong>non</strong></span> 
     </span>
    </p>
   </div>
   <div class='ocr_carea' id='block_1_7' title="bbox 104 302 900 342">
    <p class='ocr_par' dir='ltr' id='par_1_7' title="bbox 104 302 900 342">
     <span class='ocr_line' id='line_1_7' title="bbox 104 302 900 342; baseline -0.006 -7"><span class='ocrx_word' id='word_1_38' title='bbox 104 310 187 336; x_wconf 78' lang='lat' dir='ltr'><strong>enim</strong></span> <span class='ocrx_word' id='word_1_39' title='bbox 214 309 282 335; x_wconf 86' lang='lat' dir='ltr'><strong>adeo</strong></span> <span class='ocrx_word' id='word_1_40' title='bbox 298 308 476 342; x_wconf 63' lang='lat' dir='ltr'><strong>praeteritum,</strong></span> <span class='ocrx_word' id='word_1_41' title='bbox 494 315 574 342; x_wconf 88' lang='lat' dir='ltr'><strong>quam</strong></span> <span class='ocrx_word' id='word_1_42' title='bbox 606 307 705 334; x_wconf 78' lang='lat' dir='ltr'><strong>absens</strong></span> <span class='ocrx_word' id='word_1_43' title='bbox 726 310 750 332; x_wconf 82' lang='lat' dir='ltr'><strong>et</strong></span> <span class='ocrx_word' id='word_1_44' title='bbox 779 302 900 332; x_wconf 78' lang='lat' dir='ltr'><strong>futurum</strong></span> 
     </span>
    </p>
   </div>
   <div class='ocr_carea' id='block_1_8' title="bbox 104 349 901 387">
    <p class='ocr_par' dir='ltr' id='par_1_8' title="bbox 104 349 901 387">
     <span class='ocr_line' id='line_1_8' title="bbox 104 349 901 387; baseline -0.005 -8"><span class='ocrx_word' id='word_1_45' title='bbox 104 358 220 385; x_wconf 76' lang='lat' dir='ltr'><strong>terret;</strong></span> <span class='ocrx_word' id='word_1_46' title='bbox 240 352 296 379; x_wconf 82' lang='lat' dir='ltr'><strong>fere</strong></span> <span class='ocrx_word' id='word_1_47' title='bbox 321 353 392 379; x_wconf 91' lang='lat' dir='ltr'><strong>enim</strong></span> <span class='ocrx_word' id='word_1_48' title='bbox 407 353 499 387; x_wconf 77' lang='lat' dir='ltr'><strong>ellugit</strong></span> <span class='ocrx_word' id='word_1_49' title='bbox 524 354 629 379; x_wconf 88' lang='lat' dir='ltr'><strong>instans</strong></span> <span class='ocrx_word' id='word_1_50' title='bbox 649 357 676 378; x_wconf 87' lang='lat' dir='ltr'><strong>et</strong></span> <span class='ocrx_word' id='word_1_51' title='bbox 700 349 901 386; x_wconf 86' lang='lat' dir='ltr'><strong>quodammodo</strong></span> 
     </span>
    </p>
   </div>
   <div class='ocr_carea' id='block_1_9' title="bbox 106 394 902 429">
    <p class='ocr_par' dir='ltr' id='par_1_9' title="bbox 106 394 902 429">
     <span class='ocr_line' id='line_1_9' title="bbox 106 394 902 429; baseline -0.008 -4"><span class='ocrx_word' id='word_1_52' title='bbox 106 406 227 425; x_wconf 77' lang='lat' dir='ltr'><strong>sensum</strong></span> <span class='ocrx_word' id='word_1_53' title='bbox 255 398 321 424; x_wconf 84' lang='lat' dir='ltr'><strong>latet</strong></span> <span class='ocrx_word' id='word_1_54' title='bbox 345 402 483 424; x_wconf 74' lang='lat' dir='ltr'><strong>momento</strong></span> <span class='ocrx_word' id='word_1_55' title='bbox 498 397 636 426; x_wconf 85' lang='lat' dir='ltr'><strong>eveniens.</strong></span> <span class='ocrx_word' id='word_1_56' title='bbox 650 400 676 423; x_wconf 88' lang='lat' dir='ltr'><strong>et</strong></span> <span class='ocrx_word' id='word_1_57' title='bbox 689 400 836 429; x_wconf 86' lang='lat' dir='ltr'><strong>antequam</strong></span> <span class='ocrx_word' id='word_1_58' title='bbox 856 394 902 420; x_wconf 83' lang='lat' dir='ltr'><strong>ﬁat</strong></span> 
     </span>
    </p>
   </div>
   <div class='ocr_carea' id='block_1_10' title="bbox 107 441 901 477">
    <p class='ocr_par' dir='ltr' id='par_1_10' title="bbox 107 441 901 477">
     <span class='ocr_line' id='line_1_10' title="bbox 107 441 901 477; baseline -0.008 -7"><span class='ocrx_word' id='word_1_59' title='bbox 107 451 235 477; x_wconf 55' lang='lat' dir='ltr'><strong>praesens</strong></span> <span class='ocrx_word' id='word_1_60' title='bbox 247 444 336 469; x_wconf 86' lang='lat' dir='ltr'><strong>avolat</strong></span> <span class='ocrx_word' id='word_1_61' title='bbox 352 451 358 469; x_wconf 86' lang='lat'><strong>:</strong></span> <span class='ocrx_word' id='word_1_62' title='bbox 376 442 591 471; x_wconf 74' lang='lat' dir='ltr'><strong>licet‘all‘irmare.</strong></span> <span class='ocrx_word' id='word_1_63' title='bbox 607 441 763 468; x_wconf 85' lang='lat' dir='ltr'><strong>volentibus</strong></span> <span class='ocrx_word' id='word_1_64' title='bbox 777 444 901 473; x_wconf 86' lang='lat' dir='ltr'><strong>tempore</strong></span> 
     </span>
    </p>
   </div>
   <div class='ocr_carea' id='block_1_11' title="bbox 107 487 900 520">
    <p class='ocr_par' dir='ltr' id='par_1_11' title="bbox 107 487 900 520">
     <span class='ocr_line' id='line_1_11' title="bbox 107 487 900 520; baseline -0.006 -5"><span class='ocrx_word' id='word_1_65' title='bbox 107 497 168 515; x_wconf 87' lang='lat' dir='ltr'><strong>non</strong></span> <span class='ocrx_word' id='word_1_66' title='bbox 184 490 349 519; x_wconf 81' lang='lat' dir='ltr'><strong>mensurari,</strong></span> <span class='ocrx_word' id='word_1_67' title='bbox 365 490 431 515; x_wconf 84' lang='lat' dir='ltr'><strong>adeo</strong></span> <span class='ocrx_word' id='word_1_68' title='bbox 446 489 522 515; x_wconf 80' lang='lat' dir='ltr'><strong>velox</strong></span> <span class='ocrx_word' id='word_1_69' title='bbox 535 493 588 515; x_wconf 79' lang='lat' dir='ltr'><strong>est.</strong></span> <span class='ocrx_word' id='word_1_70' title='bbox 600 488 669 520; x_wconf 77' lang='lat' dir='ltr'><strong>Quin</strong></span> <span class='ocrx_word' id='word_1_71' title='bbox 686 487 766 513; x_wconf 83' lang='lat' dir='ltr'><strong>etiam</strong></span> <span class='ocrx_word' id='word_1_72' title='bbox 782 487 900 512; x_wconf 88' lang='lat' dir='ltr'><strong>humana</strong></span> 
     </span>
    </p>
   </div>
   <div class='ocr_carea' id='block_1_12' title="bbox 106 532 901 569">
    <p class='ocr_par' dir='ltr' id='par_1_12' title="bbox 106 532 901 569">
     <span class='ocr_line' id='line_1_12' title="bbox 106 532 901 569; baseline -0.005 -8"><span class='ocrx_word' id='word_1_73' title='bbox 106 536 206 561; x_wconf 83' lang='lat' dir='ltr'><strong>omnia</strong></span> <span class='ocrx_word' id='word_1_74' title='bbox 227 534 300 567; x_wconf 89' lang='lat' dir='ltr'><strong>justa</strong></span> <span class='ocrx_word' id='word_1_75' title='bbox 319 534 519 569; x_wconf 87' lang='lat' dir='ltr'><strong>quodammodo</strong></span> <span class='ocrx_word' id='word_1_76' title='bbox 548 539 624 564; x_wconf 81' lang='lat' dir='ltr'><strong>sunt,</strong></span> <span class='ocrx_word' id='word_1_77' title='bbox 649 541 698 560; x_wconf 87' lang='lat' dir='ltr'><strong>nec</strong></span> <span class='ocrx_word' id='word_1_78' title='bbox 724 532 842 566; x_wconf 79' lang='lat' dir='ltr'><strong>reperire</strong></span> <span class='ocrx_word' id='word_1_79' title='bbox 858 534 901 557; x_wconf 84' lang='lat' dir='ltr'><strong>est</strong></span> 
     </span>
    </p>
   </div>
   <div class='ocr_carea' id='block_1_13' title="bbox 107 578 901 614">
    <p class='ocr_par' dir='ltr' id='par_1_13' title="bbox 107 578 901 614">
     <span class='ocr_line' id='line_1_13' title="bbox 107 578 901 614; baseline -0.006 -8"><span class='ocrx_word' id='word_1_80' title='bbox 107 580 283 614; x_wconf 75' lang='lat' dir='ltr'><strong>voluptatem</strong></span> <span class='ocrx_word' id='word_1_81' title='bbox 307 581 361 606; x_wconf 87' lang='lat' dir='ltr'><strong>ttlla</strong></span> <span class='ocrx_word' id='word_1_82' title='bbox 389 580 415 606; x_wconf 93' lang='lat' dir='ltr'><strong>in</strong></span> <span class='ocrx_word' id='word_1_83' title='bbox 439 587 468 606; x_wconf 90' lang='lat' dir='ltr'><strong>re</strong></span> <span class='ocrx_word' id='word_1_84' title='bbox 485 581 545 607; x_wconf 90' lang='lat' dir='ltr'><strong>sine</strong></span> <span class='ocrx_word' id='word_1_85' title='bbox 564 578 686 608; x_wconf 82' lang='lat' dir='ltr'><strong>tristitia.</strong></span> <span class='ocrx_word' id='word_1_86' title='bbox 705 582 732 604; x_wconf 82' lang='lat' dir='ltr'><strong>et</strong></span> <span class='ocrx_word' id='word_1_87' title='bbox 748 581 853 607; x_wconf 86' lang='lat' dir='ltr'><strong>contra,</strong></span> <span class='ocrx_word' id='word_1_88' title='bbox 871 580 901 601; x_wconf 86' lang='grc' dir='ltr'><strong>ιιι</strong></span> 
     </span>
    </p>
   </div>
   <div class='ocr_carea' id='block_1_14' title="bbox 107 623 898 663">
    <p class='ocr_par' dir='ltr' id='par_1_14' title="bbox 107 623 898 663">
     <span class='ocr_line' id='line_1_14' title="bbox 107 623 898 663; baseline -0.008 -10"><span class='ocrx_word' id='word_1_89' title='bbox 107 627 225 660; x_wconf 78' lang='lat' dir='ltr'><strong>sapiens</strong></span> <span class='ocrx_word' id='word_1_90' title='bbox 241 626 350 660; x_wconf 87' lang='lat' dir='ltr'><strong>qttidam</strong></span> <span class='ocrx_word' id='word_1_91' title='bbox 369 633 402 652; x_wconf 81' lang='lat' dir='ltr'><strong>ex</strong></span> <span class='ocrx_word' id='word_1_92' title='bbox 417 626 542 663; x_wconf 15' lang='lat' dir='ltr'><strong>antiquis,</strong></span> <span class='ocrx_word' id='word_1_93' title='bbox 554 625 620 651; x_wconf 82' lang='lat' dir='ltr'><strong>dixit</strong></span> <span class='ocrx_word' id='word_1_94' title='bbox 632 633 639 650; x_wconf 71' lang='grc' dir='ltr'><strong>ε</strong></span> <span class='ocrx_word' id='word_1_95' title='bbox 650 624 709 651; x_wconf 86' lang='lat' dir='ltr'><strong>Non</strong></span> <span class='ocrx_word' id='word_1_96' title='bbox 727 627 770 650; x_wconf 86' lang='lat' dir='ltr'><strong>est</strong></span> <span class='ocrx_word' id='word_1_97' title='bbox 784 623 810 649; x_wconf 94' lang='lat' dir='ltr'><strong>in</strong></span> <span class='ocrx_word' id='word_1_98' title='bbox 829 628 898 656; x_wconf 87' lang='lat' dir='ltr'><strong>quo-</strong></span> 
     </span>
    </p>
   </div>
   <div class='ocr_carea' id='block_1_15' title="bbox 107 670 899 706">
    <p class='ocr_par' dir='ltr' id='par_1_15' title="bbox 107 670 899 706">
     <span class='ocr_line' id='line_1_15' title="bbox 107 670 899 706; baseline -0.008 -7"><span class='ocrx_word' id='word_1_99' title='bbox 107 679 195 706; x_wconf 87' lang='lat' dir='ltr'><strong>quam</strong></span> <span class='ocrx_word' id='word_1_100' title='bbox 224 672 346 705; x_wconf 80' lang='lat' dir='ltr'><strong>reperire</strong></span> <span class='ocrx_word' id='word_1_101' title='bbox 371 672 454 698; x_wconf 80' lang='lat' dir='ltr'><strong>vitam</strong></span> <span class='ocrx_word' id='word_1_102' title='bbox 483 672 543 698; x_wconf 88' lang='lat' dir='ltr'><strong>sine</strong></span> <span class='ocrx_word' id='word_1_103' title='bbox 563 671 686 698; x_wconf 90' lang='lat' dir='ltr'><strong>tristitia.</strong></span> <span class='ocrx_word' id='word_1_104' title='bbox 704 670 820 696; x_wconf 81' lang='lat' dir='ltr'><strong>Dixisset</strong></span> <span class='ocrx_word' id='word_1_105' title='bbox 835 674 899 694; x_wconf 86' lang='lat' dir='ltr'><strong>vero</strong></span> 
     </span>
    </p>
   </div>
   <div class='ocr_carea' id='block_1_16' title="bbox 107 715 899 752">
    <p class='ocr_par' dir='ltr' id='par_1_16' title="bbox 107 715 899 752">
     <span class='ocr_line' id='line_1_16' title="bbox 107 715 899 752; baseline -0.008 -8"><span class='ocrx_word' id='word_1_106' title='bbox 107 722 137 744; x_wconf 81' lang='lat' dir='ltr'><strong>et</strong></span> <span class='ocrx_word' id='word_1_107' title='bbox 158 719 324 752; x_wconf 73' lang='lat' dir='ltr'><strong>oppositum,</strong></span> <span class='ocrx_word' id='word_1_108' title='bbox 350 718 372 744; x_wconf 89' lang='lat' dir='ltr'><strong>si</strong></span> <span class='ocrx_word' id='word_1_109' title='bbox 401 725 468 750; x_wconf 82' lang='lat' dir='ltr'><strong>opus</strong></span> <span class='ocrx_word' id='word_1_110' title='bbox 498 716 596 743; x_wconf 82' lang='lat' dir='ltr'><strong>fuisset</strong></span> <span class='ocrx_word' id='word_1_111' title='bbox 615 725 621 743; x_wconf 92' lang='lat'>:</span> <span class='ocrx_word' id='word_1_112' title='bbox 640 716 697 742; x_wconf 82' lang='lat' dir='ltr'><strong>Non</strong></span> <span class='ocrx_word' id='word_1_113' title='bbox 723 720 763 742; x_wconf 84' lang='lat' dir='ltr'><strong>est</strong></span> <span class='ocrx_word' id='word_1_114' title='bbox 784 715 809 740; x_wconf 93' lang='lat' dir='ltr'><strong>in</strong></span> <span class='ocrx_word' id='word_1_115' title='bbox 830 721 899 747; x_wconf 81' lang='lat' dir='ltr'><strong>quo-</strong></span> 
     </span>
    </p>
   </div>
   <div class='ocr_carea' id='block_1_17' title="bbox 108 759 896 798">
    <p class='ocr_par' dir='ltr' id='par_1_17' title="bbox 108 759 896 798">
     <span class='ocr_line' id='line_1_17' title="bbox 108 759 896 798; baseline -0.006 -9"><span class='ocrx_word' id='word_1_116' title='bbox 108 764 323 798; x_wconf 82' lang='lat' dir='ltr'><strong>quamrcperire</strong></span> <span class='ocrx_word' id='word_1_117' title='bbox 349 763 432 789; x_wconf 80' lang='lat' dir='ltr'><strong>vitam</strong></span> <span class='ocrx_word' id='word_1_118' title='bbox 455 762 602 795; x_wconf 71' lang='lat' dir='ltr'><strong>volup‘alis</strong></span> <span class='ocrx_word' id='word_1_119' title='bbox 625 765 773 795; x_wconf 81' lang='lat' dir='ltr'><strong>expertem.</strong></span> <span class='ocrx_word' id='word_1_120' title='bbox 790 759 859 791; x_wconf 83' lang='lat' dir='ltr'><strong>Quid</strong></span> <span class='ocrx_word' id='word_1_121' title='bbox 875 759 896 785; x_wconf 66' lang='lat' dir='ltr'><strong>si</strong></span> 
     </span>
    </p>
   </div>
   <div class='ocr_carea' id='block_1_18' title="bbox 108 805 895 843">
    <p class='ocr_par' dir='ltr' id='par_1_18' title="bbox 108 805 895 843">
     <span class='ocr_line' id='line_1_18' title="bbox 108 805 895 843; baseline -0.008 -8"><span class='ocrx_word' id='word_1_122' title='bbox 108 809 257 842; x_wconf 75' lang='lat' dir='ltr'><strong>przevaleat</strong></span> <span class='ocrx_word' id='word_1_123' title='bbox 270 809 341 843; x_wconf 88' lang='lat' dir='ltr'><strong>quod</strong></span> <span class='ocrx_word' id='word_1_124' title='bbox 355 808 450 838; x_wconf 83' lang='lat' dir='ltr'><strong>vincit,</strong></span> <span class='ocrx_word' id='word_1_125' title='bbox 463 808 575 835; x_wconf 89' lang='lat' dir='ltr'><strong>omnino</strong></span> <span class='ocrx_word' id='word_1_126' title='bbox 589 814 700 834; x_wconf 78' lang='lat' dir='ltr'><strong>necesse</strong></span> <span class='ocrx_word' id='word_1_127' title='bbox 714 810 755 833; x_wconf 76' lang='lat' dir='ltr'><strong>est</strong></span> <span class='ocrx_word' id='word_1_128' title='bbox 767 805 895 834; x_wconf 76' lang='lat' dir='ltr'><strong>inferius,</strong></span> 
     </span>
    </p>
   </div>
   <div class='ocr_carea' id='block_1_19' title="bbox 963 215 1742 253">
    <p class='ocr_par' dir='ltr' id='par_1_19' title="bbox 963 215 1742 253">
     <span class='ocr_line' id='line_1_19' title="bbox 963 215 1742 253; baseline 0.009 -11"><span class='ocrx_word' id='word_1_129' title='bbox 963 215 1140 243; x_wconf 83' lang='lat' dir='ltr'><strong>Conlidenter</strong></span> <span class='ocrx_word' id='word_1_130' title='bbox 1155 216 1228 241; x_wconf 89' lang='lat' dir='ltr'><strong>enim</strong></span> <span class='ocrx_word' id='word_1_131' title='bbox 1244 215 1406 243; x_wconf 76' lang='lat' dir='ltr'><strong>aﬂirtnarem</strong></span> <span class='ocrx_word' id='word_1_132' title='bbox 1416 225 1491 250; x_wconf 63' lang='lat' dir='ltr'><strong>aeque</strong></span> <span class='ocrx_word' id='word_1_133' title='bbox 1504 227 1535 246; x_wconf 85' lang='lat' dir='ltr'><strong>ac</strong></span> <span class='ocrx_word' id='word_1_134' title='bbox 1547 221 1654 253; x_wconf 85' lang='lat' dir='ltr'><strong>quidvis</strong></span> <span class='ocrx_word' id='word_1_135' title='bbox 1669 224 1742 251; x_wconf 69' lang='lat' dir='ltr'><strong>aliud</strong></span> 
     </span>
    </p>
   </div>
   <div class='ocr_carea' id='block_1_20' title="bbox 963 262 1739 299">
    <p class='ocr_par' dir='ltr' id='par_1_20' title="bbox 963 262 1739 299">
     <span class='ocr_line' id='line_1_20' title="bbox 963 262 1739 299; baseline 0.006 -10"><span class='ocrx_word' id='word_1_136' title='bbox 963 270 1015 289; x_wconf 84' lang='lat' dir='ltr'><strong>non</strong></span> <span class='ocrx_word' id='word_1_137' title='bbox 1033 263 1123 288; x_wconf 88' lang='lat' dir='ltr'><strong>tnintts</strong></span> <span class='ocrx_word' id='word_1_138' title='bbox 1138 262 1256 288; x_wconf 87' lang='lat' dir='ltr'><strong>animam</strong></span> <span class='ocrx_word' id='word_1_139' title='bbox 1270 262 1329 296; x_wconf 82' lang='lat' dir='ltr'><strong>ejus</strong></span> <span class='ocrx_word' id='word_1_140' title='bbox 1344 270 1424 296; x_wconf 88' lang='lat' dir='ltr'><strong>qttatn</strong></span> <span class='ocrx_word' id='word_1_141' title='bbox 1440 263 1500 291; x_wconf 77' lang='lat' dir='ltr'><strong>Filii</strong></span> <span class='ocrx_word' id='word_1_142' title='bbox 1513 267 1656 299; x_wconf 73' lang='lat' dir='ltr'><strong>pertulisse</strong></span> <span class='ocrx_word' id='word_1_143' title='bbox 1666 269 1739 295; x_wconf 89' lang='lat' dir='ltr'><strong>dolo-</strong></span> 
     </span>
    </p>
   </div>
   <div class='ocr_carea' id='block_1_21' title="bbox 963 307 1742 343">
    <p class='ocr_par' dir='ltr' id='par_1_21' title="bbox 963 307 1742 343">
     <span class='ocr_line' id='line_1_21' title="bbox 963 307 1742 343; baseline 0.005 -10"><span class='ocrx_word' id='word_1_144' title='bbox 963 316 1006 334; x_wconf 81' lang='lat' dir='ltr'><strong>res</strong></span> <span class='ocrx_word' id='word_1_145' title='bbox 1019 327 1026 338; x_wconf 88' lang='lat'><strong>,</strong></span> <span class='ocrx_word' id='word_1_146' title='bbox 1048 307 1157 341; x_wconf 79' lang='lat' dir='ltr'><strong>quando</strong></span> <span class='ocrx_word' id='word_1_147' title='bbox 1174 307 1296 334; x_wconf 91' lang='lat' dir='ltr'><strong>divinum</strong></span> <span class='ocrx_word' id='word_1_148' title='bbox 1319 308 1382 334; x_wconf 87' lang='lat' dir='ltr'><strong>illud</strong></span> <span class='ocrx_word' id='word_1_149' title='bbox 1401 317 1502 343; x_wconf 80' lang='lat' dir='ltr'><strong>corpus</strong></span> <span class='ocrx_word' id='word_1_150' title='bbox 1521 319 1535 337; x_wconf 83' lang='lat' dir='ltr'><strong>a</strong></span> <span class='ocrx_word' id='word_1_151' title='bbox 1558 312 1669 340; x_wconf 78' lang='lat' dir='ltr'><strong>nefariis</strong></span> <span class='ocrx_word' id='word_1_152' title='bbox 1690 315 1742 342; x_wconf 75' lang='lat' dir='ltr'><strong>illis</strong></span> 
     </span>
    </p>
   </div>
   <div class='ocr_carea' id='block_1_22' title="bbox 963 353 1743 394">
    <p class='ocr_par' dir='ltr' id='par_1_22' title="bbox 963 353 1743 394">
     <span class='ocr_line' id='line_1_22' title="bbox 963 353 1743 394; baseline 0.009 -15"><span class='ocrx_word' id='word_1_153' title='bbox 963 359 989 379; x_wconf 86' lang='lat' dir='ltr'><strong>et</strong></span> <span class='ocrx_word' id='word_1_154' title='bbox 1007 353 1190 387; x_wconf 71' lang='lat' dir='ltr'><strong>sanguinariis</strong></span> <span class='ocrx_word' id='word_1_155' title='bbox 1219 354 1350 387; x_wconf 79' lang='lat' dir='ltr'><strong>figebatur</strong></span> <span class='ocrx_word' id='word_1_156' title='bbox 1364 355 1543 389; x_wconf 82' lang='lat' dir='ltr'><strong>vulneribus;</strong></span> <span class='ocrx_word' id='word_1_157' title='bbox 1560 362 1584 384; x_wconf 79' lang='lat' dir='ltr'><strong>et</strong></span> <span class='ocrx_word' id='word_1_158' title='bbox 1605 359 1666 391; x_wconf 85' lang='lat' dir='ltr'><strong>jure</strong></span> <span class='ocrx_word' id='word_1_159' title='bbox 1682 362 1743 394; x_wconf 86' lang='lat' dir='ltr'><strong>qui-</strong></span> 
     </span>
    </p>
   </div>
   <div class='ocr_carea' id='block_1_23' title="bbox 961 399 1740 437">
    <p class='ocr_par' dir='ltr' id='par_1_23' title="bbox 961 399 1740 437">
     <span class='ocr_line' id='line_1_23' title="bbox 961 399 1740 437; baseline 0.008 -12"><span class='ocrx_word' id='word_1_160' title='bbox 961 399 1033 430; x_wconf 88' lang='lat' dir='ltr'><strong>dem,</strong></span> <span class='ocrx_word' id='word_1_161' title='bbox 1046 406 1107 425; x_wconf 87' lang='lat' dir='ltr'><strong>eum</strong></span> <span class='ocrx_word' id='word_1_162' title='bbox 1122 399 1156 426; x_wconf 91' lang='lat' dir='ltr'><strong>ob</strong></span> <span class='ocrx_word' id='word_1_163' title='bbox 1169 403 1280 425; x_wconf 71' lang='lat' dir='ltr'><strong>cwtct&#39;as</strong></span> <span class='ocrx_word' id='word_1_164' title='bbox 1292 407 1388 426; x_wconf 86' lang='lat' dir='ltr'><strong>omnes</strong></span> <span class='ocrx_word' id='word_1_165' title='bbox 1407 408 1515 433; x_wconf 79' lang='lat' dir='ltr'><strong>causas.</strong></span> <span class='ocrx_word' id='word_1_166' title='bbox 1531 406 1587 429; x_wconf 87' lang='lat' dir='ltr'><strong>ttttn</strong></span> <span class='ocrx_word' id='word_1_167' title='bbox 1599 404 1634 430; x_wconf 89' lang='lat' dir='ltr'><strong>ob</strong></span> <span class='ocrx_word' id='word_1_168' title='bbox 1650 405 1721 431; x_wconf 84' lang='lat' dir='ltr'><strong>illam</strong></span> <span class='ocrx_word' id='word_1_169' title='bbox 1734 428 1740 437; x_wconf 85' lang='grc'><em>,</em></span> 
     </span>
    </p>
   </div>
   <div class='ocr_carea' id='block_1_24' title="bbox 961 445 1743 482">
    <p class='ocr_par' dir='ltr' id='par_1_24' title="bbox 961 445 1743 482">
     <span class='ocr_line' id='line_1_24' title="bbox 961 445 1743 482; baseline 0.012 -13"><span class='ocrx_word' id='word_1_170' title='bbox 961 452 1022 470; x_wconf 93' lang='lat' dir='ltr'><strong>nam</strong></span> <span class='ocrx_word' id='word_1_171' title='bbox 1035 445 1107 470; x_wconf 84' lang='lat' dir='ltr'><strong>sicut</strong></span> <span class='ocrx_word' id='word_1_172' title='bbox 1124 451 1157 470; x_wconf 90' lang='lat' dir='ltr'><strong>co</strong></span> <span class='ocrx_word' id='word_1_173' title='bbox 1177 445 1270 471; x_wconf 91' lang='lat' dir='ltr'><strong>mundi</strong></span> <span class='ocrx_word' id='word_1_174' title='bbox 1288 446 1437 479; x_wconf 73' lang='lat' dir='ltr'><strong>principem</strong></span> <span class='ocrx_word' id='word_1_175' title='bbox 1453 455 1466 473; x_wconf 90' lang='lat' dir='ltr'><strong>a</strong></span> <span class='ocrx_word' id='word_1_176' title='bbox 1483 449 1634 482; x_wconf 82' lang='lat' dir='ltr'><strong>principatu</strong></span> <span class='ocrx_word' id='word_1_177' title='bbox 1650 457 1743 478; x_wconf 78' lang='lat' dir='ltr'><strong>extur-</strong></span> 
     </span>
    </p>
   </div>
   <div class='ocr_carea' id='block_1_25' title="bbox 962 489 1742 529">
    <p class='ocr_par' dir='ltr' id='par_1_25' title="bbox 962 489 1742 529">
     <span class='ocr_line' id='line_1_25' title="bbox 962 489 1742 529; baseline 0.01 -15"><span class='ocrx_word' id='word_1_178' title='bbox 962 490 1042 515; x_wconf 86' lang='lat' dir='ltr'><strong>bante</strong></span> <span class='ocrx_word' id='word_1_179' title='bbox 1056 489 1201 523; x_wconf 76' lang='lat' dir='ltr'><strong>gaudebat,</strong></span> <span class='ocrx_word' id='word_1_180' title='bbox 1223 490 1259 516; x_wconf 89' lang='lat' dir='ltr'><strong>ita</strong></span> <span class='ocrx_word' id='word_1_181' title='bbox 1277 495 1302 516; x_wconf 80' lang='lat' dir='ltr'><strong>et</strong></span> <span class='ocrx_word' id='word_1_182' title='bbox 1319 491 1436 524; x_wconf 84' lang='lat' dir='ltr'><strong>patiente</strong></span> <span class='ocrx_word' id='word_1_183' title='bbox 1462 494 1613 526; x_wconf 70' lang='lat' dir='ltr'><strong>patir-batur</strong></span> <span class='ocrx_word' id='word_1_184' title='bbox 1638 496 1697 529; x_wconf 74' lang='lat' dir='ltr'><strong>jure</strong></span> <span class='ocrx_word' id='word_1_185' title='bbox 1714 501 1742 522; x_wconf 90' lang='lat' dir='ltr'><strong>ut</strong></span> 
     </span>
    </p>
   </div>
   <div class='ocr_carea' id='block_1_26' title="bbox 962 533 1740 575">
    <p class='ocr_par' dir='ltr' id='par_1_26' title="bbox 962 533 1740 575">
     <span class='ocr_line' id='line_1_26' title="bbox 962 533 1740 575; baseline 0.01 -16"><span class='ocrx_word' id='word_1_186' title='bbox 962 533 1046 560; x_wconf 91' lang='lat' dir='ltr'><strong>Mater</strong></span> <span class='ocrx_word' id='word_1_187' title='bbox 1061 535 1181 560; x_wconf 88' lang='lat' dir='ltr'><strong>omnium</strong></span> <span class='ocrx_word' id='word_1_188' title='bbox 1197 536 1252 561; x_wconf 88' lang='lat' dir='ltr'><strong>nati</strong></span> <span class='ocrx_word' id='word_1_189' title='bbox 1263 537 1461 569; x_wconf 80' lang='lat' dir='ltr'><strong>amantissima,</strong></span> <span class='ocrx_word' id='word_1_190' title='bbox 1478 539 1548 565; x_wconf 83' lang='lat' dir='ltr'><strong>sicut</strong></span> <span class='ocrx_word' id='word_1_191' title='bbox 1563 544 1589 566; x_wconf 84' lang='lat' dir='ltr'><strong>et</strong></span> <span class='ocrx_word' id='word_1_192' title='bbox 1606 541 1740 575; x_wconf 77' lang='lat' dir='ltr'><strong>virginum</strong></span> 
     </span>
    </p>
   </div>
   <div class='ocr_carea' id='block_1_27' title="bbox 960 578 1742 621">
    <p class='ocr_par' dir='ltr' id='par_1_27' title="bbox 960 578 1742 621">
     <span class='ocr_line' id='line_1_27' title="bbox 960 578 1742 621; baseline 0.013 -17"><span class='ocrx_word' id='word_1_193' title='bbox 960 578 1161 606; x_wconf 81' lang='lat' dir='ltr'><strong>ﬂorentissima.</strong></span> <span class='ocrx_word' id='word_1_194' title='bbox 1188 580 1305 607; x_wconf 76' lang='lat' dir='ltr'><strong>Pertulit</strong></span> <span class='ocrx_word' id='word_1_195' title='bbox 1323 582 1405 615; x_wconf 76' lang='lat' dir='ltr'><strong>igitur</strong></span> <span class='ocrx_word' id='word_1_196' title='bbox 1429 584 1585 611; x_wconf 75' lang='lat' dir='ltr'><strong>ebarissitui</strong></span> <span class='ocrx_word' id='word_1_197' title='bbox 1610 593 1742 621; x_wconf 88' lang='lat' dir='ltr'><strong>corpora-</strong></span> 
     </span>
    </p>
   </div>
   <div class='ocr_carea' id='block_1_28' title="bbox 960 625 1737 667">
    <p class='ocr_par' dir='ltr' id='par_1_28' title="bbox 960 625 1737 667">
     <span class='ocr_line' id='line_1_28' title="bbox 960 625 1737 667; baseline 0.013 -17"><span class='ocrx_word' id='word_1_198' title='bbox 960 625 1012 651; x_wconf 90' lang='lat' dir='ltr'><strong>lem</strong></span> <span class='ocrx_word' id='word_1_199' title='bbox 1030 625 1242 658; x_wconf 74' lang='lat' dir='ltr'><strong>disiunctionem</strong></span> <span class='ocrx_word' id='word_1_200' title='bbox 1257 627 1289 653; x_wconf 87' lang='lat' dir='ltr'><strong>ad</strong></span> <span class='ocrx_word' id='word_1_201' title='bbox 1305 631 1423 662; x_wconf 81' lang='lat' dir='ltr'><strong>tempus,</strong></span> <span class='ocrx_word' id='word_1_202' title='bbox 1448 638 1500 655; x_wconf 89' lang='lat' dir='ltr'><strong>non</strong></span> <span class='ocrx_word' id='word_1_203' title='bbox 1519 631 1579 657; x_wconf 79' lang='lat' dir='ltr'><strong>sine</strong></span> <span class='ocrx_word' id='word_1_204' title='bbox 1595 632 1737 667; x_wconf 86' lang='lat' dir='ltr'><strong>lacrymis:</strong></span> 
     </span>
    </p>
   </div>
   <div class='ocr_carea' id='block_1_29' title="bbox 959 669 1739 712">
    <p class='ocr_par' dir='ltr' id='par_1_29' title="bbox 959 669 1739 712">
     <span class='ocr_line' id='line_1_29' title="bbox 959 669 1739 712; baseline 0.015 -18"><span class='ocrx_word' id='word_1_205' title='bbox 959 669 1094 704; x_wconf 76' lang='lat' dir='ltr'><strong>gaudebat</strong></span> <span class='ocrx_word' id='word_1_206' title='bbox 1110 674 1200 696; x_wconf 82' lang='lat' dir='ltr'><strong>tamen</strong></span> <span class='ocrx_word' id='word_1_207' title='bbox 1213 679 1266 697; x_wconf 82' lang='lat' dir='ltr'><strong>una</strong></span> <span class='ocrx_word' id='word_1_208' title='bbox 1282 680 1342 698; x_wconf 80' lang='lat' dir='ltr'><strong>cum</strong></span> <span class='ocrx_word' id='word_1_209' title='bbox 1355 673 1400 699; x_wconf 93' lang='lat' dir='ltr'><strong>illo</strong></span> <span class='ocrx_word' id='word_1_210' title='bbox 1417 680 1571 702; x_wconf 72' lang='lat' dir='ltr'><strong>revertr-nte.</strong></span> <span class='ocrx_word' id='word_1_211' title='bbox 1583 677 1608 704; x_wconf 93' lang='lat' dir='ltr'><strong>in</strong></span> <span class='ocrx_word' id='word_1_212' title='bbox 1629 679 1739 712; x_wconf 67' lang='lat' dir='ltr'><strong>malum,</strong></span> 
     </span>
    </p>
   </div>
   <div class='ocr_carea' id='block_1_30' title="bbox 957 715 1740 758">
    <p class='ocr_par' dir='ltr' id='par_1_30' title="bbox 957 715 1740 758">
     <span class='ocr_line' id='line_1_30' title="bbox 957 715 1740 758; baseline 0.014 -18"><span class='ocrx_word' id='word_1_213' title='bbox 957 719 984 741; x_wconf 85' lang='lat' dir='ltr'><strong>ct</strong></span> <span class='ocrx_word' id='word_1_214' title='bbox 1002 722 1061 741; x_wconf 88' lang='lat' dir='ltr'><strong>cum</strong></span> <span class='ocrx_word' id='word_1_215' title='bbox 1077 715 1122 740; x_wconf 89' lang='lat' dir='ltr'><strong>illo</strong></span> <span class='ocrx_word' id='word_1_216' title='bbox 1135 716 1240 742; x_wconf 79' lang='lat' dir='ltr'><strong>vivebat</strong></span> <span class='ocrx_word' id='word_1_217' title='bbox 1259 717 1356 750; x_wconf 83' lang='lat' dir='ltr'><strong>spiritu</strong></span> <span class='ocrx_word' id='word_1_218' title='bbox 1379 719 1616 754; x_wconf 69' lang='lat' dir='ltr'><strong>coniunctissima,</strong></span> <span class='ocrx_word' id='word_1_219' title='bbox 1646 728 1740 758; x_wconf 78' lang='lat' dir='ltr'><strong>utpote</strong></span> 
     </span>
    </p>
   </div>
   <div class='ocr_carea' id='block_1_31' title="bbox 959 759 1739 798">
    <p class='ocr_par' dir='ltr' id='par_1_31' title="bbox 959 759 1739 798">
     <span class='ocr_line' id='line_1_31' title="bbox 959 759 1739 798; baseline 0.014 -13"><span class='ocrx_word' id='word_1_220' title='bbox 959 759 1052 792; x_wconf 83' lang='lat' dir='ltr'><strong>Mater,</strong></span> <span class='ocrx_word' id='word_1_221' title='bbox 1077 761 1147 787; x_wconf 77' lang='lat' dir='ltr'><strong>sicut</strong></span> <span class='ocrx_word' id='word_1_222' title='bbox 1163 767 1189 788; x_wconf 87' lang='lat' dir='ltr'><strong>et</strong></span> <span class='ocrx_word' id='word_1_223' title='bbox 1212 762 1256 788; x_wconf 86' lang='lat' dir='ltr'><strong>ille</strong></span> <span class='ocrx_word' id='word_1_224' title='bbox 1273 772 1332 789; x_wconf 79' lang='lat' dir='ltr'><strong>cum</strong></span> <span class='ocrx_word' id='word_1_225' title='bbox 1349 764 1406 798; x_wconf 76' lang='lat' dir='ltr'><strong>ipsa</strong></span> <span class='ocrx_word' id='word_1_226' title='bbox 1418 774 1424 796; x_wconf 84' lang='lat'><strong>;</strong></span> <span class='ocrx_word' id='word_1_227' title='bbox 1438 766 1502 798; x_wconf 85' lang='lat' dir='ltr'><strong>quin</strong></span> <span class='ocrx_word' id='word_1_228' title='bbox 1521 768 1600 793; x_wconf 82' lang='lat' dir='ltr'><strong>etiam</strong></span> <span class='ocrx_word' id='word_1_229' title='bbox 1613 769 1693 796; x_wconf 85' lang='lat' dir='ltr'><strong>simul</strong></span> <span class='ocrx_word' id='word_1_230' title='bbox 1708 777 1739 796; x_wconf 84' lang='lat' dir='ltr'><strong>ac</strong></span> 
     </span>
    </p>
   </div>
   <div class='ocr_carea' id='block_1_32' title="bbox 958 805 1736 847">
    <p class='ocr_par' dir='ltr' id='par_1_32' title="bbox 958 805 1736 847">
     <span class='ocr_line' id='line_1_32' title="bbox 958 805 1736 847; baseline 0.015 -17"><span class='ocrx_word' id='word_1_231' title='bbox 958 809 1020 831; x_wconf 86' lang='lat' dir='ltr'><strong>nata</strong></span> <span class='ocrx_word' id='word_1_232' title='bbox 1037 805 1096 836; x_wconf 87' lang='lat' dir='ltr'><strong>fuit,</strong></span> <span class='ocrx_word' id='word_1_233' title='bbox 1114 806 1228 832; x_wconf 70' lang='lat' dir='ltr'><strong>dixerim</strong></span> <span class='ocrx_word' id='word_1_234' title='bbox 1249 815 1357 841; x_wconf 79' lang='lat' dir='ltr'><strong>quoque</strong></span> <span class='ocrx_word' id='word_1_235' title='bbox 1376 809 1541 844; x_wconf 77' lang='lat' dir='ltr'><strong>simulatque</strong></span> <span class='ocrx_word' id='word_1_236' title='bbox 1558 819 1688 847; x_wconf 83' lang='lat' dir='ltr'><strong>concepta</strong></span> <span class='ocrx_word' id='word_1_237' title='bbox 1708 815 1736 842; x_wconf 82' lang='grc' dir='ltr'><strong>Β.</strong></span> 
     </span>
    </p>
   </div>
   <div class='ocr_carea' id='block_1_33' title="bbox 109 848 1738 897">
    <p class='ocr_par' dir='ltr' id='par_1_33' title="bbox 109 848 1738 897">
     <span class='ocr_line' id='line_1_33' title="bbox 109 848 1738 897; baseline 0.004 -16"><span class='ocrx_word' id='word_1_238' title='bbox 109 860 137 881; x_wconf 87' lang='lat' dir='ltr'><strong>et</strong></span> <span class='ocrx_word' id='word_1_239' title='bbox 158 854 276 882; x_wconf 87' lang='lat' dir='ltr'><strong>debilitts</strong></span> <span class='ocrx_word' id='word_1_240' title='bbox 295 855 386 882; x_wconf 84' lang='lat' dir='ltr'><strong>statim</strong></span> <span class='ocrx_word' id='word_1_241' title='bbox 405 855 483 889; x_wconf 87' lang='lat' dir='ltr'><strong>plane</strong></span> <span class='ocrx_word' id='word_1_242' title='bbox 505 854 584 881; x_wconf 81' lang='lat' dir='ltr'><strong>cedat</strong></span> <span class='ocrx_word' id='word_1_243' title='bbox 609 852 713 880; x_wconf 87' lang='lat' dir='ltr'><strong>fortiori</strong></span> <span class='ocrx_word' id='word_1_244' title='bbox 735 856 816 885; x_wconf 84' lang='lat' dir='ltr'><strong>atque</strong></span> <span class='ocrx_word' id='word_1_245' title='bbox 841 850 897 876; x_wconf 82' lang='lat' dir='ltr'><strong>ma-</strong></span> <span class='ocrx_word' id='word_1_246' title='bbox 915 850 938 879; x_wconf 87' lang='grc' dir='ltr'><strong>Β</strong></span> <span class='ocrx_word' id='word_1_247' title='bbox 959 848 1052 897; x_wconf 77' lang='lat' dir='ltr'><strong>Virgo,</strong></span> <span class='ocrx_word' id='word_1_248' title='bbox 1067 858 1115 877; x_wconf 87' lang='lat' dir='ltr'><strong>sua</strong></span> <span class='ocrx_word' id='word_1_249' title='bbox 1131 851 1204 878; x_wconf 87' lang='lat' dir='ltr'><strong>illam</strong></span> <span class='ocrx_word' id='word_1_250' title='bbox 1222 854 1308 885; x_wconf 60' lang='lat' dir='ltr'><strong>gratia</strong></span> <span class='ocrx_word' id='word_1_251' title='bbox 1326 854 1463 888; x_wconf 80' lang='lat' dir='ltr'><strong>implebat,</strong></span> <span class='ocrx_word' id='word_1_252' title='bbox 1488 857 1533 897; x_wconf 83' lang='lat' dir='ltr'><strong>qui</strong></span> <span class='ocrx_word' id='word_1_253' title='bbox 1554 858 1606 885; x_wconf 84' lang='lat' dir='ltr'><strong>sibi</strong></span> <span class='ocrx_word' id='word_1_254' title='bbox 1621 859 1738 887; x_wconf 87' lang='lat' dir='ltr'><strong>futuram</strong></span> 
     </span>
    </p>
   </div>
   <div class='ocr_carea' id='block_1_34' title="bbox 108 897 894 934">
    <p class='ocr_par' dir='ltr' id='par_1_34' title="bbox 108 897 894 934">
     <span class='ocr_line' id='line_1_34' title="bbox 108 897 894 934; baseline -0.006 -8"><span class='ocrx_word' id='word_1_255' title='bbox 108 900 176 934; x_wconf 84' lang='lat' dir='ltr'><strong>jori.</strong></span> <span class='ocrx_word' id='word_1_256' title='bbox 190 900 258 928; x_wconf 88' lang='lat' dir='ltr'><strong>Cum</strong></span> <span class='ocrx_word' id='word_1_257' title='bbox 276 901 334 928; x_wconf 60' lang='lat' dir='ltr'><strong>hate</strong></span> <span class='ocrx_word' id='word_1_258' title='bbox 351 901 387 927; x_wconf 89' lang='lat' dir='ltr'><strong>ita</strong></span> <span class='ocrx_word' id='word_1_259' title='bbox 403 901 468 931; x_wconf 88' lang='lat' dir='ltr'><strong>sint,</strong></span> <span class='ocrx_word' id='word_1_260' title='bbox 485 900 581 934; x_wconf 85' lang='lat' dir='ltr'><strong>quidni</strong></span> <span class='ocrx_word' id='word_1_261' title='bbox 603 899 747 926; x_wconf 88' lang='lat' dir='ltr'><strong>dicendum</strong></span> <span class='ocrx_word' id='word_1_262' title='bbox 772 897 894 924; x_wconf 84' lang='lat' dir='ltr'><strong>dolorem</strong></span> 
     </span>
    </p>
   </div>
   <div class='ocr_carea' id='block_1_35' title="bbox 110 943 896 979">
    <p class='ocr_par' dir='ltr' id='par_1_35' title="bbox 110 943 896 979">
     <span class='ocr_line' id='line_1_35' title="bbox 110 943 896 979; baseline -0.006 -7"><span class='ocrx_word' id='word_1_263' title='bbox 110 950 178 973; x_wconf 86' lang='lat' dir='ltr'><strong>tunc</strong></span> <span class='ocrx_word' id='word_1_264' title='bbox 193 947 227 974; x_wconf 83' lang='lat' dir='ltr'><strong>ab</strong></span> <span class='ocrx_word' id='word_1_265' title='bbox 241 946 286 973; x_wconf 86' lang='lat' dir='ltr'><strong>illa</strong></span> <span class='ocrx_word' id='word_1_266' title='bbox 306 947 458 973; x_wconf 87' lang='lat' dir='ltr'><strong>vehementi</strong></span> <span class='ocrx_word' id='word_1_267' title='bbox 486 946 590 977; x_wconf 64' lang='lat' dir='ltr'><strong>laetitia,</strong></span> <span class='ocrx_word' id='word_1_268' title='bbox 609 952 662 979; x_wconf 83' lang='lat' dir='ltr'><strong>qua</strong></span> <span class='ocrx_word' id='word_1_269' title='bbox 678 944 722 970; x_wconf 84' lang='lat' dir='ltr'><strong>Dei</strong></span> <span class='ocrx_word' id='word_1_270' title='bbox 737 943 821 970; x_wconf 85' lang='lat' dir='ltr'><strong>Mater</strong></span> <span class='ocrx_word' id='word_1_271' title='bbox 833 949 896 976; x_wconf 79' lang='lat' dir='ltr'><strong>per-</strong></span> 
     </span>
    </p>
   </div>
   <div class='ocr_carea' id='block_1_36' title="bbox 110 987 894 1023">
    <p class='ocr_par' dir='ltr' id='par_1_36' title="bbox 110 987 894 1023">
     <span class='ocr_line' id='line_1_36' title="bbox 110 987 894 1023; baseline -0.008 -4"><span class='ocrx_word' id='word_1_272' title='bbox 110 992 277 1019; x_wconf 76' lang='lat' dir='ltr'><strong>fundebatur</strong></span> <span class='ocrx_word' id='word_1_273' title='bbox 295 992 350 1019; x_wconf 85' lang='lat' dir='ltr'><strong>vita</strong></span> <span class='ocrx_word' id='word_1_274' title='bbox 374 992 519 1022; x_wconf 83' lang='lat' dir='ltr'><strong>excedens,</strong></span> <span class='ocrx_word' id='word_1_275' title='bbox 536 991 619 1018; x_wconf 84' lang='lat' dir='ltr'><strong>fuisse</strong></span> <span class='ocrx_word' id='word_1_276' title='bbox 637 988 814 1023; x_wconf 87' lang='lat' dir='ltr'><strong>absorptum?</strong></span> <span class='ocrx_word' id='word_1_277' title='bbox 828 987 894 1013; x_wconf 84' lang='lat' dir='ltr'><strong>Nam</strong></span> 
     </span>
    </p>
   </div>
   <div class='ocr_carea' id='block_1_37' title="bbox 111 1033 895 1073">
    <p class='ocr_par' dir='ltr' id='par_1_37' title="bbox 111 1033 895 1073">
     <span class='ocr_line' id='line_1_37' title="bbox 111 1033 895 1073; baseline -0.009 -8"><span class='ocrx_word' id='word_1_278' title='bbox 111 1039 134 1066; x_wconf 87' lang='lat' dir='ltr'><strong>si</strong></span> <span class='ocrx_word' id='word_1_279' title='bbox 160 1046 223 1073; x_wconf 75' lang='lat' dir='ltr'><strong>quae</strong></span> <span class='ocrx_word' id='word_1_280' title='bbox 249 1046 262 1064; x_wconf 88' lang='lat' dir='ltr'><strong>a</strong></span> <span class='ocrx_word' id='word_1_281' title='bbox 285 1037 354 1064; x_wconf 84' lang='lat' dir='ltr'><strong>Filio</strong></span> <span class='ocrx_word' id='word_1_282' title='bbox 378 1038 494 1071; x_wconf 79' lang='lat' dir='ltr'><strong>reposita</strong></span> <span class='ocrx_word' id='word_1_283' title='bbox 517 1037 567 1064; x_wconf 89' lang='lat' dir='ltr'><strong>sibi</strong></span> <span class='ocrx_word' id='word_1_284' title='bbox 597 1040 675 1063; x_wconf 86' lang='lat' dir='ltr'><strong>erant</strong></span> <span class='ocrx_word' id='word_1_285' title='bbox 701 1035 728 1061; x_wconf 92' lang='lat' dir='ltr'><strong>in</strong></span> <span class='ocrx_word' id='word_1_286' title='bbox 751 1033 821 1060; x_wconf 70' lang='lat' dir='ltr'><strong>malo</strong></span> <span class='ocrx_word' id='word_1_287' title='bbox 836 1035 895 1066; x_wconf 84' lang='lat' dir='ltr'><strong>post</strong></span> 
     </span>
    </p>
   </div>
   <div class='ocr_carea' id='block_1_38' title="bbox 109 1082 894 1115">
    <p class='ocr_par' dir='ltr' id='par_1_38' title="bbox 109 1082 894 1115">
     <span class='ocr_line' id='line_1_38' title="bbox 109 1082 894 1115; baseline -0.011 -3"><span class='ocrx_word' id='word_1_288' title='bbox 109 1087 197 1112; x_wconf 80' lang='lat' dir='ltr'><strong>vitam</strong></span> <span class='ocrx_word' id='word_1_289' title='bbox 223 1085 293 1111; x_wconf 85' lang='lat' dir='ltr'><strong>hanc</strong></span> <span class='ocrx_word' id='word_1_290' title='bbox 315 1082 439 1113; x_wconf 81' lang='lat' dir='ltr'><strong>fruenda.</strong></span> <span class='ocrx_word' id='word_1_291' title='bbox 473 1083 576 1109; x_wconf 85' lang='lat' dir='ltr'><strong>habens</strong></span> <span class='ocrx_word' id='word_1_292' title='bbox 605 1084 737 1115; x_wconf 81' lang='lat' dir='ltr'><strong>perpetuo</strong></span> <span class='ocrx_word' id='word_1_293' title='bbox 761 1085 894 1106; x_wconf 84' lang='lat' dir='ltr'><strong>summam</strong></span> 
     </span>
    </p>
   </div>
   <div class='ocr_carea' id='block_1_39' title="bbox 109 1124 895 1164">
    <p class='ocr_par' dir='ltr' id='par_1_39' title="bbox 109 1124 895 1164">
     <span class='ocr_line' id='line_1_39' title="bbox 109 1124 895 1164; baseline -0.011 -7"><span class='ocrx_word' id='word_1_294' title='bbox 109 1131 278 1164; x_wconf 62' lang='lat' dir='ltr'><strong>voluptatem</strong></span> <span class='ocrx_word' id='word_1_295' title='bbox 304 1127 480 1163; x_wconf 77' lang='lat' dir='ltr'><strong>&quot;percipiebat</strong></span> <span class='ocrx_word' id='word_1_296' title='bbox 501 1135 508 1154; x_wconf 88' lang='lat'><strong>:</strong></span> <span class='ocrx_word' id='word_1_297' title='bbox 538 1134 588 1154; x_wconf 87' lang='lat' dir='ltr'><strong>cur</strong></span> <span class='ocrx_word' id='word_1_298' title='bbox 611 1124 809 1160; x_wconf 64' lang='lat' dir='ltr'><strong>praeferendum</strong></span> <span class='ocrx_word' id='word_1_299' title='bbox 840 1130 895 1149; x_wconf 92' lang='lat' dir='ltr'><strong>non</strong></span> 
     </span>
    </p>
   </div>
   <div class='ocr_carea' id='block_1_40' title="bbox 110 1169 896 1209">
    <p class='ocr_par' dir='ltr' id='par_1_40' title="bbox 110 1169 896 1209">
     <span class='ocr_line' id='line_1_40' title="bbox 110 1169 896 1209; baseline -0.014 -5"><span class='ocrx_word' id='word_1_300' title='bbox 110 1180 185 1204; x_wconf 83' lang='lat' dir='ltr'><strong>esset</strong></span> <span class='ocrx_word' id='word_1_301' title='bbox 211 1175 340 1202; x_wconf 88' lang='lat' dir='ltr'><strong>omnibus</strong></span> <span class='ocrx_word' id='word_1_302' title='bbox 360 1175 431 1209; x_wconf 89' lang='lat' dir='ltr'><strong>quod</strong></span> <span class='ocrx_word' id='word_1_303' title='bbox 463 1173 535 1204; x_wconf 81' lang='lat' dir='ltr'><strong>fecit,</strong></span> <span class='ocrx_word' id='word_1_304' title='bbox 562 1176 591 1199; x_wconf 89' lang='lat' dir='ltr'><strong>ut</strong></span> <span class='ocrx_word' id='word_1_305' title='bbox 607 1171 697 1205; x_wconf 81' lang='lat' dir='ltr'><strong>reipsa</strong></span> <span class='ocrx_word' id='word_1_306' title='bbox 722 1170 776 1196; x_wconf 86' lang='lat' dir='ltr'><strong>frui</strong></span> <span class='ocrx_word' id='word_1_307' title='bbox 802 1169 896 1195; x_wconf 80' lang='lat' dir='ltr'><strong>liceret</strong></span> 
     </span>
    </p>
   </div>
   <div class='ocr_carea' id='block_1_41' title="bbox 111 1214 895 1255">
    <p class='ocr_par' dir='ltr' id='par_1_41' title="bbox 111 1214 895 1255">
     <span class='ocr_line' id='line_1_41' title="bbox 111 1214 895 1255; baseline -0.011 -7"><span class='ocrx_word' id='word_1_308' title='bbox 111 1222 165 1248; x_wconf 88' lang='lat' dir='ltr'><strong>illis</strong></span> <span class='ocrx_word' id='word_1_309' title='bbox 185 1229 233 1255; x_wconf 69' lang='lat' dir='ltr'><strong>per</strong></span> <span class='ocrx_word' id='word_1_310' title='bbox 248 1227 328 1246; x_wconf 90' lang='lat' dir='ltr'><strong>omne</strong></span> <span class='ocrx_word' id='word_1_311' title='bbox 352 1219 459 1246; x_wconf 63' lang='lat' dir='ltr'><strong>aevum?</strong></span> <span class='ocrx_word' id='word_1_312' title='bbox 475 1218 531 1244; x_wconf 87' lang='lat' dir='ltr'><strong>Hoc</strong></span> <span class='ocrx_word' id='word_1_313' title='bbox 545 1224 628 1244; x_wconf 88' lang='lat' dir='ltr'><strong>unttm</strong></span> <span class='ocrx_word' id='word_1_314' title='bbox 649 1216 687 1243; x_wconf 89' lang='lat' dir='ltr'><strong>illi</strong></span> <span class='ocrx_word' id='word_1_315' title='bbox 702 1218 761 1242; x_wconf 87' lang='lat' dir='ltr'><strong>erat</strong></span> <span class='ocrx_word' id='word_1_316' title='bbox 773 1214 860 1245; x_wconf 86' lang='lat' dir='ltr'><strong>cordi,</strong></span> <span class='ocrx_word' id='word_1_317' title='bbox 879 1221 895 1240; x_wconf 87' lang='lat' dir='ltr'><strong>e</strong></span> 
     </span>
    </p>
   </div>
   <div class='ocr_carea' id='block_1_42' title="bbox 110 1258 894 1296">
    <p class='ocr_par' dir='ltr' id='par_1_42' title="bbox 110 1258 894 1296">
     <span class='ocr_line' id='line_1_42' title="bbox 110 1258 894 1296; baseline -0.013 -2"><span class='ocrx_word' id='word_1_318' title='bbox 110 1268 195 1294; x_wconf 87' lang='lat' dir='ltr'><strong>rebus</strong></span> <span class='ocrx_word' id='word_1_319' title='bbox 210 1266 337 1292; x_wconf 91' lang='lat' dir='ltr'><strong>humanis</strong></span> <span class='ocrx_word' id='word_1_320' title='bbox 350 1265 414 1291; x_wconf 89' lang='lat' dir='ltr'><strong>hinc</strong></span> <span class='ocrx_word' id='word_1_321' title='bbox 431 1263 581 1294; x_wconf 82' lang='lat' dir='ltr'><strong>discedere,</strong></span> <span class='ocrx_word' id='word_1_322' title='bbox 596 1261 667 1296; x_wconf 89' lang='lat' dir='ltr'><strong>quod</strong></span> <span class='ocrx_word' id='word_1_323' title='bbox 686 1268 747 1288; x_wconf 93' lang='lat' dir='ltr'><strong>cum</strong></span> <span class='ocrx_word' id='word_1_324' title='bbox 763 1260 798 1286; x_wconf 91' lang='lat' dir='ltr'><strong>ab</strong></span> <span class='ocrx_word' id='word_1_325' title='bbox 815 1258 894 1285; x_wconf 88' lang='lat' dir='ltr'><strong>initio</strong></span> 
     </span>
    </p>
   </div>
   <div class='ocr_carea' id='block_1_43' title="bbox 110 1306 893 1343">
    <p class='ocr_par' dir='ltr' id='par_1_43' title="bbox 110 1306 893 1343">
     <span class='ocr_line' id='line_1_43' title="bbox 110 1306 893 1343; baseline -0.013 -4"><span class='ocrx_word' id='word_1_326' title='bbox 110 1312 236 1339; x_wconf 88' lang='lat' dir='ltr'><strong>innatum</strong></span> <span class='ocrx_word' id='word_1_327' title='bbox 251 1310 416 1338; x_wconf 85' lang='lat' dir='ltr'><strong>desiderium</strong></span> <span class='ocrx_word' id='word_1_328' title='bbox 432 1313 503 1336; x_wconf 83' lang='lat' dir='ltr'><strong>esset</strong></span> <span class='ocrx_word' id='word_1_329' title='bbox 514 1316 563 1343; x_wconf 85' lang='lat' dir='ltr'><strong>per</strong></span> <span class='ocrx_word' id='word_1_330' title='bbox 575 1312 659 1335; x_wconf 86' lang='lat' dir='ltr'><strong>totam</strong></span> <span class='ocrx_word' id='word_1_331' title='bbox 673 1306 755 1332; x_wconf 87' lang='lat' dir='ltr'><strong>vitam</strong></span> <span class='ocrx_word' id='word_1_332' title='bbox 772 1311 846 1334; x_wconf 80' lang='lat' dir='ltr'><strong>vere.</strong></span> <span class='ocrx_word' id='word_1_333' title='bbox 860 1309 893 1329; x_wconf 90' lang='lat' dir='ltr'><strong>ac</strong></span> 
     </span>
    </p>
   </div>
   <div class='ocr_carea' id='block_1_44' title="bbox 110 1350 893 1400">
    <p class='ocr_par' dir='ltr' id='par_1_44' title="bbox 110 1350 893 1400">
     <span class='ocr_line' id='line_1_44' title="bbox 110 1350 893 1400; baseline -0.013 -14"><span class='ocrx_word' id='word_1_334' title='bbox 110 1365 245 1393; x_wconf 72' lang='lat' dir='ltr'><strong>germanm</strong></span> <span class='ocrx_word' id='word_1_335' title='bbox 274 1356 455 1390; x_wconf 87' lang='lat' dir='ltr'><strong>sublimisque</strong></span> <span class='ocrx_word' id='word_1_336' title='bbox 480 1353 658 1390; x_wconf 80' lang='lat' dir='ltr'><strong>philosophiae</strong></span> <span class='ocrx_word' id='word_1_337' title='bbox 679 1359 763 1400; x_wconf 69' lang='lat' dir='ltr'><strong>sensu</strong></span> <span class='ocrx_word' id='word_1_338' title='bbox 790 1350 893 1400; x_wconf 73' lang='lat' dir='ltr'><strong>indesi—</strong></span> 
     </span>
    </p>
   </div>
   <div class='ocr_carea' id='block_1_45' title="bbox 110 1396 892 1436">
    <p class='ocr_par' dir='ltr' id='par_1_45' title="bbox 110 1396 892 1436">
     <span class='ocr_line' id='line_1_45' title="bbox 110 1396 892 1436; baseline -0.013 -5"><span class='ocrx_word' id='word_1_339' title='bbox 110 1407 208 1431; x_wconf 86' lang='lat' dir='ltr'><strong>nenter</strong></span> <span class='ocrx_word' id='word_1_340' title='bbox 219 1403 357 1436; x_wconf 74' lang='lat' dir='ltr'><strong>irrigatum</strong></span> <span class='ocrx_word' id='word_1_341' title='bbox 370 1402 485 1436; x_wconf 77' lang='lat' dir='ltr'><strong>vigebat.</strong></span> <span class='ocrx_word' id='word_1_342' title='bbox 508 1403 601 1434; x_wconf 86' lang='lat' dir='ltr'><strong>utpote</strong></span> <span class='ocrx_word' id='word_1_343' title='bbox 618 1398 690 1433; x_wconf 82' lang='lat' dir='ltr'><strong>quod</strong></span> <span class='ocrx_word' id='word_1_344' title='bbox 706 1396 820 1424; x_wconf 87' lang='lat' dir='ltr'><strong>fruenda</strong></span> <span class='ocrx_word' id='word_1_345' title='bbox 835 1396 892 1428; x_wconf 86' lang='lat' dir='ltr'><strong>spi-</strong></span> 
     </span>
    </p>
   </div>
   <div class='ocr_carea' id='block_1_46' title="bbox 110 1443 891 1481">
    <p class='ocr_par' dir='ltr' id='par_1_46' title="bbox 110 1443 891 1481">
     <span class='ocr_line' id='line_1_46' title="bbox 110 1443 891 1481; baseline -0.014 -5"><span class='ocrx_word' id='word_1_346' title='bbox 110 1449 218 1476; x_wconf 82' lang='lat' dir='ltr'><strong>ritualia</strong></span> <span class='ocrx_word' id='word_1_347' title='bbox 244 1456 273 1476; x_wconf 85' lang='lat' dir='ltr'><strong>se</strong></span> <span class='ocrx_word' id='word_1_348' title='bbox 292 1447 359 1481; x_wconf 84' lang='lat' dir='ltr'><strong>ipsis</strong></span> <span class='ocrx_word' id='word_1_349' title='bbox 379 1447 514 1477; x_wconf 82' lang='lat' dir='ltr'><strong>tradebat,</strong></span> <span class='ocrx_word' id='word_1_350' title='bbox 542 1453 594 1472; x_wconf 89' lang='lat' dir='ltr'><strong>non</strong></span> <span class='ocrx_word' id='word_1_351' title='bbox 624 1443 804 1471; x_wconf 83' lang='lat' dir='ltr'><strong>obumbrante</strong></span> <span class='ocrx_word' id='word_1_352' title='bbox 831 1448 891 1467; x_wconf 84' lang='lat' dir='ltr'><strong>am-</strong></span> 
     </span>
    </p>
   </div>
   <div class='ocr_carea' id='block_1_47' title="bbox 110 1487 892 1530">
    <p class='ocr_par' dir='ltr' id='par_1_47' title="bbox 110 1487 892 1530">
     <span class='ocr_line' id='line_1_47' title="bbox 110 1487 892 1530; baseline -0.013 -9"><span class='ocrx_word' id='word_1_353' title='bbox 110 1495 181 1530; x_wconf 88' lang='lat' dir='ltr'><strong>plius</strong></span> <span class='ocrx_word' id='word_1_354' title='bbox 198 1494 349 1521; x_wconf 81' lang='lat' dir='ltr'><strong>intuentem</strong></span> <span class='ocrx_word' id='word_1_355' title='bbox 375 1492 496 1519; x_wconf 86' lang='lat' dir='ltr'><strong>animum</strong></span> <span class='ocrx_word' id='word_1_356' title='bbox 511 1497 641 1525; x_wconf 87' lang='lat' dir='ltr'><strong>corporea</strong></span> <span class='ocrx_word' id='word_1_357' title='bbox 658 1488 738 1515; x_wconf 88' lang='lat' dir='ltr'><strong>mole.</strong></span> <span class='ocrx_word' id='word_1_358' title='bbox 750 1487 824 1513; x_wconf 79' lang='lat' dir='ltr'><strong>Adeo</strong></span> <span class='ocrx_word' id='word_1_359' title='bbox 843 1492 892 1512; x_wconf 87' lang='lat' dir='ltr'><strong>cor</strong></span> 
     </span>
    </p>
   </div>
   <div class='ocr_carea' id='block_1_48' title="bbox 956 895 1737 939">
    <p class='ocr_par' dir='ltr' id='par_1_48' title="bbox 956 895 1737 939">
     <span class='ocr_line' id='line_1_48' title="bbox 956 895 1737 939; baseline 0.015 -18"><span class='ocrx_word' id='word_1_360' title='bbox 956 895 1141 929; x_wconf 72' lang='lat' dir='ltr'><strong>prteslituerat</strong></span> <span class='ocrx_word' id='word_1_361' title='bbox 1164 896 1288 930; x_wconf 70' lang='lat' dir='ltr'><strong>Matrem,</strong></span> <span class='ocrx_word' id='word_1_362' title='bbox 1303 900 1357 925; x_wconf 89' lang='lat' dir='ltr'><strong>imo</strong></span> <span class='ocrx_word' id='word_1_363' title='bbox 1375 909 1438 928; x_wconf 79' lang='lat' dir='ltr'><strong>vero</strong></span> <span class='ocrx_word' id='word_1_364' title='bbox 1453 895 1513 929; x_wconf 85' lang='lat' dir='ltr'><strong>cum</strong></span> <span class='ocrx_word' id='word_1_365' title='bbox 1533 903 1576 930; x_wconf 85' lang='lat' dir='ltr'><strong>illa</strong></span> <span class='ocrx_word' id='word_1_366' title='bbox 1594 910 1653 931; x_wconf 88' lang='lat' dir='ltr'><strong>erat</strong></span> <span class='ocrx_word' id='word_1_367' title='bbox 1669 906 1737 939; x_wconf 75' lang='lat' dir='ltr'><strong>ipse,</strong></span> 
     </span>
    </p>
   </div>
   <div class='ocr_carea' id='block_1_49' title="bbox 956 945 1736 984">
    <p class='ocr_par' dir='ltr' id='par_1_49' title="bbox 956 945 1736 984">
     <span class='ocr_line' id='line_1_49' title="bbox 956 945 1736 984; baseline 0.017 -18"><span class='ocrx_word' id='word_1_368' title='bbox 956 945 1101 974; x_wconf 81' lang='lat' dir='ltr'><strong>antequam</strong></span> <span class='ocrx_word' id='word_1_369' title='bbox 1116 948 1187 970; x_wconf 80' lang='lat' dir='ltr'><strong>esset</strong></span> <span class='ocrx_word' id='word_1_370' title='bbox 1201 948 1261 970; x_wconf 81' lang='lat' dir='ltr'><strong>nata</strong></span> <span class='ocrx_word' id='word_1_371' title='bbox 1274 953 1280 976; x_wconf 83' lang='grc'><strong>;</strong></span> <span class='ocrx_word' id='word_1_372' title='bbox 1293 945 1393 972; x_wconf 82' lang='lat' dir='ltr'><strong>factum</strong></span> <span class='ocrx_word' id='word_1_373' title='bbox 1411 947 1510 981; x_wconf 76' lang='lat' dir='ltr'><strong>quippe</strong></span> <span class='ocrx_word' id='word_1_374' title='bbox 1525 954 1551 976; x_wconf 89' lang='lat' dir='ltr'><strong>et</strong></span> <span class='ocrx_word' id='word_1_375' title='bbox 1567 957 1736 984; x_wconf 87' lang='lat' dir='ltr'><strong>compactum</strong></span> 
     </span>
    </p>
   </div>
   <div class='ocr_carea' id='block_1_50' title="bbox 956 985 1735 1028">
    <p class='ocr_par' dir='ltr' id='par_1_50' title="bbox 956 985 1735 1028">
     <span class='ocr_line' id='line_1_50' title="bbox 956 985 1735 1028; baseline 0.017 -18"><span class='ocrx_word' id='word_1_376' title='bbox 956 989 997 1011; x_wconf 80' lang='lat' dir='ltr'><strong>est</strong></span> <span class='ocrx_word' id='word_1_377' title='bbox 1009 985 1046 1011; x_wconf 93' lang='lat' dir='ltr'><strong>illi</strong></span> <span class='ocrx_word' id='word_1_378' title='bbox 1063 993 1164 1020; x_wconf 85' lang='lat' dir='ltr'><strong>corpus</strong></span> <span class='ocrx_word' id='word_1_379' title='bbox 1175 990 1342 1022; x_wconf 71' lang='lat' dir='ltr'><strong>temporibus</strong></span> <span class='ocrx_word' id='word_1_380' title='bbox 1357 991 1425 1022; x_wconf 79' lang='lat' dir='ltr'><strong>suis,</strong></span> <span class='ocrx_word' id='word_1_381' title='bbox 1446 997 1474 1018; x_wconf 87' lang='lat' dir='ltr'><strong>ut</strong></span> <span class='ocrx_word' id='word_1_382' title='bbox 1489 994 1608 1027; x_wconf 83' lang='lat' dir='ltr'><strong>quuitur</strong></span> <span class='ocrx_word' id='word_1_383' title='bbox 1624 995 1735 1028; x_wconf 74' lang='lat' dir='ltr'><strong>Paulus,</strong></span> 
     </span>
    </p>
   </div>
   <div class='ocr_carea' id='block_1_51' title="bbox 956 1029 1734 1072">
    <p class='ocr_par' dir='ltr' id='par_1_51' title="bbox 956 1029 1734 1072">
     <span class='ocr_line' id='line_1_51' title="bbox 956 1029 1734 1072; baseline 0.019 -18"><span class='ocrx_word' id='word_1_384' title='bbox 956 1029 990 1055; x_wconf 86' lang='lat' dir='ltr'><strong>de</strong></span> <span class='ocrx_word' id='word_1_385' title='bbox 1003 1032 1183 1065; x_wconf 70' lang='lat' dir='ltr'><strong>sanguinibus</strong></span> <span class='ocrx_word' id='word_1_386' title='bbox 1202 1033 1394 1067; x_wconf 76' lang='lat' dir='ltr'><strong>lutmaculatzr,</strong></span> <span class='ocrx_word' id='word_1_387' title='bbox 1410 1045 1548 1072; x_wconf 82' lang='lat' dir='ltr'><strong>nunquam</strong></span> <span class='ocrx_word' id='word_1_388' title='bbox 1569 1045 1657 1068; x_wconf 86' lang='lat' dir='ltr'><strong>tamen</strong></span> <span class='ocrx_word' id='word_1_389' title='bbox 1681 1050 1734 1069; x_wconf 90' lang='lat' dir='ltr'><strong>non</strong></span> 
     </span>
    </p>
   </div>
   <div class='ocr_carea' id='block_1_52' title="bbox 957 1073 1735 1113">
    <p class='ocr_par' dir='ltr' id='par_1_52' title="bbox 957 1073 1735 1113">
     <span class='ocr_line' id='line_1_52' title="bbox 957 1073 1735 1113; baseline 0.019 -15"><span class='ocrx_word' id='word_1_390' title='bbox 957 1073 1006 1100; x_wconf 83' lang='lat' dir='ltr'><strong>fuit</strong></span> <span class='ocrx_word' id='word_1_391' title='bbox 1026 1075 1063 1101; x_wconf 91' lang='lat' dir='ltr'><strong>illi</strong></span> <span class='ocrx_word' id='word_1_392' title='bbox 1081 1077 1252 1109; x_wconf 79' lang='lat' dir='ltr'><strong>coniunctus,</strong></span> <span class='ocrx_word' id='word_1_393' title='bbox 1271 1080 1361 1105; x_wconf 83' lang='lat' dir='ltr'><strong>statim</strong></span> <span class='ocrx_word' id='word_1_394' title='bbox 1377 1085 1459 1113; x_wconf 65' lang='lat' dir='ltr'><strong>atque</strong></span> <span class='ocrx_word' id='word_1_395' title='bbox 1479 1083 1504 1109; x_wconf 91' lang='lat' dir='ltr'><strong>in</strong></span> <span class='ocrx_word' id='word_1_396' title='bbox 1523 1085 1624 1112; x_wconf 88' lang='lat' dir='ltr'><strong>sterilis</strong></span> <span class='ocrx_word' id='word_1_397' title='bbox 1640 1088 1735 1113; x_wconf 79' lang='lat' dir='ltr'><strong>matris</strong></span> 
     </span>
    </p>
   </div>
   <div class='ocr_carea' id='block_1_53' title="bbox 957 1121 1736 1159">
    <p class='ocr_par' dir='ltr' id='par_1_53' title="bbox 957 1121 1736 1159">
     <span class='ocr_line' id='line_1_53' title="bbox 957 1121 1736 1159; baseline 0.017 -14"><span class='ocrx_word' id='word_1_398' title='bbox 957 1123 1035 1146; x_wconf 77' lang='lat' dir='ltr'><strong>utero</strong></span> <span class='ocrx_word' id='word_1_399' title='bbox 1049 1121 1215 1159; x_wconf 61' lang='lat' dir='ltr'><strong>crepitcssc.</strong></span> <span class='ocrx_word' id='word_1_400' title='bbox 1238 1123 1295 1149; x_wconf 90' lang='lat' dir='ltr'><strong>Cur</strong></span> <span class='ocrx_word' id='word_1_401' title='bbox 1308 1125 1378 1151; x_wconf 84' lang='lat' dir='ltr'><strong>enim</strong></span> <span class='ocrx_word' id='word_1_402' title='bbox 1396 1126 1474 1153; x_wconf 80' lang='lat' dir='ltr'><strong>aliter</strong></span> <span class='ocrx_word' id='word_1_403' title='bbox 1490 1128 1525 1154; x_wconf 87' lang='lat' dir='ltr'><strong>sit</strong></span> <span class='ocrx_word' id='word_1_404' title='bbox 1543 1130 1736 1158; x_wconf 83' lang='lat' dir='ltr'><strong>sentiendum?</strong></span> 
     </span>
    </p>
   </div>
   <div class='ocr_carea' id='block_1_54' title="bbox 957 1165 1733 1210">
    <p class='ocr_par' dir='ltr' id='par_1_54' title="bbox 957 1165 1733 1210">
     <span class='ocr_line' id='line_1_54' title="bbox 957 1165 1733 1210; baseline 0.018 -20"><span class='ocrx_word' id='word_1_405' title='bbox 957 1171 1018 1190; x_wconf 89' lang='lat' dir='ltr'><strong>nam</strong></span> <span class='ocrx_word' id='word_1_406' title='bbox 1037 1165 1059 1191; x_wconf 88' lang='lat' dir='ltr'><strong>si</strong></span> <span class='ocrx_word' id='word_1_407' title='bbox 1076 1166 1204 1192; x_wconf 77' lang='lat' dir='ltr'><strong>eximium</strong></span> <span class='ocrx_word' id='word_1_408' title='bbox 1222 1167 1352 1196; x_wconf 80' lang='lat' dir='ltr'><strong>Joannem</strong></span> <span class='ocrx_word' id='word_1_409' title='bbox 1367 1171 1472 1199; x_wconf 82' lang='lat' dir='ltr'><strong>scimus</strong></span> <span class='ocrx_word' id='word_1_410' title='bbox 1489 1173 1515 1200; x_wconf 93' lang='lat' dir='ltr'><strong>in</strong></span> <span class='ocrx_word' id='word_1_411' title='bbox 1534 1179 1612 1202; x_wconf 86' lang='lat' dir='ltr'><strong>utero</strong></span> <span class='ocrx_word' id='word_1_412' title='bbox 1626 1176 1733 1210; x_wconf 83' lang='lat' dir='ltr'><strong>plenum</strong></span> 
     </span>
    </p>
   </div>
   <div class='ocr_carea' id='block_1_55' title="bbox 954 1211 1734 1252">
    <p class='ocr_par' dir='ltr' id='par_1_55' title="bbox 954 1211 1734 1252">
     <span class='ocr_line' id='line_1_55' title="bbox 954 1211 1734 1252; baseline 0.019 -18"><span class='ocrx_word' id='word_1_413' title='bbox 954 1215 1049 1236; x_wconf 80' lang='lat' dir='ltr'><strong>sancto</strong></span> <span class='ocrx_word' id='word_1_414' title='bbox 1073 1211 1174 1244; x_wconf 74' lang='lat' dir='ltr'><strong>Spiritu</strong></span> <span class='ocrx_word' id='word_1_415' title='bbox 1207 1213 1302 1245; x_wconf 78' lang='lat' dir='ltr'><strong>fuisse,</strong></span> <span class='ocrx_word' id='word_1_416' title='bbox 1318 1222 1368 1242; x_wconf 91' lang='lat' dir='ltr'><strong>cur</strong></span> <span class='ocrx_word' id='word_1_417' title='bbox 1383 1217 1451 1243; x_wconf 81' lang='lat' dir='ltr'><strong>idem</strong></span> <span class='ocrx_word' id='word_1_418' title='bbox 1467 1218 1500 1245; x_wconf 89' lang='lat' dir='ltr'><strong>de</strong></span> <span class='ocrx_word' id='word_1_419' title='bbox 1517 1220 1661 1252; x_wconf 87' lang='lat' dir='ltr'><strong>purissima</strong></span> <span class='ocrx_word' id='word_1_420' title='bbox 1675 1222 1734 1249; x_wconf 85' lang='lat' dir='ltr'><strong>Vir-</strong></span> 
     </span>
    </p>
   </div>
   <div class='ocr_carea' id='block_1_56' title="bbox 952 1253 1734 1295">
    <p class='ocr_par' dir='ltr' id='par_1_56' title="bbox 952 1253 1734 1295">
     <span class='ocr_line' id='line_1_56' title="bbox 952 1253 1734 1295; baseline 0.022 -17"><span class='ocrx_word' id='word_1_421' title='bbox 952 1253 1015 1286; x_wconf 70' lang='lat' dir='ltr'><strong>gine</strong></span> <span class='ocrx_word' id='word_1_422' title='bbox 1034 1263 1088 1281; x_wconf 86' lang='lat' dir='ltr'><strong>non</strong></span> <span class='ocrx_word' id='word_1_423' title='bbox 1119 1257 1154 1282; x_wconf 84' lang='lat' dir='ltr'><strong>sit</strong></span> <span class='ocrx_word' id='word_1_424' title='bbox 1180 1258 1277 1285; x_wconf 86' lang='lat' dir='ltr'><strong>merito</strong></span> <span class='ocrx_word' id='word_1_425' title='bbox 1301 1259 1510 1290; x_wconf 86' lang='lat' dir='ltr'><strong>afiirmandum?</strong></span> <span class='ocrx_word' id='word_1_426' title='bbox 1530 1265 1586 1293; x_wconf 86' lang='lat' dir='ltr'><strong>llne</strong></span> <span class='ocrx_word' id='word_1_427' title='bbox 1608 1267 1658 1294; x_wconf 89' lang='lat' dir='ltr'><strong>sibi</strong></span> <span class='ocrx_word' id='word_1_428' title='bbox 1677 1270 1734 1295; x_wconf 84' lang='lat' dir='ltr'><strong>vult</strong></span> 
     </span>
    </p>
   </div>
   <div class='ocr_carea' id='block_1_57' title="bbox 955 1297 1733 1346">
    <p class='ocr_par' dir='ltr' id='par_1_57' title="bbox 955 1297 1733 1346">
     <span class='ocr_line' id='line_1_57' title="bbox 955 1297 1733 1346; baseline 0.024 -23"><span class='ocrx_word' id='word_1_429' title='bbox 955 1297 1021 1324; x_wconf 84' lang='lat' dir='ltr'><strong>illud</strong></span> <span class='ocrx_word' id='word_1_430' title='bbox 1049 1300 1194 1334; x_wconf 81' lang='lat' dir='ltr'><strong>Gabriclis,</strong></span> <span class='ocrx_word' id='word_1_431' title='bbox 1213 1303 1340 1332; x_wconf 73' lang='lat' dir='ltr'><strong>Dominus</strong></span> <span class='ocrx_word' id='word_1_432' title='bbox 1369 1312 1451 1334; x_wconf 82' lang='lat' dir='ltr'><strong>terum</strong></span> <span class='ocrx_word' id='word_1_433' title='bbox 1467 1311 1560 1343; x_wconf 85' lang='lat' dir='ltr'><strong>:quod</strong></span> <span class='ocrx_word' id='word_1_434' title='bbox 1581 1313 1638 1346; x_wconf 85' lang='lat' dir='ltr'><strong>ipse</strong></span> <span class='ocrx_word' id='word_1_435' title='bbox 1655 1314 1733 1342; x_wconf 88' lang='lat' dir='ltr'><strong>docet</strong></span> 
     </span>
    </p>
   </div>
   <div class='ocr_carea' id='block_1_58' title="bbox 952 1343 1731 1387">
    <p class='ocr_par' dir='ltr' id='par_1_58' title="bbox 952 1343 1731 1387">
     <span class='ocr_line' id='line_1_58' title="bbox 952 1343 1731 1387; baseline 0.023 -18"><span class='ocrx_word' id='word_1_436' title='bbox 952 1343 1142 1379; x_wconf 70' lang='lat' dir='ltr'><strong>distinguendo</strong></span> <span class='ocrx_word' id='word_1_437' title='bbox 1158 1353 1264 1382; x_wconf 82' lang='lat' dir='ltr'><strong>tempus</strong></span> <span class='ocrx_word' id='word_1_438' title='bbox 1282 1350 1308 1377; x_wconf 93' lang='lat' dir='ltr'><strong>in</strong></span> <span class='ocrx_word' id='word_1_439' title='bbox 1324 1352 1394 1379; x_wconf 93' lang='lat' dir='ltr'><strong>hunc</strong></span> <span class='ocrx_word' id='word_1_440' title='bbox 1412 1354 1521 1382; x_wconf 85' lang='lat' dir='ltr'><strong>modum</strong></span> <span class='ocrx_word' id='word_1_441' title='bbox 1538 1365 1544 1382; x_wconf 92' lang='lat'><strong><em>:</em></strong></span> <span class='ocrx_word' id='word_1_442' title='bbox 1562 1365 1623 1384; x_wconf 85' lang='lat' dir='ltr'><strong>nam</strong></span> <span class='ocrx_word' id='word_1_443' title='bbox 1637 1359 1731 1387; x_wconf 83' lang='lat' dir='ltr'><strong>volens</strong></span> 
     </span>
    </p>
   </div>
   <div class='ocr_carea' id='block_1_59' title="bbox 951 1387 1731 1435">
    <p class='ocr_par' dir='ltr' id='par_1_59' title="bbox 951 1387 1731 1435">
     <span class='ocr_line' id='line_1_59' title="bbox 951 1387 1731 1435; baseline 0.023 -21"><span class='ocrx_word' id='word_1_444' title='bbox 951 1387 1144 1424; x_wconf 82' lang='lat' dir='ltr'><strong>Conceptionis</strong></span> <span class='ocrx_word' id='word_1_445' title='bbox 1162 1395 1270 1421; x_wconf 86' lang='lat' dir='ltr'><strong>modum</strong></span> <span class='ocrx_word' id='word_1_446' title='bbox 1285 1396 1452 1426; x_wconf 61' lang='lat' dir='ltr'><strong>intemeratae</strong></span> <span class='ocrx_word' id='word_1_447' title='bbox 1469 1399 1572 1435; x_wconf 75' lang='lat' dir='ltr'><strong>Virgini</strong></span> <span class='ocrx_word' id='word_1_448' title='bbox 1590 1403 1731 1433; x_wconf 81' lang='lat' dir='ltr'><strong>declarare</strong></span> 
     </span>
    </p>
   </div>
   <div class='ocr_carea' id='block_1_60' title="bbox 951 1432 1731 1483">
    <p class='ocr_par' dir='ltr' id='par_1_60' title="bbox 951 1432 1731 1483">
     <span class='ocr_line' id='line_1_60' title="bbox 951 1432 1731 1483; baseline 0.024 -24"><span class='ocrx_word' id='word_1_449' title='bbox 951 1432 1141 1470; x_wconf 74' lang='lat' dir='ltr'><strong>interroganti,</strong></span> <span class='ocrx_word' id='word_1_450' title='bbox 1163 1442 1284 1474; x_wconf 87' lang='lat' dir='ltr'><strong>tempore</strong></span> <span class='ocrx_word' id='word_1_451' title='bbox 1302 1450 1368 1470; x_wconf 80' lang='lat' dir='ltr'><strong>ustis</strong></span> <span class='ocrx_word' id='word_1_452' title='bbox 1391 1450 1433 1471; x_wconf 86' lang='lat' dir='ltr'><strong>est</strong></span> <span class='ocrx_word' id='word_1_453' title='bbox 1451 1453 1505 1483; x_wconf 74' lang='lat' dir='ltr'><strong>non</strong></span> <span class='ocrx_word' id='word_1_454' title='bbox 1523 1450 1661 1481; x_wconf 70' lang='lat' dir='ltr'><strong>prmsenti,</strong></span> <span class='ocrx_word' id='word_1_455' title='bbox 1685 1451 1731 1478; x_wconf 85' lang='lat' dir='ltr'><strong>sed</strong></span> 
     </span>
    </p>
   </div>
   <div class='ocr_carea' id='block_1_61' title="bbox 951 1478 1731 1526">
    <p class='ocr_par' dir='ltr' id='par_1_61' title="bbox 951 1478 1731 1526">
     <span class='ocr_line' id='line_1_61' title="bbox 951 1478 1731 1526; baseline 0.024 -22"><span class='ocrx_word' id='word_1_456' title='bbox 951 1478 1055 1513; x_wconf 86' lang='lat' dir='ltr'><strong>futuro,</strong></span> <span class='ocrx_word' id='word_1_457' title='bbox 1067 1486 1094 1508; x_wconf 90' lang='lat' dir='ltr'><strong>et</strong></span> <span class='ocrx_word' id='word_1_458' title='bbox 1103 1489 1226 1510; x_wconf 90' lang='lat' dir='ltr'><strong>sanctum</strong></span> <span class='ocrx_word' id='word_1_459' title='bbox 1238 1486 1346 1519; x_wconf 88' lang='lat' dir='ltr'><strong>quidem</strong></span> <span class='ocrx_word' id='word_1_460' title='bbox 1358 1478 1487 1522; x_wconf 66' lang='lat' dir='ltr'><strong>Spiritum</strong></span> <span class='ocrx_word' id='word_1_461' title='bbox 1502 1499 1731 1526; x_wconf 87' lang='lat' dir='ltr'><strong>superventurum</strong></span> 
     </span>
    </p>
   </div>
   <div class='ocr_carea' id='block_1_62' title="bbox 110 1523 1730 1574">
    <p class='ocr_par' dir='ltr' id='par_1_62' title="bbox 110 1523 1730 1574">
     <span class='ocr_line' id='line_1_62' title="bbox 110 1523 1730 1574; baseline 0.001 -7"><span class='ocrx_word' id='word_1_462' title='bbox 110 1523 169 1574; x_wconf 71' lang='lat' dir='ltr'><strong>ejus</strong></span> <span class='ocrx_word' id='word_1_463' title='bbox 190 1540 241 1566; x_wconf 93' lang='lat' dir='ltr'><strong>hoc</strong></span> <span class='ocrx_word' id='word_1_464' title='bbox 265 1538 401 1566; x_wconf 73' lang='lat' dir='ltr'><strong>desiderio</strong></span> <span class='ocrx_word' id='word_1_465' title='bbox 414 1523 583 1569; x_wconf 77' lang='lat' dir='ltr'><strong>tabescebat,</strong></span> <span class='ocrx_word' id='word_1_466' title='bbox 596 1540 623 1563; x_wconf 89' lang='lat' dir='ltr'><strong>ut</strong></span> <span class='ocrx_word' id='word_1_467' title='bbox 641 1534 742 1561; x_wconf 81' lang='lat' dir='ltr'><strong>aboleri</strong></span> <span class='ocrx_word' id='word_1_468' title='bbox 762 1539 814 1559; x_wconf 91' lang='lat' dir='ltr'><strong>non</strong></span> <span class='ocrx_word' id='word_1_469' title='bbox 831 1537 892 1565; x_wconf 77' lang='lat' dir='ltr'><strong>pos-</strong></span> <span class='ocrx_word' id='word_1_470' title='bbox 911 1534 933 1565; x_wconf 73' lang='grc' dir='ltr'><strong>ί]</strong></span> <span class='ocrx_word' id='word_1_471' title='bbox 949 1523 976 1574; x_wconf 60' lang='grc' dir='ltr'><strong>ξπ</strong></span> <span class='ocrx_word' id='word_1_472' title='bbox 994 1525 1106 1574; x_wconf 30' lang='lat' dir='ltr'><strong>ipsam&quot;,</strong></span> <span class='ocrx_word' id='word_1_473' title='bbox 1125 1529 1254 1557; x_wconf 81' lang='lat' dir='ltr'><strong>Altissimi</strong></span> <span class='ocrx_word' id='word_1_474' title='bbox 1266 1539 1329 1559; x_wconf 88' lang='lat' dir='ltr'><strong>vero</strong></span> <span class='ocrx_word' id='word_1_475' title='bbox 1345 1534 1471 1562; x_wconf 84' lang='lat' dir='ltr'><strong>virtutem</strong></span> <span class='ocrx_word' id='word_1_476' title='bbox 1495 1538 1730 1573; x_wconf 85' lang='lat' dir='ltr'><strong>obnmbraturam,</strong></span> 
     </span>
    </p>
   </div>
   <div class='ocr_carea' id='block_1_63' title="bbox 110 1576 892 1618">
    <p class='ocr_par' dir='ltr' id='par_1_63' title="bbox 110 1576 892 1618">
     <span class='ocr_line' id='line_1_63' title="bbox 110 1576 892 1618; baseline -0.014 -6"><span class='ocrx_word' id='word_1_477' title='bbox 110 1589 171 1616; x_wconf 83' lang='lat' dir='ltr'><strong>set;</strong></span> <span class='ocrx_word' id='word_1_478' title='bbox 187 1589 276 1610; x_wconf 91' lang='lat' dir='ltr'><strong>ortum</strong></span> <span class='ocrx_word' id='word_1_479' title='bbox 293 1591 373 1618; x_wconf 83' lang='lat' dir='ltr'><strong>porro</strong></span> <span class='ocrx_word' id='word_1_480' title='bbox 389 1582 454 1608; x_wconf 87' lang='lat' dir='ltr'><strong>illttd</strong></span> <span class='ocrx_word' id='word_1_481' title='bbox 469 1589 502 1608; x_wconf 88' lang='lat' dir='ltr'><strong>eo</strong></span> <span class='ocrx_word' id='word_1_482' title='bbox 522 1585 643 1615; x_wconf 87' lang='lat' dir='ltr'><strong>tempore</strong></span> <span class='ocrx_word' id='word_1_483' title='bbox 656 1586 712 1613; x_wconf 85' lang='lat' dir='ltr'><strong>quo</strong></span> <span class='ocrx_word' id='word_1_484' title='bbox 732 1576 815 1603; x_wconf 81' lang='lat' dir='ltr'><strong>Natus</strong></span> <span class='ocrx_word' id='word_1_485' title='bbox 832 1576 892 1609; x_wconf 82' lang='lat' dir='ltr'><strong>ejus</strong></span> 
     </span>
    </p>
   </div>
   <div class='ocr_carea' id='block_1_64' title="bbox 110 1621 889 1659">
    <p class='ocr_par' dir='ltr' id='par_1_64' title="bbox 110 1621 889 1659">
     <span class='ocr_line' id='line_1_64' title="bbox 110 1621 889 1659; baseline -0.014 -2"><span class='ocrx_word' id='word_1_486' title='bbox 110 1631 143 1657; x_wconf 87' lang='lat' dir='ltr'><strong>ad</strong></span> <span class='ocrx_word' id='word_1_487' title='bbox 173 1630 280 1657; x_wconf 82' lang='lat' dir='ltr'><strong>Patrem</strong></span> <span class='ocrx_word' id='word_1_488' title='bbox 302 1628 475 1659; x_wconf 83' lang='lat' dir='ltr'><strong>ascenderat,</strong></span> <span class='ocrx_word' id='word_1_489' title='bbox 502 1626 641 1653; x_wconf 64' lang='lat' dir='ltr'><strong>caelestem</strong></span> <span class='ocrx_word' id='word_1_490' title='bbox 671 1625 742 1650; x_wconf 86' lang='lat' dir='ltr'><strong>illam</strong></span> <span class='ocrx_word' id='word_1_491' title='bbox 772 1621 889 1649; x_wconf 81' lang='lat' dir='ltr'><strong>animam</strong></span> 
     </span>
    </p>
   </div>
   <div class='ocr_carea' id='block_1_65' title="bbox 109 1668 891 1709">
    <p class='ocr_par' dir='ltr' id='par_1_65' title="bbox 109 1668 891 1709">
     <span class='ocr_line' id='line_1_65' title="bbox 109 1668 891 1709; baseline -0.013 -8"><span class='ocrx_word' id='word_1_492' title='bbox 109 1682 245 1709; x_wconf 88' lang='lat' dir='ltr'><strong>nunquam</strong></span> <span class='ocrx_word' id='word_1_493' title='bbox 258 1673 389 1701; x_wconf 83' lang='lat' dir='ltr'><strong>deseruit.</strong></span> <span class='ocrx_word' id='word_1_494' title='bbox 401 1671 456 1699; x_wconf 89' lang='lat' dir='ltr'><strong>lloc</strong></span> <span class='ocrx_word' id='word_1_495' title='bbox 468 1672 549 1699; x_wconf 86' lang='lat' dir='ltr'><strong>etiam</strong></span> <span class='ocrx_word' id='word_1_496' title='bbox 562 1670 614 1697; x_wconf 88' lang='lat' dir='ltr'><strong>fuit</strong></span> <span class='ocrx_word' id='word_1_497' title='bbox 630 1676 698 1704; x_wconf 88' lang='lat' dir='ltr'><strong>pons</strong></span> <span class='ocrx_word' id='word_1_498' title='bbox 709 1668 742 1695; x_wconf 89' lang='lat' dir='ltr'><strong>ad</strong></span> <span class='ocrx_word' id='word_1_499' title='bbox 753 1668 891 1693; x_wconf 80' lang='lat' dir='ltr'><strong>immorta-</strong></span> 
     </span>
    </p>
   </div>
   <div class='ocr_carea' id='block_1_66' title="bbox 110 1713 891 1752">
    <p class='ocr_par' dir='ltr' id='par_1_66' title="bbox 110 1713 891 1752">
     <span class='ocr_line' id='line_1_66' title="bbox 110 1713 891 1752; baseline -0.013 -5"><span class='ocrx_word' id='word_1_500' title='bbox 110 1721 160 1748; x_wconf 90' lang='lat' dir='ltr'><strong>lem</strong></span> <span class='ocrx_word' id='word_1_501' title='bbox 185 1721 268 1746; x_wconf 79' lang='lat' dir='ltr'><strong>vitam</strong></span> <span class='ocrx_word' id='word_1_502' title='bbox 297 1724 324 1746; x_wconf 86' lang='lat' dir='ltr'><strong>et</strong></span> <span class='ocrx_word' id='word_1_503' title='bbox 344 1717 576 1752; x_wconf 86' lang='lat' dir='ltr'><strong>incorruptionem</strong></span> <span class='ocrx_word' id='word_1_504' title='bbox 604 1716 653 1748; x_wconf 88' lang='lat' dir='ltr'><strong>illi,</strong></span> <span class='ocrx_word' id='word_1_505' title='bbox 677 1722 737 1749; x_wconf 70' lang='lat' dir='ltr'><strong>qum</strong></span> <span class='ocrx_word' id='word_1_506' title='bbox 757 1713 806 1740; x_wconf 82' lang='lat' dir='ltr'><strong>fuit</strong></span> <span class='ocrx_word' id='word_1_507' title='bbox 823 1718 891 1746; x_wconf 88' lang='lat' dir='ltr'><strong>pons</strong></span> 
     </span>
    </p>
   </div>
   <div class='ocr_carea' id='block_1_67' title="bbox 110 1758 888 1799">
    <p class='ocr_par' dir='ltr' id='par_1_67' title="bbox 110 1758 888 1799">
     <span class='ocr_line' id='line_1_67' title="bbox 110 1758 888 1799; baseline -0.013 -6"><span class='ocrx_word' id='word_1_508' title='bbox 110 1766 229 1793; x_wconf 79' lang='lat' dir='ltr'><strong>liberatis</strong></span> <span class='ocrx_word' id='word_1_509' title='bbox 243 1773 256 1791; x_wconf 83' lang='lat' dir='ltr'><strong>a</strong></span> <span class='ocrx_word' id='word_1_510' title='bbox 288 1765 472 1799; x_wconf 83' lang='lat' dir='ltr'><strong>corruptione.</strong></span> <span class='ocrx_word' id='word_1_511' title='bbox 499 1763 561 1790; x_wconf 64' lang='lat' dir='ltr'><strong>Haec</strong></span> <span class='ocrx_word' id='word_1_512' title='bbox 580 1762 631 1789; x_wconf 89' lang='lat' dir='ltr'><strong>fuit</strong></span> <span class='ocrx_word' id='word_1_513' title='bbox 657 1761 727 1798; x_wconf 75' lang='lat' dir='ltr'><strong>scala</strong></span> <span class='ocrx_word' id='word_1_514' title='bbox 745 1759 777 1785; x_wconf 82' lang='lat' dir='ltr'><strong>ad</strong></span> <span class='ocrx_word' id='word_1_515' title='bbox 790 1758 888 1785; x_wconf 83' lang='lat' dir='ltr'><strong>Filium</strong></span> 
     </span>
    </p>
   </div>
   <div class='ocr_carea' id='block_1_68' title="bbox 109 1805 888 1840">
    <p class='ocr_par' dir='ltr' id='par_1_68' title="bbox 109 1805 888 1840">
     <span class='ocr_line' id='line_1_68' title="bbox 109 1805 888 1840; baseline -0.012 -1"><span class='ocrx_word' id='word_1_516' title='bbox 109 1813 188 1839; x_wconf 70' lang='lat' dir='ltr'><strong>scalae</strong></span> <span class='ocrx_word' id='word_1_517' title='bbox 203 1811 407 1839; x_wconf 87' lang='lat' dir='ltr'><strong>ascendentium</strong></span> <span class='ocrx_word' id='word_1_518' title='bbox 424 1817 485 1837; x_wconf 92' lang='lat' dir='ltr'><strong>eum</strong></span> <span class='ocrx_word' id='word_1_519' title='bbox 498 1809 586 1836; x_wconf 86' lang='lat' dir='ltr'><strong>salute</strong></span> <span class='ocrx_word' id='word_1_520' title='bbox 597 1808 629 1835; x_wconf 85' lang='lat' dir='ltr'><strong>ad</strong></span> <span class='ocrx_word' id='word_1_521' title='bbox 644 1815 717 1837; x_wconf 86' lang='lat' dir='ltr'><strong>eum,</strong></span> <span class='ocrx_word' id='word_1_522' title='bbox 729 1806 773 1840; x_wconf 85' lang='lat' dir='ltr'><strong>qui</strong></span> <span class='ocrx_word' id='word_1_523' title='bbox 789 1805 888 1832; x_wconf 76' lang='lat' dir='ltr'><strong>coelum</strong></span> 
     </span>
    </p>
   </div>
   <div class='ocr_carea' id='block_1_69' title="bbox 110 1850 888 1890">
    <p class='ocr_par' dir='ltr' id='par_1_69' title="bbox 110 1850 888 1890">
     <span class='ocr_line' id='line_1_69' title="bbox 110 1850 888 1890; baseline -0.013 -5"><span class='ocrx_word' id='word_1_524' title='bbox 110 1858 188 1886; x_wconf 84' lang='lat' dir='ltr'><strong>habet</strong></span> <span class='ocrx_word' id='word_1_525' title='bbox 203 1857 305 1887; x_wconf 78' lang='lat' dir='ltr'><strong>sedem,</strong></span> <span class='ocrx_word' id='word_1_526' title='bbox 326 1860 353 1883; x_wconf 87' lang='lat' dir='ltr'><strong>et</strong></span> <span class='ocrx_word' id='word_1_527' title='bbox 377 1863 457 1890; x_wconf 85' lang='lat' dir='ltr'><strong>quem</strong></span> <span class='ocrx_word' id='word_1_528' title='bbox 474 1854 556 1888; x_wconf 76' lang='lat' dir='ltr'><strong>Virgo</strong></span> <span class='ocrx_word' id='word_1_529' title='bbox 587 1853 699 1888; x_wconf 82' lang='lat' dir='ltr'><strong>peperit,</strong></span> <span class='ocrx_word' id='word_1_530' title='bbox 720 1856 746 1878; x_wconf 89' lang='lat' dir='ltr'><strong>et</strong></span> <span class='ocrx_word' id='word_1_531' title='bbox 767 1850 888 1885; x_wconf 79' lang='lat' dir='ltr'><strong>quicum</strong></span> 
     </span>
    </p>
   </div>
   <div class='ocr_carea' id='block_1_70' title="bbox 109 1897 887 1935">
    <p class='ocr_par' dir='ltr' id='par_1_70' title="bbox 109 1897 887 1935">
     <span class='ocr_line' id='line_1_70' title="bbox 109 1897 887 1935; baseline -0.01 -7"><span class='ocrx_word' id='word_1_532' title='bbox 109 1903 199 1928; x_wconf 83' lang='lat' dir='ltr'><strong>animo</strong></span> <span class='ocrx_word' id='word_1_533' title='bbox 227 1909 333 1935; x_wconf 83' lang='lat' dir='ltr'><strong>semper</strong></span> <span class='ocrx_word' id='word_1_534' title='bbox 350 1900 522 1931; x_wconf 79' lang='lat' dir='ltr'><strong>versabatur,</strong></span> <span class='ocrx_word' id='word_1_535' title='bbox 547 1898 619 1932; x_wconf 89' lang='lat' dir='ltr'><strong>quod</strong></span> <span class='ocrx_word' id='word_1_536' title='bbox 634 1902 661 1924; x_wconf 88' lang='lat' dir='ltr'><strong>et</strong></span> <span class='ocrx_word' id='word_1_537' title='bbox 677 1897 736 1931; x_wconf 88' lang='lat' dir='ltr'><strong>ipse</strong></span> <span class='ocrx_word' id='word_1_538' title='bbox 749 1900 887 1929; x_wconf 89' lang='lat' dir='ltr'><strong>nunquam</strong></span> 
     </span>
    </p>
   </div>
   <div class='ocr_carea' id='block_1_71' title="bbox 110 1937 888 1980">
    <p class='ocr_par' dir='ltr' id='par_1_71' title="bbox 110 1937 888 1980">
     <span class='ocr_line' id='line_1_71' title="bbox 110 1937 888 1980; baseline -0.01 -7"><span class='ocrx_word' id='word_1_539' title='bbox 110 1954 161 1973; x_wconf 87' lang='lat' dir='ltr'><strong>non</strong></span> <span class='ocrx_word' id='word_1_540' title='bbox 186 1946 292 1980; x_wconf 74' lang='lat' dir='ltr'><strong>agebat,</strong></span> <span class='ocrx_word' id='word_1_541' title='bbox 322 1953 384 1972; x_wconf 90' lang='lat' dir='ltr'><strong>nam</strong></span> <span class='ocrx_word' id='word_1_542' title='bbox 405 1948 467 1979; x_wconf 87' lang='lat' dir='ltr'><strong>post</strong></span> <span class='ocrx_word' id='word_1_543' title='bbox 493 1943 554 1978; x_wconf 84' lang='lat' dir='ltr'><strong>ejus</strong></span> <span class='ocrx_word' id='word_1_544' title='bbox 580 1937 659 1969; x_wconf 79' lang='lat' dir='ltr'><strong>etiam</strong></span> <span class='ocrx_word' id='word_1_545' title='bbox 691 1947 836 1968; x_wconf 84' lang='lat' dir='ltr'><strong>ascensum</strong></span> <span class='ocrx_word' id='word_1_546' title='bbox 854 1938 888 1965; x_wconf 77' lang='lat' dir='ltr'><strong>ad</strong></span> 
     </span>
    </p>
   </div>
   <div class='ocr_carea' id='block_1_72' title="bbox 108 1984 887 2021">
    <p class='ocr_par' dir='ltr' id='par_1_72' title="bbox 108 1984 887 2021">
     <span class='ocr_line' id='line_1_72' title="bbox 108 1984 887 2021; baseline -0.01 -3"><span class='ocrx_word' id='word_1_547' title='bbox 108 1992 194 2019; x_wconf 82' lang='lat' dir='ltr'><strong>Patris</strong></span> <span class='ocrx_word' id='word_1_548' title='bbox 213 1992 315 2021; x_wconf 74' lang='lat' dir='ltr'><strong>sinum,</strong></span> <span class='ocrx_word' id='word_1_549' title='bbox 333 1991 404 2017; x_wconf 88' lang='lat' dir='ltr'><strong>unde</strong></span> <span class='ocrx_word' id='word_1_550' title='bbox 420 1993 530 2017; x_wconf 84' lang='lat' dir='ltr'><strong>venerat</strong></span> <span class='ocrx_word' id='word_1_551' title='bbox 541 1988 574 2016; x_wconf 80' lang='lat' dir='ltr'><strong>ad</strong></span> <span class='ocrx_word' id='word_1_552' title='bbox 584 1996 645 2018; x_wconf 83' lang='lat' dir='ltr'><strong>nos,</strong></span> <span class='ocrx_word' id='word_1_553' title='bbox 664 1986 758 2013; x_wconf 84' lang='lat' dir='ltr'><strong>Matris</strong></span> <span class='ocrx_word' id='word_1_554' title='bbox 775 1984 887 2019; x_wconf 85' lang='lat' dir='ltr'><strong>spiritus</strong></span> 
     </span>
    </p>
   </div>
   <div class='ocr_carea' id='block_1_73' title="bbox 109 2031 886 2069">
    <p class='ocr_par' dir='ltr' id='par_1_73' title="bbox 109 2031 886 2069">
     <span class='ocr_line' id='line_1_73' title="bbox 109 2031 886 2069; baseline -0.009 -7"><span class='ocrx_word' id='word_1_555' title='bbox 109 2036 141 2062; x_wconf 89' lang='lat' dir='ltr'><strong>ab</strong></span> <span class='ocrx_word' id='word_1_556' title='bbox 156 2043 188 2062; x_wconf 90' lang='lat' dir='ltr'><strong>eo</strong></span> <span class='ocrx_word' id='word_1_557' title='bbox 205 2042 342 2069; x_wconf 85' lang='lat' dir='ltr'><strong>nunquam</strong></span> <span class='ocrx_word' id='word_1_558' title='bbox 370 2033 499 2066; x_wconf 85' lang='lat' dir='ltr'><strong>distabat,</strong></span> <span class='ocrx_word' id='word_1_559' title='bbox 526 2034 548 2060; x_wconf 92' lang='lat' dir='ltr'><strong>si</strong></span> <span class='ocrx_word' id='word_1_560' title='bbox 564 2033 636 2060; x_wconf 87' lang='lat' dir='ltr'><strong>enim</strong></span> <span class='ocrx_word' id='word_1_561' title='bbox 658 2031 703 2058; x_wconf 89' lang='lat' dir='ltr'><strong>ubi</strong></span> <span class='ocrx_word' id='word_1_562' title='bbox 729 2031 886 2058; x_wconf 83' lang='lat' dir='ltr'><strong>thesaurus.</strong></span> 
     </span>
    </p>
   </div>
   <div class='ocr_carea' id='block_1_74' title="bbox 110 2075 888 2111">
    <p class='ocr_par' dir='ltr' id='par_1_74' title="bbox 110 2075 888 2111">
     <span class='ocr_line' id='line_1_74' title="bbox 110 2075 888 2111; baseline -0.01 -3"><span class='ocrx_word' id='word_1_563' title='bbox 110 2082 144 2108; x_wconf 90' lang='lat' dir='ltr'><strong>ibi</strong></span> <span class='ocrx_word' id='word_1_564' title='bbox 163 2085 190 2107; x_wconf 76' lang='lat' dir='ltr'><strong>et</strong></span> <span class='ocrx_word' id='word_1_565' title='bbox 206 2088 266 2111; x_wconf 87' lang='lat' dir='ltr'><strong>cor,</strong></span> <span class='ocrx_word' id='word_1_566' title='bbox 282 2085 310 2107; x_wconf 89' lang='lat' dir='ltr'><strong>ut</strong></span> <span class='ocrx_word' id='word_1_567' title='bbox 331 2079 404 2107; x_wconf 91' lang='lat' dir='ltr'><strong>illius</strong></span> <span class='ocrx_word' id='word_1_568' title='bbox 428 2084 469 2106; x_wconf 88' lang='lat' dir='ltr'><strong>est</strong></span> <span class='ocrx_word' id='word_1_569' title='bbox 484 2077 628 2109; x_wconf 70' lang='lat' dir='ltr'><strong>sententia,</strong></span> <span class='ocrx_word' id='word_1_570' title='bbox 652 2076 696 2110; x_wconf 86' lang='lat' dir='ltr'><strong>qui</strong></span> <span class='ocrx_word' id='word_1_571' title='bbox 712 2075 831 2109; x_wconf 76' lang='lat' dir='ltr'><strong>Virginis</strong></span> <span class='ocrx_word' id='word_1_572' title='bbox 846 2078 888 2101; x_wconf 89' lang='lat' dir='ltr'><strong>est</strong></span> 
     </span>
    </p>
   </div>
   <div class='ocr_carea' id='block_1_75' title="bbox 109 2120 886 2158">
    <p class='ocr_par' dir='ltr' id='par_1_75' title="bbox 109 2120 886 2158">
     <span class='ocr_line' id='line_1_75' title="bbox 109 2120 886 2158; baseline -0.012 -5"><span class='ocrx_word' id='word_1_573' title='bbox 109 2127 264 2157; x_wconf 76' lang='lat' dir='ltr'><strong>thesaurus,</strong></span> <span class='ocrx_word' id='word_1_574' title='bbox 296 2129 322 2152; x_wconf 87' lang='lat' dir='ltr'><strong>et</strong></span> <span class='ocrx_word' id='word_1_575' title='bbox 351 2125 495 2158; x_wconf 86' lang='lat' dir='ltr'><strong>pretiosior</strong></span> <span class='ocrx_word' id='word_1_576' title='bbox 523 2123 632 2150; x_wconf 82' lang='lat' dir='ltr'><strong>cunctis</strong></span> <span class='ocrx_word' id='word_1_577' title='bbox 658 2120 806 2151; x_wconf 82' lang='lat' dir='ltr'><strong>thesauris,</strong></span> <span class='ocrx_word' id='word_1_578' title='bbox 833 2126 886 2152; x_wconf 88' lang='lat' dir='ltr'><strong>qtta</strong></span> 
     </span>
    </p>
   </div>
   <div class='ocr_carea' id='block_1_76' title="bbox 109 2164 885 2202">
    <p class='ocr_par' dir='ltr' id='par_1_76' title="bbox 109 2164 885 2202">
     <span class='ocr_line' id='line_1_76' title="bbox 109 2164 885 2202; baseline -0.009 -5"><span class='ocrx_word' id='word_1_579' title='bbox 109 2172 212 2198; x_wconf 84' lang='lat' dir='ltr'><strong>ratione</strong></span> <span class='ocrx_word' id='word_1_580' title='bbox 227 2177 280 2197; x_wconf 91' lang='lat' dir='ltr'><strong>non</strong></span> <span class='ocrx_word' id='word_1_581' title='bbox 296 2174 368 2197; x_wconf 85' lang='lat' dir='ltr'><strong>esset</strong></span> <span class='ocrx_word' id='word_1_582' title='bbox 390 2170 426 2196; x_wconf 91' lang='lat' dir='ltr'><strong>illi</strong></span> <span class='ocrx_word' id='word_1_583' title='bbox 439 2169 606 2202; x_wconf 83' lang='lat' dir='ltr'><strong>conjunetus</strong></span> <span class='ocrx_word' id='word_1_584' title='bbox 623 2166 748 2193; x_wconf 81' lang='lat' dir='ltr'><strong>Parentis</strong></span> <span class='ocrx_word' id='word_1_585' title='bbox 761 2164 885 2199; x_wconf 84' lang='lat' dir='ltr'><strong>spiritus.</strong></span> 
     </span>
    </p>
   </div>
   <div class='ocr_carea' id='block_1_77' title="bbox 949 1569 1729 1619">
    <p class='ocr_par' dir='ltr' id='par_1_77' title="bbox 949 1569 1729 1619">
     <span class='ocr_line' id='line_1_77' title="bbox 949 1569 1729 1619; baseline 0.023 -24"><span class='ocrx_word' id='word_1_586' title='bbox 949 1569 1001 1603; x_wconf 86' lang='lat' dir='ltr'><strong>ipsi</strong></span> <span class='ocrx_word' id='word_1_587' title='bbox 1017 1572 1181 1604; x_wconf 68' lang='lat' dir='ltr'><strong>prmdicebat</strong></span> <span class='ocrx_word' id='word_1_588' title='bbox 1197 1584 1203 1601; x_wconf 93' lang='lat'>:</span> <span class='ocrx_word' id='word_1_589' title='bbox 1217 1576 1362 1604; x_wconf 67' lang='lat' dir='ltr'><strong>Salutando</strong></span> <span class='ocrx_word' id='word_1_590' title='bbox 1378 1585 1466 1606; x_wconf 85' lang='lat' dir='ltr'><strong>autem</strong></span> <span class='ocrx_word' id='word_1_591' title='bbox 1479 1581 1614 1616; x_wconf 71' lang='lat' dir='ltr'><strong>Virginem</strong></span> <span class='ocrx_word' id='word_1_592' title='bbox 1629 1569 1729 1619; x_wconf 66' lang='lat' dir='ltr'><strong>aiebant,</strong></span> 
     </span>
    </p>
   </div>
   <div class='ocr_carea' id='block_1_78' title="bbox 950 1614 1728 1658">
    <p class='ocr_par' dir='ltr' id='par_1_78' title="bbox 950 1614 1728 1658">
     <span class='ocr_line' id='line_1_78' title="bbox 950 1614 1728 1658; baseline 0.023 -18"><span class='ocrx_word' id='word_1_593' title='bbox 950 1614 1013 1646; x_wconf 73' lang='lat' dir='ltr'><strong>Ave,</strong></span> <span class='ocrx_word' id='word_1_594' title='bbox 1033 1620 1059 1642; x_wconf 86' lang='lat' dir='ltr'><strong>et</strong></span> <span class='ocrx_word' id='word_1_595' title='bbox 1073 1618 1158 1651; x_wconf 74' lang='lat' dir='ltr'><strong>gratia</strong></span> <span class='ocrx_word' id='word_1_596' title='bbox 1172 1620 1277 1653; x_wconf 84' lang='lat' dir='ltr'><strong>plenam</strong></span> <span class='ocrx_word' id='word_1_597' title='bbox 1299 1624 1448 1656; x_wconf 79' lang='lat' dir='ltr'><strong>appellans,</strong></span> <span class='ocrx_word' id='word_1_598' title='bbox 1469 1631 1495 1652; x_wconf 86' lang='lat' dir='ltr'><strong>et</strong></span> <span class='ocrx_word' id='word_1_599' title='bbox 1516 1614 1684 1657; x_wconf 82' lang='lat' dir='ltr'><strong>benedictam</strong></span> <span class='ocrx_word' id='word_1_600' title='bbox 1701 1614 1728 1658; x_wconf 74' lang='lat' dir='ltr'><strong>in</strong></span> 
     </span>
    </p>
   </div>
   <div class='ocr_carea' id='block_1_79' title="bbox 950 1659 1726 1705">
    <p class='ocr_par' dir='ltr' id='par_1_79' title="bbox 950 1659 1726 1705">
     <span class='ocr_line' id='line_1_79' title="bbox 950 1659 1726 1705; baseline 0.023 -21"><span class='ocrx_word' id='word_1_601' title='bbox 950 1659 1118 1693; x_wconf 83' lang='lat' dir='ltr'><strong>mulieribus,</strong></span> <span class='ocrx_word' id='word_1_602' title='bbox 1133 1665 1292 1698; x_wconf 43' lang='lat' dir='ltr'><strong>pratdicans,</strong></span> <span class='ocrx_word' id='word_1_603' title='bbox 1315 1673 1441 1703; x_wconf 82' lang='lat' dir='ltr'><strong>tanquam</strong></span> <span class='ocrx_word' id='word_1_604' title='bbox 1458 1679 1539 1705; x_wconf 84' lang='lat' dir='ltr'><strong>super</strong></span> <span class='ocrx_word' id='word_1_605' title='bbox 1552 1675 1618 1700; x_wconf 76' lang='lat' dir='ltr'><strong>alias</strong></span> <span class='ocrx_word' id='word_1_606' title='bbox 1629 1675 1726 1702; x_wconf 84' lang='lat' dir='ltr'><strong>bonam</strong></span> 
     </span>
    </p>
   </div>
   <div class='ocr_carea' id='block_1_80' title="bbox 948 1704 1727 1750">
    <p class='ocr_par' dir='ltr' id='par_1_80' title="bbox 948 1704 1727 1750">
     <span class='ocr_line' id='line_1_80' title="bbox 948 1704 1727 1750; baseline 0.021 -20"><span class='ocrx_word' id='word_1_607' title='bbox 948 1711 980 1731; x_wconf 80' lang='lat' dir='ltr'><strong>ex</strong></span> <span class='ocrx_word' id='word_1_608' title='bbox 997 1704 1041 1735; x_wconf 84' lang='lat' dir='ltr'><strong>iis.</strong></span> <span class='ocrx_word' id='word_1_609' title='bbox 1054 1714 1114 1740; x_wconf 72' lang='lat' dir='ltr'><strong>qua:</strong></span> <span class='ocrx_word' id='word_1_610' title='bbox 1130 1709 1179 1742; x_wconf 86' lang='lat' dir='ltr'><strong>ipsi</strong></span> <span class='ocrx_word' id='word_1_611' title='bbox 1194 1710 1301 1738; x_wconf 85' lang='lat' dir='ltr'><strong>inerant</strong></span> <span class='ocrx_word' id='word_1_612' title='bbox 1316 1713 1421 1740; x_wconf 86' lang='lat' dir='ltr'><strong>laudem</strong></span> <span class='ocrx_word' id='word_1_613' title='bbox 1439 1723 1574 1750; x_wconf 74' lang='lat' dir='ltr'><strong>pangcus;</strong></span> <span class='ocrx_word' id='word_1_614' title='bbox 1590 1726 1642 1744; x_wconf 93' lang='lat' dir='ltr'><strong>non</strong></span> <span class='ocrx_word' id='word_1_615' title='bbox 1655 1720 1727 1746; x_wconf 80' lang='lat' dir='ltr'><strong>enim</strong></span> 
     </span>
    </p>
   </div>
   <div class='ocr_carea' id='block_1_81' title="bbox 923 1750 1726 1790">
    <p class='ocr_par' dir='ltr' id='par_1_81' title="bbox 923 1750 1726 1790">
     <span class='ocr_line' id='line_1_81' title="bbox 923 1750 1726 1790; baseline 0.021 -16"><span class='ocrx_word' id='word_1_616' title='bbox 923 1750 926 1752; x_wconf 77' lang='grc'><strong><em>’</em></strong></span> <span class='ocrx_word' id='word_1_617' title='bbox 947 1750 1032 1782; x_wconf 71' lang='lat' dir='ltr'><strong>gratia</strong></span> <span class='ocrx_word' id='word_1_618' title='bbox 1044 1751 1149 1784; x_wconf 86' lang='lat' dir='ltr'><strong>plenam</strong></span> <span class='ocrx_word' id='word_1_619' title='bbox 1165 1755 1243 1788; x_wconf 84' lang='lat' dir='ltr'><strong>quasi</strong></span> <span class='ocrx_word' id='word_1_620' title='bbox 1268 1755 1399 1788; x_wconf 83' lang='lat' dir='ltr'><strong>futuram.</strong></span> <span class='ocrx_word' id='word_1_621' title='bbox 1428 1759 1474 1786; x_wconf 83' lang='lat' dir='ltr'><strong>sed</strong></span> <span class='ocrx_word' id='word_1_622' title='bbox 1501 1766 1529 1788; x_wconf 90' lang='lat' dir='ltr'><strong>ttt</strong></span> <span class='ocrx_word' id='word_1_623' title='bbox 1552 1763 1726 1790; x_wconf 81' lang='lat' dir='ltr'><strong>exsistentcm</strong></span> 
     </span>
    </p>
   </div>
   <div class='ocr_carea' id='block_1_82' title="bbox 946 1795 1724 1841">
    <p class='ocr_par' dir='ltr' id='par_1_82' title="bbox 946 1795 1724 1841">
     <span class='ocr_line' id='line_1_82' title="bbox 946 1795 1724 1841; baseline 0.022 -22"><span class='ocrx_word' id='word_1_624' title='bbox 946 1795 1020 1827; x_wconf 85' lang='lat' dir='ltr'><strong>quod</strong></span> <span class='ocrx_word' id='word_1_625' title='bbox 1048 1800 1116 1828; x_wconf 86' lang='lat' dir='ltr'><strong>crat,</strong></span> <span class='ocrx_word' id='word_1_626' title='bbox 1146 1801 1301 1833; x_wconf 83' lang='lat' dir='ltr'><strong>appellavit,</strong></span> <span class='ocrx_word' id='word_1_627' title='bbox 1328 1807 1355 1829; x_wconf 91' lang='lat' dir='ltr'><strong>et</strong></span> <span class='ocrx_word' id='word_1_628' title='bbox 1384 1804 1554 1833; x_wconf 77' lang='lat' dir='ltr'><strong>benctlictam</strong></span> <span class='ocrx_word' id='word_1_629' title='bbox 1587 1809 1724 1841; x_wconf 85' lang='lat' dir='ltr'><strong>salutavit,</strong></span> 
     </span>
    </p>
   </div>
   <div class='ocr_carea' id='block_1_83' title="bbox 947 1841 1726 1888">
    <p class='ocr_par' dir='ltr' id='par_1_83' title="bbox 947 1841 1726 1888">
     <span class='ocr_line' id='line_1_83' title="bbox 947 1841 1726 1888; baseline 0.021 -23"><span class='ocrx_word' id='word_1_630' title='bbox 947 1841 1023 1872; x_wconf 79' lang='lat' dir='ltr'><strong>quasi</strong></span> <span class='ocrx_word' id='word_1_631' title='bbox 1047 1842 1149 1870; x_wconf 87' lang='lat' dir='ltr'><strong>diceret</strong></span> <span class='ocrx_word' id='word_1_632' title='bbox 1164 1845 1249 1872; x_wconf 89' lang='lat' dir='ltr'><strong>:Cum</strong></span> <span class='ocrx_word' id='word_1_633' title='bbox 1265 1847 1350 1881; x_wconf 72' lang='lat' dir='ltr'><strong>gratia</strong></span> <span class='ocrx_word' id='word_1_634' title='bbox 1371 1849 1409 1876; x_wconf 82' lang='lat' dir='ltr'><strong>sis</strong></span> <span class='ocrx_word' id='word_1_635' title='bbox 1430 1850 1518 1884; x_wconf 82' lang='lat' dir='ltr'><strong>plena,</strong></span> <span class='ocrx_word' id='word_1_636' title='bbox 1537 1859 1553 1878; x_wconf 87' lang='grc' dir='ltr'>ο</span> <span class='ocrx_word' id='word_1_637' title='bbox 1566 1853 1656 1888; x_wconf 76' lang='lat' dir='ltr'><strong>Virgo.</strong></span> <span class='ocrx_word' id='word_1_638' title='bbox 1673 1855 1726 1881; x_wconf 85' lang='lat' dir='ltr'><strong>Da-</strong></span> 
     </span>
    </p>
   </div>
   <div class='ocr_carea' id='block_1_84' title="bbox 946 1885 1724 1933">
    <p class='ocr_par' dir='ltr' id='par_1_84' title="bbox 946 1885 1724 1933">
     <span class='ocr_line' id='line_1_84' title="bbox 946 1885 1724 1933; baseline 0.022 -24"><span class='ocrx_word' id='word_1_639' title='bbox 946 1885 1034 1912; x_wconf 79' lang='lat' dir='ltr'><strong>miuus</strong></span> <span class='ocrx_word' id='word_1_640' title='bbox 1064 1891 1168 1921; x_wconf 78' lang='lat' dir='ltr'><strong>tecum,-</strong></span> <span class='ocrx_word' id='word_1_641' title='bbox 1201 1891 1262 1924; x_wconf 88' lang='lat' dir='ltr'><strong>quia</strong></span> <span class='ocrx_word' id='word_1_642' title='bbox 1286 1900 1350 1920; x_wconf 88' lang='lat' dir='ltr'><strong>vero</strong></span> <span class='ocrx_word' id='word_1_643' title='bbox 1373 1894 1448 1921; x_wconf 91' lang='lat' dir='ltr'><strong>illum</strong></span> <span class='ocrx_word' id='word_1_644' title='bbox 1475 1896 1557 1924; x_wconf 85' lang='lat' dir='ltr'><strong>habes</strong></span> <span class='ocrx_word' id='word_1_645' title='bbox 1571 1899 1596 1924; x_wconf 93' lang='lat' dir='ltr'><strong>in</strong></span> <span class='ocrx_word' id='word_1_646' title='bbox 1623 1900 1724 1933; x_wconf 77' lang='lat' dir='ltr'><strong>anima,</strong></span> 
     </span>
    </p>
   </div>
   <div class='ocr_carea' id='block_1_85' title="bbox 946 1929 1724 1973">
    <p class='ocr_par' dir='ltr' id='par_1_85' title="bbox 946 1929 1724 1973">
     <span class='ocr_line' id='line_1_85' title="bbox 946 1929 1724 1973; baseline 0.023 -19"><span class='ocrx_word' id='word_1_647' title='bbox 946 1929 1080 1958; x_wconf 77' lang='lat' dir='ltr'><strong>benedicta</strong></span> <span class='ocrx_word' id='word_1_648' title='bbox 1103 1940 1130 1959; x_wconf 71' lang='lat' dir='ltr'><strong>es</strong></span> <span class='ocrx_word' id='word_1_649' title='bbox 1156 1934 1183 1960; x_wconf 78' lang='lat' dir='ltr'><strong>in</strong></span> <span class='ocrx_word' id='word_1_650' title='bbox 1201 1936 1365 1966; x_wconf 68' lang='lat' dir='ltr'><strong>mulieribus.</strong></span> <span class='ocrx_word' id='word_1_651' title='bbox 1387 1939 1418 1966; x_wconf 86' lang='lat' dir='ltr'><strong>Et</strong></span> <span class='ocrx_word' id='word_1_652' title='bbox 1435 1940 1491 1967; x_wconf 76' lang='lat' dir='ltr'><strong>hzcc</strong></span> <span class='ocrx_word' id='word_1_653' title='bbox 1513 1943 1621 1973; x_wconf 81' lang='lat' dir='ltr'><strong>quidem</strong></span> <span class='ocrx_word' id='word_1_654' title='bbox 1640 1945 1674 1971; x_wconf 91' lang='lat' dir='ltr'><strong>ita</strong></span> <span class='ocrx_word' id='word_1_655' title='bbox 1695 1953 1724 1972; x_wconf 83' lang='lat' dir='ltr'><strong>se</strong></span> 
     </span>
    </p>
   </div>
   <div class='ocr_carea' id='block_1_86' title="bbox 946 1972 1721 2022">
    <p class='ocr_par' dir='ltr' id='par_1_86' title="bbox 946 1972 1721 2022">
     <span class='ocr_line' id='line_1_86' title="bbox 946 1972 1721 2022; baseline 0.026 -25"><span class='ocrx_word' id='word_1_656' title='bbox 946 1972 1138 2009; x_wconf 74' lang='lat' dir='ltr'><strong>lmbcntzqure</strong></span> <span class='ocrx_word' id='word_1_657' title='bbox 1159 1985 1223 2006; x_wconf 86' lang='lat' dir='ltr'><strong>vero</strong></span> <span class='ocrx_word' id='word_1_658' title='bbox 1247 1988 1400 2015; x_wconf 82' lang='lat' dir='ltr'><strong>sequuntur</strong></span> <span class='ocrx_word' id='word_1_659' title='bbox 1420 1985 1452 2011; x_wconf 91' lang='lat' dir='ltr'><strong>ad</strong></span> <span class='ocrx_word' id='word_1_660' title='bbox 1474 1972 1564 2013; x_wconf 82' lang='lat' dir='ltr'><strong>futura</strong></span> <span class='ocrx_word' id='word_1_661' title='bbox 1588 1995 1721 2022; x_wconf 85' lang='lat' dir='ltr'><strong>spectant,</strong></span> 
     </span>
    </p>
   </div>
   <div class='ocr_carea' id='block_1_87' title="bbox 947 2020 1722 2064">
    <p class='ocr_par' dir='ltr' id='par_1_87' title="bbox 947 2020 1722 2064">
     <span class='ocr_line' id='line_1_87' title="bbox 947 2020 1722 2064; baseline 0.025 -21"><span class='ocrx_word' id='word_1_662' title='bbox 947 2023 970 2044; x_wconf 86' lang='lat' dir='ltr'><strong>et</strong></span> <span class='ocrx_word' id='word_1_663' title='bbox 984 2020 1128 2048; x_wconf 80' lang='lat' dir='ltr'><strong>subsecuta</strong></span> <span class='ocrx_word' id='word_1_664' title='bbox 1137 2029 1200 2051; x_wconf 89' lang='lat' dir='ltr'><strong>sunt</strong></span> <span class='ocrx_word' id='word_1_665' title='bbox 1211 2033 1373 2054; x_wconf 78' lang='lat' dir='ltr'><strong>consensum</strong></span> <span class='ocrx_word' id='word_1_666' title='bbox 1387 2030 1460 2063; x_wconf 89' lang='lat' dir='ltr'><strong>prius</strong></span> <span class='ocrx_word' id='word_1_667' title='bbox 1475 2032 1609 2064; x_wconf 64' lang='lat' dir='ltr'><strong>prmbente</strong></span> <span class='ocrx_word' id='word_1_668' title='bbox 1621 2035 1722 2062; x_wconf 87' lang='lat' dir='ltr'><strong>illibata</strong></span> 
     </span>
    </p>
   </div>
   <div class='ocr_carea' id='block_1_88' title="bbox 943 2062 1719 2111">
    <p class='ocr_par' dir='ltr' id='par_1_88' title="bbox 943 2062 1719 2111">
     <span class='ocr_line' id='line_1_88' title="bbox 943 2062 1719 2111; baseline 0.023 -22"><span class='ocrx_word' id='word_1_669' title='bbox 943 2062 1054 2098; x_wconf 76' lang='lat' dir='ltr'><strong>Virgine</strong></span> <span class='ocrx_word' id='word_1_670' title='bbox 1079 2068 1263 2101; x_wconf 83' lang='lat' dir='ltr'><strong>gratissimum</strong></span> <span class='ocrx_word' id='word_1_671' title='bbox 1295 2072 1348 2100; x_wconf 86' lang='lat' dir='ltr'><strong>Deo</strong></span> <span class='ocrx_word' id='word_1_672' title='bbox 1376 2083 1473 2103; x_wconf 89' lang='lat' dir='ltr'><strong>mttnus</strong></span> <span class='ocrx_word' id='word_1_673' title='bbox 1499 2083 1526 2104; x_wconf 78' lang='lat' dir='ltr'><strong>et</strong></span> <span class='ocrx_word' id='word_1_674' title='bbox 1545 2087 1597 2111; x_wconf 87' lang='lat' dir='ltr'><strong>quo</strong></span> <span class='ocrx_word' id='word_1_675' title='bbox 1616 2081 1719 2108; x_wconf 90' lang='lat' dir='ltr'><strong>nulltun</strong></span> 
     </span>
    </p>
   </div>
   <div class='ocr_carea' id='block_1_89' title="bbox 944 2110 1721 2160">
    <p class='ocr_par' dir='ltr' id='par_1_89' title="bbox 944 2110 1721 2160">
     <span class='ocr_line' id='line_1_89' title="bbox 944 2110 1721 2160; baseline 0.023 -25"><span class='ocrx_word' id='word_1_676' title='bbox 944 2110 1039 2160; x_wconf 72' lang='lat' dir='ltr'><strong>potius</strong></span> <span class='ocrx_word' id='word_1_677' title='bbox 1050 2113 1140 2140; x_wconf 77' lang='lat' dir='ltr'><strong>olierri</strong></span> <span class='ocrx_word' id='word_1_678' title='bbox 1157 2119 1263 2148; x_wconf 85' lang='lat' dir='ltr'><strong>poterat</strong></span> <span class='ocrx_word' id='word_1_679' title='bbox 1276 2126 1283 2150; x_wconf 89' lang='lat'><strong>;</strong></span> <span class='ocrx_word' id='word_1_680' title='bbox 1300 2119 1364 2152; x_wconf 90' lang='lat' dir='ltr'><strong>quid</strong></span> <span class='ocrx_word' id='word_1_681' title='bbox 1382 2121 1453 2147; x_wconf 88' lang='lat' dir='ltr'><strong>enim</strong></span> <span class='ocrx_word' id='word_1_682' title='bbox 1467 2122 1504 2149; x_wconf 95' lang='lat' dir='ltr'><strong>illi</strong></span> <span class='ocrx_word' id='word_1_683' title='bbox 1518 2110 1650 2158; x_wconf 74' lang='lat' dir='ltr'><strong>:rqttetur,</strong></span> <span class='ocrx_word' id='word_1_684' title='bbox 1666 2133 1721 2160; x_wconf 91' lang='lat' dir='ltr'><strong>quo</strong></span> 
     </span>
    </p>
   </div>
   <div class='ocr_carea' id='block_1_90' title="bbox 943 2152 1716 2201">
    <p class='ocr_par' dir='ltr' id='par_1_90' title="bbox 943 2152 1716 2201">
     <span class='ocr_line' id='line_1_90' title="bbox 943 2152 1716 2201; baseline 0.022 -22"><span class='ocrx_word' id='word_1_685' title='bbox 943 2152 1014 2181; x_wconf 82' lang='lat' dir='ltr'><strong>Deus</strong></span> <span class='ocrx_word' id='word_1_686' title='bbox 1033 2155 1156 2190; x_wconf 76' lang='lat' dir='ltr'><strong>iudiguit,</strong></span> <span class='ocrx_word' id='word_1_687' title='bbox 1186 2163 1214 2186; x_wconf 89' lang='lat' dir='ltr'><strong>ut</strong></span> <span class='ocrx_word' id='word_1_688' title='bbox 1229 2167 1262 2187; x_wconf 90' lang='lat' dir='ltr'><strong>eo</strong></span> <span class='ocrx_word' id='word_1_689' title='bbox 1285 2167 1416 2196; x_wconf 88' lang='lat' dir='ltr'><strong>uteretur,</strong></span> <span class='ocrx_word' id='word_1_690' title='bbox 1433 2167 1510 2199; x_wconf 86' lang='lat' dir='ltr'><strong>quasi</strong></span> <span class='ocrx_word' id='word_1_691' title='bbox 1533 2152 1716 2201; x_wconf 68' lang='lat' dir='ltr'><strong>fundamento,</strong></span> 
     </span>
    </p>
   </div>
   <div class='ocr_carea' id='block_1_91' title="bbox 108 2199 898 2250">
    <p class='ocr_par' dir='ltr' id='par_1_91' title="bbox 108 2209 887 2250">
     <span class='ocr_line' id='line_1_91' title="bbox 108 2209 887 2250; baseline -0.008 -10"><span class='ocrx_word' id='word_1_692' title='bbox 108 2223 165 2250; x_wconf 75' lang='lat' dir='ltr'><strong>quze</strong></span> <span class='ocrx_word' id='word_1_693' title='bbox 181 2215 256 2242; x_wconf 91' lang='lat' dir='ltr'><strong>illum</strong></span> <span class='ocrx_word' id='word_1_694' title='bbox 278 2221 360 2248; x_wconf 83' lang='lat' dir='ltr'><strong>supra</strong></span> <span class='ocrx_word' id='word_1_695' title='bbox 375 2214 556 2248; x_wconf 78' lang='lat' dir='ltr'><strong>capacitatem</strong></span> <span class='ocrx_word' id='word_1_696' title='bbox 574 2211 673 2239; x_wconf 82' lang='lat' dir='ltr'><strong>mentis</strong></span> <span class='ocrx_word' id='word_1_697' title='bbox 688 2210 803 2245; x_wconf 84' lang='lat' dir='ltr'><strong>peperit,</strong></span> <span class='ocrx_word' id='word_1_698' title='bbox 816 2209 887 2244; x_wconf 70' lang='lat' dir='ltr'><strong>sicut</strong></span> 
     </span>
    </p>
   </div>
   <div class='ocr_carea' id='block_1_92' title="bbox 950 2199 1717 2250">
    <p class='ocr_par' dir='ltr' id='par_1_92' title="bbox 950 2199 1717 2241">
     <span class='ocr_line' id='line_1_92' title="bbox 950 2199 1717 2241; baseline 0.021 -16"><span class='ocrx_word' id='word_1_699' title='bbox 950 2203 969 2225; x_wconf 59' lang='lat' dir='ltr'><strong>at</strong></span> <span class='ocrx_word' id='word_1_700' title='bbox 998 2199 1055 2227; x_wconf 85' lang='lat' dir='ltr'><strong>basi</strong></span> <span class='ocrx_word' id='word_1_701' title='bbox 1078 2204 1209 2237; x_wconf 85' lang='lat' dir='ltr'><strong>mysterii,</strong></span> <span class='ocrx_word' id='word_1_702' title='bbox 1238 2213 1287 2240; x_wconf 88' lang='lat' dir='ltr'><strong>per</strong></span> <span class='ocrx_word' id='word_1_703' title='bbox 1297 2209 1368 2241; x_wconf 91' lang='lat' dir='ltr'><strong>quod</strong></span> <span class='ocrx_word' id='word_1_704' title='bbox 1386 2216 1514 2238; x_wconf 85' lang='lat' dir='ltr'><strong>renovata</strong></span> <span class='ocrx_word' id='word_1_705' title='bbox 1536 2214 1625 2240; x_wconf 85' lang='lat' dir='ltr'><strong>omnia</strong></span> <span class='ocrx_word' id='word_1_706' title='bbox 1646 2215 1717 2241; x_wconf 88' lang='lat' dir='ltr'><strong>mul-</strong></span> 
     </span>
    </p>
   </div>
   <div class='ocr_carea' id='block_1_93' title="bbox 108 2255 884 2295">
    <p class='ocr_par' dir='ltr' id='par_1_93' title="bbox 108 2255 884 2295">
     <span class='ocr_line' id='line_1_93' title="bbox 108 2255 884 2295; baseline -0.009 -8"><span class='ocrx_word' id='word_1_707' title='bbox 108 2266 134 2288; x_wconf 88' lang='lat' dir='ltr'><strong>et.</strong></span> <span class='ocrx_word' id='word_1_708' title='bbox 161 2261 273 2295; x_wconf 82' lang='lat' dir='ltr'><strong>spiritus</strong></span> <span class='ocrx_word' id='word_1_709' title='bbox 287 2260 347 2294; x_wconf 81' lang='lat' dir='ltr'><strong>ejus</strong></span> <span class='ocrx_word' id='word_1_710' title='bbox 364 2267 425 2287; x_wconf 88' lang='lat' dir='ltr'><strong>cum</strong></span> <span class='ocrx_word' id='word_1_711' title='bbox 448 2259 502 2290; x_wconf 90' lang='lat' dir='ltr'><strong>illa,</strong></span> <span class='ocrx_word' id='word_1_712' title='bbox 527 2263 556 2285; x_wconf 90' lang='lat' dir='ltr'><strong>ut</strong></span> <span class='ocrx_word' id='word_1_713' title='bbox 577 2265 626 2286; x_wconf 85' lang='lat' dir='ltr'><strong>nec</strong></span> <span class='ocrx_word' id='word_1_714' title='bbox 645 2261 767 2291; x_wconf 84' lang='lat' dir='ltr'><strong>tempore</strong></span> <span class='ocrx_word' id='word_1_715' title='bbox 782 2255 884 2289; x_wconf 80' lang='lat' dir='ltr'><strong>disjun-</strong></span> 
     </span>
    </p>
   </div>
   <div class='ocr_carea' id='block_1_94' title="bbox 107 2300 884 2342">
    <p class='ocr_par' dir='ltr' id='par_1_94' title="bbox 107 2300 884 2342">
     <span class='ocr_line' id='line_1_94' title="bbox 107 2300 884 2342; baseline -0.006 -9"><span class='ocrx_word' id='word_1_716' title='bbox 107 2312 222 2342; x_wconf 75' lang='lat' dir='ltr'><strong>geretur,</strong></span> <span class='ocrx_word' id='word_1_717' title='bbox 240 2313 289 2332; x_wconf 89' lang='lat' dir='ltr'><strong>nec</strong></span> <span class='ocrx_word' id='word_1_718' title='bbox 306 2305 359 2332; x_wconf 81' lang='lat' dir='ltr'><strong>ulla</strong></span> <span class='ocrx_word' id='word_1_719' title='bbox 378 2305 402 2331; x_wconf 87' lang='lat' dir='ltr'><strong>vi</strong></span> <span class='ocrx_word' id='word_1_720' title='bbox 421 2312 501 2332; x_wconf 87' lang='lat' dir='ltr'><strong>casus</strong></span> <span class='ocrx_word' id='word_1_721' title='bbox 514 2302 739 2331; x_wconf 83' lang='lat' dir='ltr'><strong>abstraheretur?</strong></span> <span class='ocrx_word' id='word_1_722' title='bbox 754 2301 785 2328; x_wconf 84' lang='lat' dir='ltr'><strong>Et</strong></span> <span class='ocrx_word' id='word_1_723' title='bbox 801 2301 823 2329; x_wconf 88' lang='lat' dir='ltr'><strong>si</strong></span> <span class='ocrx_word' id='word_1_724' title='bbox 841 2300 884 2328; x_wconf 89' lang='lat' dir='ltr'><strong>ubi</strong></span> 
     </span>
    </p>
   </div>
   <div class='ocr_carea' id='block_1_95' title="bbox 108 2347 883 2386">
    <p class='ocr_par' dir='ltr' id='par_1_95' title="bbox 108 2347 883 2386">
     <span class='ocr_line' id='line_1_95' title="bbox 108 2347 883 2386; baseline -0.006 -7"><span class='ocrx_word' id='word_1_725' title='bbox 108 2354 173 2386; x_wconf 84' lang='lat' dir='ltr'><strong>ipse.</strong></span> <span class='ocrx_word' id='word_1_726' title='bbox 186 2352 240 2379; x_wconf 91' lang='lat' dir='ltr'><strong>illic</strong></span> <span class='ocrx_word' id='word_1_727' title='bbox 254 2353 339 2379; x_wconf 85' lang='lat' dir='ltr'><strong>eritet</strong></span> <span class='ocrx_word' id='word_1_728' title='bbox 357 2352 491 2383; x_wconf 84' lang='lat' dir='ltr'><strong>minister,</strong></span> <span class='ocrx_word' id='word_1_729' title='bbox 509 2351 645 2385; x_wconf 88' lang='lat' dir='ltr'><strong>quomodo</strong></span> <span class='ocrx_word' id='word_1_730' title='bbox 660 2357 713 2376; x_wconf 91' lang='lat' dir='ltr'><strong>non</strong></span> <span class='ocrx_word' id='word_1_731' title='bbox 728 2347 883 2376; x_wconf 82' lang='lat' dir='ltr'><strong>necessario</strong></span> 
     </span>
    </p>
   </div>
   <div class='ocr_carea' id='block_1_96' title="bbox 108 2393 884 2428">
    <p class='ocr_par' dir='ltr' id='par_1_96' title="bbox 108 2393 884 2428">
     <span class='ocr_line' id='line_1_96' title="bbox 108 2393 884 2428; baseline -0.006 -3"><span class='ocrx_word' id='word_1_732' title='bbox 108 2398 211 2425; x_wconf 85' lang='lat' dir='ltr'><strong>Mater?</strong></span> <span class='ocrx_word' id='word_1_733' title='bbox 225 2398 357 2425; x_wconf 67' lang='lat' dir='ltr'><strong>Cancrum</strong></span> <span class='ocrx_word' id='word_1_734' title='bbox 378 2398 473 2424; x_wconf 87' lang='lat' dir='ltr'><strong>relicta</strong></span> <span class='ocrx_word' id='word_1_735' title='bbox 490 2397 541 2425; x_wconf 84' lang='lat' dir='ltr'><strong>fuit</strong></span> <span class='ocrx_word' id='word_1_736' title='bbox 554 2397 581 2424; x_wconf 90' lang='lat' dir='ltr'><strong>in</strong></span> <span class='ocrx_word' id='word_1_737' title='bbox 600 2401 682 2428; x_wconf 88' lang='lat' dir='ltr'><strong>terra,</strong></span> <span class='ocrx_word' id='word_1_738' title='bbox 698 2400 725 2423; x_wconf 89' lang='lat' dir='ltr'><strong>et</strong></span> <span class='ocrx_word' id='word_1_739' title='bbox 749 2402 812 2421; x_wconf 91' lang='lat' dir='ltr'><strong>cum</strong></span> <span class='ocrx_word' id='word_1_740' title='bbox 827 2393 884 2420; x_wconf 86' lang='lat' dir='ltr'><strong>suis</strong></span> 
     </span>
    </p>
   </div>
   <div class='ocr_carea' id='block_1_97' title="bbox 107 2440 884 2476">
    <p class='ocr_par' dir='ltr' id='par_1_97' title="bbox 107 2440 884 2476">
     <span class='ocr_line' id='line_1_97' title="bbox 107 2440 884 2476; baseline -0.008 -6"><span class='ocrx_word' id='word_1_741' title='bbox 107 2451 158 2470; x_wconf 92' lang='lat' dir='ltr'><strong>non</strong></span> <span class='ocrx_word' id='word_1_742' title='bbox 185 2447 227 2470; x_wconf 87' lang='lat' dir='ltr'><strong>est</strong></span> <span class='ocrx_word' id='word_1_743' title='bbox 239 2442 350 2476; x_wconf 79' lang='lat' dir='ltr'><strong>abrepta</strong></span> <span class='ocrx_word' id='word_1_744' title='bbox 377 2442 538 2473; x_wconf 81' lang='lat' dir='ltr'><strong>visceribus,</strong></span> <span class='ocrx_word' id='word_1_745' title='bbox 569 2449 630 2469; x_wconf 92' lang='lat' dir='ltr'><strong>cum</strong></span> <span class='ocrx_word' id='word_1_746' title='bbox 655 2440 814 2468; x_wconf 72' lang='lat' dir='ltr'><strong>ascenderet</strong></span> <span class='ocrx_word' id='word_1_747' title='bbox 837 2444 884 2471; x_wconf 89' lang='lat' dir='ltr'><strong>per</strong></span> 
     </span>
    </p>
   </div>
   <div class='ocr_carea' id='block_1_98' title="bbox 107 2484 883 2521">
    <p class='ocr_par' dir='ltr' id='par_1_98' title="bbox 107 2484 883 2521">
     <span class='ocr_line' id='line_1_98' title="bbox 107 2484 883 2521; baseline -0.008 -5"><span class='ocrx_word' id='word_1_748' title='bbox 107 2490 212 2520; x_wconf 88' lang='lat' dir='ltr'><strong>nubent,</strong></span> <span class='ocrx_word' id='word_1_749' title='bbox 245 2496 279 2515; x_wconf 88' lang='lat' dir='ltr'><strong>ne</strong></span> <span class='ocrx_word' id='word_1_750' title='bbox 301 2488 516 2515; x_wconf 87' lang='lat' dir='ltr'><strong>subducentibus</strong></span> <span class='ocrx_word' id='word_1_751' title='bbox 533 2495 592 2515; x_wconf 81' lang='lat' dir='ltr'><strong>sese.</strong></span> <span class='ocrx_word' id='word_1_752' title='bbox 614 2490 725 2521; x_wconf 90' lang='lat' dir='ltr'><strong>repente</strong></span> <span class='ocrx_word' id='word_1_753' title='bbox 751 2484 883 2512; x_wconf 83' lang='lat' dir='ltr'><strong>ambobus</strong></span> 
     </span>
    </p>
   </div>
   <div class='ocr_carea' id='block_1_99' title="bbox 107 2530 881 2568">
    <p class='ocr_par' dir='ltr' id='par_1_99' title="bbox 107 2530 881 2568">
     <span class='ocr_line' id='line_1_99' title="bbox 107 2530 881 2568; baseline -0.006 -7"><span class='ocrx_word' id='word_1_754' title='bbox 107 2535 300 2568; x_wconf 78' lang='lat' dir='ltr'><strong>discipulorum</strong></span> <span class='ocrx_word' id='word_1_755' title='bbox 327 2534 431 2565; x_wconf 84' lang='lat' dir='ltr'><strong>oculis,</strong></span> <span class='ocrx_word' id='word_1_756' title='bbox 463 2533 501 2560; x_wconf 93' lang='lat' dir='ltr'><strong>illi</strong></span> <span class='ocrx_word' id='word_1_757' title='bbox 532 2536 675 2560; x_wconf 87' lang='lat' dir='ltr'><strong>manerent</strong></span> <span class='ocrx_word' id='word_1_758' title='bbox 703 2530 881 2559; x_wconf 87' lang='lat' dir='ltr'><strong>semimorlui.</strong></span> 
     </span>
    </p>
   </div>
   <div class='ocr_carea' id='block_1_100' title="bbox 107 2577 879 2613">
    <p class='ocr_par' dir='ltr' id='par_1_100' title="bbox 107 2577 879 2613">
     <span class='ocr_line' id='line_1_100' title="bbox 107 2577 879 2613; baseline -0.005 -7"><span class='ocrx_word' id='word_1_759' title='bbox 107 2579 195 2613; x_wconf 79' lang='lat' dir='ltr'><strong>Nuper</strong></span> <span class='ocrx_word' id='word_1_760' title='bbox 209 2579 280 2606; x_wconf 88' lang='lat' dir='ltr'><strong>enim</strong></span> <span class='ocrx_word' id='word_1_761' title='bbox 305 2578 465 2613; x_wconf 82' lang='lat' dir='ltr'><strong>compactis,</strong></span> <span class='ocrx_word' id='word_1_762' title='bbox 482 2583 509 2606; x_wconf 91' lang='lat' dir='ltr'><strong>et</strong></span> <span class='ocrx_word' id='word_1_763' title='bbox 524 2578 702 2612; x_wconf 81' lang='lat' dir='ltr'><strong>imperfectis,</strong></span> <span class='ocrx_word' id='word_1_764' title='bbox 715 2577 785 2611; x_wconf 91' lang='lat' dir='ltr'><strong>quod</strong></span> <span class='ocrx_word' id='word_1_765' title='bbox 799 2578 879 2611; x_wconf 84' lang='lat' dir='ltr'><strong>perli-</strong></span> 
     </span>
    </p>
   </div>
   <div class='ocr_carea' id='block_1_101' title="bbox 107 2624 882 2659">
    <p class='ocr_par' dir='ltr' id='par_1_101' title="bbox 107 2624 882 2659">
     <span class='ocr_line' id='line_1_101' title="bbox 107 2624 882 2659; baseline -0.004 -8"><span class='ocrx_word' id='word_1_766' title='bbox 107 2626 176 2652; x_wconf 78' lang='lat' dir='ltr'><strong>ciens</strong></span> <span class='ocrx_word' id='word_1_767' title='bbox 187 2624 305 2659; x_wconf 90' lang='lat' dir='ltr'><strong>Spiritus</strong></span> <span class='ocrx_word' id='word_1_768' title='bbox 319 2625 437 2652; x_wconf 91' lang='lat' dir='ltr'><strong>nondum</strong></span> <span class='ocrx_word' id='word_1_769' title='bbox 450 2625 477 2651; x_wconf 96' lang='lat' dir='ltr'><strong>in</strong></span> <span class='ocrx_word' id='word_1_770' title='bbox 490 2632 536 2652; x_wconf 86' lang='lat' dir='ltr'><strong>eos</strong></span> <span class='ocrx_word' id='word_1_771' title='bbox 550 2624 714 2655; x_wconf 78' lang='lat' dir='ltr'><strong>advenisset,</strong></span> <span class='ocrx_word' id='word_1_772' title='bbox 730 2624 752 2650; x_wconf 91' lang='lat' dir='ltr'><strong>si</strong></span> <span class='ocrx_word' id='word_1_773' title='bbox 768 2628 882 2656; x_wconf 90' lang='lat' dir='ltr'><strong>utroque</strong></span> 
     </span>
    </p>
   </div>
   <div class='ocr_carea' id='block_1_102' title="bbox 106 2669 880 2703">
    <p class='ocr_par' dir='ltr' id='par_1_102' title="bbox 106 2669 880 2703">
     <span class='ocr_line' id='line_1_102' title="bbox 106 2669 880 2703; baseline -0.001 -7"><span class='ocrx_word' id='word_1_774' title='bbox 106 2671 186 2697; x_wconf 83' lang='lat' dir='ltr'><strong>orbati</strong></span> <span class='ocrx_word' id='word_1_775' title='bbox 207 2670 334 2703; x_wconf 84' lang='lat' dir='ltr'><strong>fuissent,</strong></span> <span class='ocrx_word' id='word_1_776' title='bbox 351 2671 387 2697; x_wconf 93' lang='lat' dir='ltr'><strong>ob</strong></span> <span class='ocrx_word' id='word_1_777' title='bbox 411 2671 448 2698; x_wconf 87' lang='lat' dir='ltr'><strong>rei</strong></span> <span class='ocrx_word' id='word_1_778' title='bbox 460 2671 605 2698; x_wconf 80' lang='lat' dir='ltr'><strong>novitatem</strong></span> <span class='ocrx_word' id='word_1_779' title='bbox 621 2670 677 2696; x_wconf 89' lang='lat' dir='ltr'><strong>vita</strong></span> <span class='ocrx_word' id='word_1_780' title='bbox 693 2670 745 2697; x_wconf 82' lang='lat' dir='ltr'><strong>illis</strong></span> <span class='ocrx_word' id='word_1_781' title='bbox 760 2669 880 2696; x_wconf 75' lang='lat' dir='ltr'><strong>acerbis-</strong></span> 
     </span>
    </p>
   </div>
   <div class='ocr_carea' id='block_1_103' title="bbox 106 2716 878 2748">
    <p class='ocr_par' dir='ltr' id='par_1_103' title="bbox 106 2716 878 2748">
     <span class='ocr_line' id='line_1_103' title="bbox 106 2716 878 2748; baseline -0.001 -5"><span class='ocrx_word' id='word_1_782' title='bbox 106 2716 169 2743; x_wconf 87' lang='lat' dir='ltr'><strong>sima</strong></span> <span class='ocrx_word' id='word_1_783' title='bbox 183 2716 240 2744; x_wconf 82' lang='lat' dir='ltr'><strong>visa</strong></span> <span class='ocrx_word' id='word_1_784' title='bbox 261 2721 345 2748; x_wconf 85' lang='lat' dir='ltr'><strong>esset,</strong></span> <span class='ocrx_word' id='word_1_785' title='bbox 370 2721 396 2743; x_wconf 90' lang='lat' dir='ltr'><strong>ct</strong></span> <span class='ocrx_word' id='word_1_786' title='bbox 413 2716 527 2744; x_wconf 85' lang='lat' dir='ltr'><strong>fortasse</strong></span> <span class='ocrx_word' id='word_1_787' title='bbox 542 2717 602 2744; x_wconf 85' lang='lat' dir='ltr'><strong>sine</strong></span> <span class='ocrx_word' id='word_1_788' title='bbox 615 2716 713 2744; x_wconf 86' lang='lat' dir='ltr'><strong>solatio</strong></span> <span class='ocrx_word' id='word_1_789' title='bbox 738 2719 878 2742; x_wconf 83' lang='lat' dir='ltr'><strong>manentes</strong></span> 
     </span>
    </p>
   </div>
   <div class='ocr_carea' id='block_1_104' title="bbox 106 2760 876 2797">
    <p class='ocr_par' dir='ltr' id='par_1_104' title="bbox 106 2760 876 2797">
     <span class='ocr_line' id='line_1_104' title="bbox 106 2760 876 2797; baseline 0 -10"><span class='ocrx_word' id='word_1_790' title='bbox 106 2761 180 2788; x_wconf 84' lang='lat' dir='ltr'><strong>etlam</strong></span> <span class='ocrx_word' id='word_1_791' title='bbox 198 2761 309 2789; x_wconf 91' lang='lat' dir='ltr'><strong>omnino</strong></span> <span class='ocrx_word' id='word_1_792' title='bbox 321 2762 529 2797; x_wconf 84' lang='lat' dir='ltr'><strong>desperassent;</strong></span> <span class='ocrx_word' id='word_1_793' title='bbox 545 2767 573 2790; x_wconf 89' lang='lat' dir='ltr'><strong>at</strong></span> <span class='ocrx_word' id='word_1_794' title='bbox 588 2762 633 2790; x_wconf 87' lang='lat' dir='ltr'><strong>illa</strong></span> <span class='ocrx_word' id='word_1_795' title='bbox 653 2762 803 2789; x_wconf 83' lang='lat' dir='ltr'><strong>discessum</strong></span> <span class='ocrx_word' id='word_1_796' title='bbox 815 2760 876 2788; x_wconf 84' lang='lat' dir='ltr'><strong>Filii</strong></span> 
     </span>
    </p>
   </div>
   <div class='ocr_carea' id='block_1_105' title="bbox 106 2807 877 2843">
    <p class='ocr_par' dir='ltr' id='par_1_105' title="bbox 106 2807 877 2843">
     <span class='ocr_line' id='line_1_105' title="bbox 106 2807 877 2843; baseline 0.001 -10"><span class='ocrx_word' id='word_1_797' title='bbox 106 2807 238 2841; x_wconf 70' lang='lat' dir='ltr'><strong>aegerrime</strong></span> <span class='ocrx_word' id='word_1_798' title='bbox 255 2814 346 2842; x_wconf 81' lang='lat' dir='ltr'><strong>passa,</strong></span> <span class='ocrx_word' id='word_1_799' title='bbox 376 2812 404 2835; x_wconf 93' lang='lat' dir='ltr'><strong>ut</strong></span> <span class='ocrx_word' id='word_1_800' title='bbox 419 2809 532 2843; x_wconf 83' lang='lat' dir='ltr'><strong>putatis,</strong></span> <span class='ocrx_word' id='word_1_801' title='bbox 563 2808 599 2836; x_wconf 89' lang='lat' dir='ltr'><strong>ita</strong></span> <span class='ocrx_word' id='word_1_802' title='bbox 619 2808 693 2836; x_wconf 87' lang='lat' dir='ltr'><strong>illum</strong></span> <span class='ocrx_word' id='word_1_803' title='bbox 713 2812 801 2835; x_wconf 86' lang='lat' dir='ltr'><strong>tamen</strong></span> <span class='ocrx_word' id='word_1_804' title='bbox 815 2808 877 2835; x_wconf 82' lang='lat' dir='ltr'><strong>tulit</strong></span> 
     </span>
    </p>
   </div>
   <div class='ocr_carea' id='block_1_106' title="bbox 941 2246 1718 2292">
    <p class='ocr_par' dir='ltr' id='par_1_106' title="bbox 941 2246 1718 2292">
     <span class='ocr_line' id='line_1_106' title="bbox 941 2246 1718 2292; baseline 0.022 -23"><span class='ocrx_word' id='word_1_805' title='bbox 941 2246 1023 2278; x_wconf 85' lang='lat' dir='ltr'><strong>toque</strong></span> <span class='ocrx_word' id='word_1_806' title='bbox 1048 2247 1144 2275; x_wconf 86' lang='lat' dir='ltr'><strong>melius</strong></span> <span class='ocrx_word' id='word_1_807' title='bbox 1172 2249 1333 2284; x_wconf 87' lang='lat' dir='ltr'><strong>instaurata,</strong></span> <span class='ocrx_word' id='word_1_808' title='bbox 1355 2261 1435 2287; x_wconf 92' lang='lat' dir='ltr'><strong>quam</strong></span> <span class='ocrx_word' id='word_1_809' title='bbox 1450 2256 1512 2282; x_wconf 90' lang='lat' dir='ltr'><strong>olim</strong></span> <span class='ocrx_word' id='word_1_810' title='bbox 1534 2258 1718 2292; x_wconf 58' lang='lat' dir='ltr'><strong>esscnthpm</strong></span> 
     </span>
    </p>
   </div>
   <div class='ocr_carea' id='block_1_107' title="bbox 942 2290 1716 2336">
    <p class='ocr_par' dir='ltr' id='par_1_107' title="bbox 942 2290 1716 2336">
     <span class='ocr_line' id='line_1_107' title="bbox 942 2290 1716 2336; baseline 0.019 -22"><span class='ocrx_word' id='word_1_811' title='bbox 942 2290 1114 2323; x_wconf 80' lang='lat' dir='ltr'><strong>perspicuum</strong></span> <span class='ocrx_word' id='word_1_812' title='bbox 1133 2294 1228 2320; x_wconf 88' lang='lat' dir='ltr'><strong>estita</strong></span> <span class='ocrx_word' id='word_1_813' title='bbox 1252 2303 1321 2328; x_wconf 82' lang='lat' dir='ltr'><strong>esse,</strong></span> <span class='ocrx_word' id='word_1_814' title='bbox 1341 2299 1467 2331; x_wconf 80' lang='lat' dir='ltr'><strong>quOuiam</strong></span> <span class='ocrx_word' id='word_1_815' title='bbox 1494 2301 1575 2327; x_wconf 88' lang='lat' dir='ltr'><strong>simul</strong></span> <span class='ocrx_word' id='word_1_816' title='bbox 1601 2310 1632 2328; x_wconf 87' lang='lat' dir='ltr'><strong>ac</strong></span> <span class='ocrx_word' id='word_1_817' title='bbox 1660 2303 1716 2336; x_wconf 79' lang='lat' dir='ltr'><strong>ipsa</strong></span> 
     </span>
    </p>
   </div>
   <div class='ocr_carea' id='block_1_108' title="bbox 941 2338 1715 2381">
    <p class='ocr_par' dir='ltr' id='par_1_108' title="bbox 941 2338 1715 2381">
     <span class='ocr_line' id='line_1_108' title="bbox 941 2338 1715 2381; baseline 0.019 -22"><span class='ocrx_word' id='word_1_818' title='bbox 941 2339 1001 2360; x_wconf 82' lang='lat' dir='ltr'><strong>sese</strong></span> <span class='ocrx_word' id='word_1_819' title='bbox 1016 2341 1112 2368; x_wconf 87' lang='lat' dir='ltr'><strong>sponte</strong></span> <span class='ocrx_word' id='word_1_820' title='bbox 1129 2338 1237 2370; x_wconf 86' lang='lat' dir='ltr'><strong>obtulit,</strong></span> <span class='ocrx_word' id='word_1_821' title='bbox 1249 2345 1276 2367; x_wconf 88' lang='lat' dir='ltr'><strong>et</strong></span> <span class='ocrx_word' id='word_1_822' title='bbox 1291 2348 1416 2377; x_wconf 88' lang='lat' dir='ltr'><strong>prompto</strong></span> <span class='ocrx_word' id='word_1_823' title='bbox 1429 2345 1518 2371; x_wconf 88' lang='lat' dir='ltr'><strong>animo</strong></span> <span class='ocrx_word' id='word_1_824' title='bbox 1532 2345 1587 2372; x_wconf 74' lang='lat' dir='ltr'><strong>fieri</strong></span> <span class='ocrx_word' id='word_1_825' title='bbox 1603 2349 1715 2381; x_wconf 68' lang='lat' dir='ltr'><strong>Optavit,</strong></span> 
     </span>
    </p>
   </div>
   <div class='ocr_carea' id='block_1_109' title="bbox 939 2379 1715 2424">
    <p class='ocr_par' dir='ltr' id='par_1_109' title="bbox 939 2379 1715 2424">
     <span class='ocr_line' id='line_1_109' title="bbox 939 2379 1715 2424; baseline 0.019 -20"><span class='ocrx_word' id='word_1_826' title='bbox 939 2379 1011 2411; x_wconf 85' lang='lat' dir='ltr'><strong>quod</strong></span> <span class='ocrx_word' id='word_1_827' title='bbox 1034 2380 1088 2408; x_wconf 88' lang='lat' dir='ltr'><strong>Deo</strong></span> <span class='ocrx_word' id='word_1_828' title='bbox 1105 2383 1231 2416; x_wconf 84' lang='lat' dir='ltr'><strong>placitqu</strong></span> <span class='ocrx_word' id='word_1_829' title='bbox 1257 2392 1324 2418; x_wconf 88' lang='lat' dir='ltr'><strong>erat,</strong></span> <span class='ocrx_word' id='word_1_830' title='bbox 1353 2387 1428 2420; x_wconf 74' lang='lat' dir='ltr'><strong>Ecce,</strong></span> <span class='ocrx_word' id='word_1_831' title='bbox 1455 2389 1592 2424; x_wconf 81' lang='lat' dir='ltr'><strong>inquiens,</strong></span> <span class='ocrx_word' id='word_1_832' title='bbox 1619 2394 1715 2420; x_wconf 81' lang='lat' dir='ltr'><strong>ancilla</strong></span> 
     </span>
    </p>
   </div>
   <div class='ocr_carea' id='block_1_110' title="bbox 941 2423 1715 2470">
    <p class='ocr_par' dir='ltr' id='par_1_110' title="bbox 941 2423 1715 2470">
     <span class='ocr_line' id='line_1_110' title="bbox 941 2423 1715 2470; baseline 0.019 -21"><span class='ocrx_word' id='word_1_833' title='bbox 941 2423 1058 2457; x_wconf 79' lang='lat' dir='ltr'><strong>Domini,</strong></span> <span class='ocrx_word' id='word_1_834' title='bbox 1076 2428 1124 2460; x_wconf 80' lang='lat' dir='ltr'><strong>fiat</strong></span> <span class='ocrx_word' id='word_1_835' title='bbox 1141 2429 1204 2456; x_wconf 81' lang='lat' dir='ltr'><strong>mihi</strong></span> <span class='ocrx_word' id='word_1_836' title='bbox 1217 2432 1359 2458; x_wconf 68' lang='lat' dir='ltr'><strong>rectmdum</strong></span> <span class='ocrx_word' id='word_1_837' title='bbox 1373 2433 1475 2460; x_wconf 73' lang='lat' dir='ltr'><strong>verbum</strong></span> <span class='ocrx_word' id='word_1_838' title='bbox 1488 2439 1572 2468; x_wconf 84' lang='lat' dir='ltr'><strong>tutnn,</strong></span> <span class='ocrx_word' id='word_1_839' title='bbox 1589 2436 1715 2470; x_wconf 85' lang='lat' dir='ltr'><strong>beucpla-</strong></span> 
     </span>
    </p>
   </div>
   <div class='ocr_carea' id='block_1_111' title="bbox 939 2469 1715 2512">
    <p class='ocr_par' dir='ltr' id='par_1_111' title="bbox 939 2469 1715 2512">
     <span class='ocr_line' id='line_1_111' title="bbox 939 2469 1715 2512; baseline 0.018 -17"><span class='ocrx_word' id='word_1_840' title='bbox 939 2469 994 2496; x_wconf 88' lang='lat' dir='ltr'><strong>cito</strong></span> <span class='ocrx_word' id='word_1_841' title='bbox 1028 2471 1113 2500; x_wconf 79' lang='lat' dir='ltr'><strong>Patris</strong></span> <span class='ocrx_word' id='word_1_842' title='bbox 1138 2481 1302 2509; x_wconf 87' lang='lat' dir='ltr'><strong>cooperante</strong></span> <span class='ocrx_word' id='word_1_843' title='bbox 1328 2477 1442 2512; x_wconf 81' lang='lat' dir='ltr'><strong>Spiti&#39;tu,</strong></span> <span class='ocrx_word' id='word_1_844' title='bbox 1473 2469 1715 2510; x_wconf 82' lang='lat' dir='ltr'><strong>consubstantialis</strong></span> 
     </span>
    </p>
   </div>
   <div class='ocr_carea' id='block_1_112' title="bbox 939 2513 1713 2556">
    <p class='ocr_par' dir='ltr' id='par_1_112' title="bbox 939 2513 1713 2556">
     <span class='ocr_line' id='line_1_112' title="bbox 939 2513 1713 2556; baseline 0.018 -17"><span class='ocrx_word' id='word_1_845' title='bbox 939 2513 1002 2547; x_wconf 86' lang='lat' dir='ltr'><strong>illis,</strong></span> <span class='ocrx_word' id='word_1_846' title='bbox 1016 2521 1178 2550; x_wconf 71' lang='lat' dir='ltr'><strong>cozeteruus.</strong></span> <span class='ocrx_word' id='word_1_847' title='bbox 1198 2525 1224 2547; x_wconf 86' lang='lat' dir='ltr'><strong>et</strong></span> <span class='ocrx_word' id='word_1_848' title='bbox 1240 2526 1496 2556; x_wconf 87' lang='lat' dir='ltr'><strong>contctuporaneus,</strong></span> <span class='ocrx_word' id='word_1_849' title='bbox 1513 2525 1583 2553; x_wconf 84' lang='lat' dir='ltr'><strong>Deus</strong></span> <span class='ocrx_word' id='word_1_850' title='bbox 1599 2527 1713 2554; x_wconf 88' lang='lat' dir='ltr'><strong>Verbum</strong></span> 
     </span>
    </p>
   </div>
   <div class='ocr_carea' id='block_1_113' title="bbox 938 2564 1712 2605">
    <p class='ocr_par' dir='ltr' id='par_1_113' title="bbox 938 2564 1712 2605">
     <span class='ocr_line' id='line_1_113' title="bbox 938 2564 1712 2605; baseline 0.014 -18"><span class='ocrx_word' id='word_1_851' title='bbox 938 2567 1099 2596; x_wconf 77' lang='lat' dir='ltr'><strong>conceptum</strong></span> <span class='ocrx_word' id='word_1_852' title='bbox 1116 2564 1141 2591; x_wconf 92' lang='lat' dir='ltr'><strong>in</strong></span> <span class='ocrx_word' id='word_1_853' title='bbox 1156 2569 1232 2591; x_wconf 88' lang='lat' dir='ltr'><strong>utero</strong></span> <span class='ocrx_word' id='word_1_854' title='bbox 1247 2565 1366 2601; x_wconf 76' lang='lat' dir='ltr'><strong>Virginis</strong></span> <span class='ocrx_word' id='word_1_855' title='bbox 1386 2576 1439 2596; x_wconf 91' lang='lat' dir='ltr'><strong>non</strong></span> <span class='ocrx_word' id='word_1_856' title='bbox 1458 2575 1575 2604; x_wconf 68' lang='lat' dir='ltr'><strong>expertrc</strong></span> <span class='ocrx_word' id='word_1_857' title='bbox 1592 2573 1712 2605; x_wconf 79' lang='lat' dir='ltr'><strong>nuptias,</strong></span> 
     </span>
    </p>
   </div>
   <div class='ocr_carea' id='block_1_114' title="bbox 939 2606 1713 2650">
    <p class='ocr_par' dir='ltr' id='par_1_114' title="bbox 939 2606 1713 2650">
     <span class='ocr_line' id='line_1_114' title="bbox 939 2606 1713 2650; baseline 0.013 -18"><span class='ocrx_word' id='word_1_858' title='bbox 939 2606 1024 2634; x_wconf 80' lang='lat' dir='ltr'><strong>induit</strong></span> <span class='ocrx_word' id='word_1_859' title='bbox 1051 2609 1121 2636; x_wconf 85' lang='lat' dir='ltr'><strong>hanc</strong></span> <span class='ocrx_word' id='word_1_860' title='bbox 1147 2616 1267 2638; x_wconf 88' lang='lat' dir='ltr'><strong>nostram</strong></span> <span class='ocrx_word' id='word_1_861' title='bbox 1281 2613 1459 2640; x_wconf 82' lang='lat' dir='ltr'><strong>substantiam</strong></span> <span class='ocrx_word' id='word_1_862' title='bbox 1482 2616 1540 2641; x_wconf 82' lang='lat' dir='ltr'><strong>sine</strong></span> <span class='ocrx_word' id='word_1_863' title='bbox 1556 2617 1635 2642; x_wconf 84' lang='lat' dir='ltr'><strong>sorde</strong></span> <span class='ocrx_word' id='word_1_864' title='bbox 1650 2624 1713 2650; x_wconf 84' lang='lat' dir='ltr'><strong>pro-</strong></span> 
     </span>
    </p>
   </div>
   <div class='ocr_carea' id='block_1_115' title="bbox 940 2652 1712 2692">
    <p class='ocr_par' dir='ltr' id='par_1_115' title="bbox 940 2652 1712 2692">
     <span class='ocr_line' id='line_1_115' title="bbox 940 2652 1712 2692; baseline 0.013 -15"><span class='ocrx_word' id='word_1_865' title='bbox 940 2652 1029 2683; x_wconf 73' lang='lat' dir='ltr'><strong>(liena,</strong></span> <span class='ocrx_word' id='word_1_866' title='bbox 1045 2661 1106 2687; x_wconf 68' lang='lat' dir='ltr'><strong>qua:</strong></span> <span class='ocrx_word' id='word_1_867' title='bbox 1121 2662 1183 2681; x_wconf 82' lang='lat' dir='ltr'><strong>cum</strong></span> <span class='ocrx_word' id='word_1_868' title='bbox 1208 2662 1345 2691; x_wconf 84' lang='lat' dir='ltr'><strong>assumpta</strong></span> <span class='ocrx_word' id='word_1_869' title='bbox 1373 2663 1480 2692; x_wconf 88' lang='lat' dir='ltr'><strong>natura,</strong></span> <span class='ocrx_word' id='word_1_870' title='bbox 1496 2659 1564 2686; x_wconf 87' lang='lat' dir='ltr'><strong>duas</strong></span> <span class='ocrx_word' id='word_1_871' title='bbox 1579 2668 1632 2687; x_wconf 85' lang='lat' dir='ltr'><strong>non</strong></span> <span class='ocrx_word' id='word_1_872' title='bbox 1647 2669 1712 2687; x_wconf 80' lang='lat' dir='ltr'><strong>con-</strong></span> 
     </span>
    </p>
   </div>
   <div class='ocr_carea' id='block_1_116' title="bbox 936 2697 1713 2740">
    <p class='ocr_par' dir='ltr' id='par_1_116' title="bbox 936 2697 1713 2740">
     <span class='ocr_line' id='line_1_116' title="bbox 936 2697 1713 2740; baseline 0.012 -16"><span class='ocrx_word' id='word_1_873' title='bbox 936 2697 1054 2726; x_wconf 72' lang='lat' dir='ltr'><strong>fundens</strong></span> <span class='ocrx_word' id='word_1_874' title='bbox 1069 2705 1180 2728; x_wconf 87' lang='lat' dir='ltr'><strong>naturas</strong></span> <span class='ocrx_word' id='word_1_875' title='bbox 1192 2708 1339 2735; x_wconf 85' lang='lat' dir='ltr'><strong>creantetu,</strong></span> <span class='ocrx_word' id='word_1_876' title='bbox 1355 2708 1382 2730; x_wconf 82' lang='grc' dir='ltr'>οι</span> <span class='ocrx_word' id='word_1_877' title='bbox 1392 2710 1520 2736; x_wconf 82' lang='lat' dir='ltr'><strong>creatam,</strong></span> <span class='ocrx_word' id='word_1_878' title='bbox 1540 2713 1622 2732; x_wconf 86' lang='lat' dir='ltr'><strong>Uttullt</strong></span> <span class='ocrx_word' id='word_1_879' title='bbox 1641 2709 1713 2740; x_wconf 65' lang='lat' dir='ltr'><strong>qtttrl</strong></span> 
     </span>
    </p>
   </div>
   <div class='ocr_carea' id='block_1_117' title="bbox 937 2744 1713 2787">
    <p class='ocr_par' dir='ltr' id='par_1_117' title="bbox 937 2744 1713 2787">
     <span class='ocr_line' id='line_1_117' title="bbox 937 2744 1713 2787; baseline 0.013 -18"><span class='ocrx_word' id='word_1_880' title='bbox 937 2744 1049 2775; x_wconf 79' lang='lat' dir='ltr'><strong>exstitit.</strong></span> <span class='ocrx_word' id='word_1_881' title='bbox 1076 2747 1224 2774; x_wconf 83' lang='lat' dir='ltr'><strong>secundum</strong></span> <span class='ocrx_word' id='word_1_882' title='bbox 1246 2749 1410 2783; x_wconf 80' lang='lat' dir='ltr'><strong>hypostasim</strong></span> <span class='ocrx_word' id='word_1_883' title='bbox 1429 2751 1557 2778; x_wconf 81' lang='lat' dir='ltr'><strong>deiﬁcans</strong></span> <span class='ocrx_word' id='word_1_884' title='bbox 1580 2754 1650 2787; x_wconf 84' lang='lat' dir='ltr'><strong>quod</strong></span> <span class='ocrx_word' id='word_1_885' title='bbox 1669 2762 1713 2779; x_wconf 78' lang='lat' dir='ltr'><strong>as-</strong></span> 
     </span>
    </p>
   </div>
   <div class='ocr_carea' id='block_1_118' title="bbox 940 2791 1711 2827">
    <p class='ocr_par' dir='ltr' id='par_1_118' title="bbox 940 2791 1711 2827">
     <span class='ocr_line' id='line_1_118' title="bbox 940 2791 1711 2827; baseline 0.012 -12"><span class='ocrx_word' id='word_1_886' title='bbox 940 2791 1065 2825; x_wconf 86' lang='lat' dir='ltr'><strong>sumpsit,</strong></span> <span class='ocrx_word' id='word_1_887' title='bbox 1081 2799 1182 2827; x_wconf 79' lang='lat' dir='ltr'><strong>perque</strong></span> <span class='ocrx_word' id='word_1_888' title='bbox 1205 2794 1268 2821; x_wconf 91' lang='lat' dir='ltr'><strong>illud</strong></span> <span class='ocrx_word' id='word_1_889' title='bbox 1290 2795 1398 2822; x_wconf 86' lang='lat' dir='ltr'><strong>salvans</strong></span> <span class='ocrx_word' id='word_1_890' title='bbox 1422 2796 1574 2825; x_wconf 77' lang='lat' dir='ltr'><strong>universam</strong></span> <span class='ocrx_word' id='word_1_891' title='bbox 1595 2807 1711 2826; x_wconf 42' lang='lat' dir='ltr'><strong>massam</strong></span> 
     </span>
    </p>
   </div>
  </div>
