1929 3087
170 106 204 135 9‘9
749 98 946 130 MANUELIS
966 102 968 107 ‘

1025 97 1187 130 ,ΕΜιοΠῖ

1739 94 1791 125 109

1787 132 1799 139 κ

175 160 250 187 velut.
275 160 302 187 in
336 159 480 191 fermento.
504 158 525 186 Ο
555 158 768 193 magnitudinem
784 160 910 193 puritatis
927 162 954 188 in
971 156 992 186 Λ
1007 163 1068 186 nata
1096 164 1154 185 erat
1167 165 1215 184 vas
1233 157 1341 191 plenum
1357 154 1564 185 benedictionis,
1583 152 1616 179 de
1631 155 1684 187 qua
1699 153 1787 185 prima

176 206 221 233 Dei
244 207 339 236 Matre.
362 206 397 232 ob
417 213 497 239 quam
515 205 627 231 Creator
649 205 709 238 ejus
726 205 886 237 dedignatus
901 213 955 233 non

174 257 227 281 est.
248 252 274 278 in
290 254 395 282 ventre,
415 258 495 284 quem
526 250 694 281 condiderat,
718 249 828 276 formari
846 252 852 276 !
869 250 891 276 0
909 258 957 284 ge-

177 305 304 323 nerosum
321 304 429 322 sensum
451 296 477 321 in
495 296 581 329 puella
597 295 664 321 adeo
677 299 767 321 tenera
780 296 787 322 !
800 296 821 322 0
837 296 955 322 animum

177 343 204 369 iu
222 342 345 368 muliebri
361 348 475 375 corpore
491 341 686 367 immutabilem
705 342 710 367 !
728 340 796 372 Quid
813 342 885 367 enim
901 342 956 367 sin-

178 388 277 418 cerius,
292 387 395 419 purius,
409 387 566 420 generosius
580 386 668 412 anima
685 387 872 413 salutationem
888 387 958 413 hanc

179 434 310 459 arbitrata
343 440 396 458 non
423 432 632 463 fraudulentam,
665 432 711 458 sed
746 432 871 458 credente
900 432 956 457 ﬁcri

179 483 260 509 posse
288 475 420 501 maleriali
438 479 532 501 ventre
559 475 660 508 suscipi
681 479 766 501 totum
786 475 875 509 fulgur
891 475 959 501 divi-

181 521 285 550 nitatis.
304 521 453 553 eodemque
481 526 602 553 tempore
619 519 735 546 Verbum
752 521 811 546 sine
828 522 958 554 temporis

181 566 314 599 principio
326 566 351 592 in
362 566 423 592 sinu
438 565 525 592 Patris
541 565 673 599 principio
692 565 812 591 carentis
829 565 959 591 exsistere

181 616 262 645 atque
281 611 308 638 in
325 611 406 645 hujus
422 611 563 645 temporali
580 614 657 637 utero
668 610 785 644 gestari?
801 609 914 642 Horum,
930 615 959 638 ut

182 664 240 683 mea
258 657 307 683 fert
322 657 426 696 opinio,
443 663 524 683 causa
544 661 586 682 est
603 655 766 689 assignanda
783 655 828 681 Dei
846 655 960 681 (Ienitri-

182 702 221 728 cis
251 702 428 733 conscientia,
457 709 517 736 quae
546 705 650 727 tantum
679 701 800 727 animum
828 701 960 733 addebat;

184 748 241 774 fieri
254 749 325 774 enim
346 756 398 774 non
417 751 532 782 poterat,
549 755 579 773 ea
593 747 736 780 puritatem
752 755 803 774 non
824 752 961 779 servante,

183 798 207 820 et
232 794 420 820 aceredentem
441 801 494 819 non
514 793 652 827 praebente
668 793 881 823 animositatem.
905 802 961 820 ma-

1008 213 1106 238 parens
1129 205 1267 231 exciderat
1294 207 1321 229 et
1340 209 1420 236 quam
1439 202 1488 235 ipsi
1508 200 1615 227 Gabriel
1639 206 1653 225 a
1681 205 1791 224 summo

1009 249 1064 276 Deo
1095 249 1265 276 nuntiaverat
1288 255 1349 275 esse
1383 247 1496 273 omnino
1519 245 1626 279 qualem
1658 243 1790 269 diximus.

1009 296 1109 328 Quidni
1126 295 1198 321 enim
1224 302 1295 325 eam.
1312 302 1372 328 quze
1390 293 1431 319 sui
1450 296 1543 326 portus
1560 291 1678 317 novitate
1694 288 1791 315 salutis

1009 340 1049 366 sui
1078 340 1185 373 generis
1218 339 1341 365 ministra
1368 337 1428 369 fuit,
1448 344 1510 363 eum
1527 336 1605 369 plane
1629 334 1791 368 prmftnitum

1010 390 1083 412 esset
1111 390 1173 411 ante
1200 384 1362 418 produt-tum
1390 383 1461 409 hunc
1487 381 1629 411 mundum,
1645 385 1791 411 antequam

1012 437 1104 458 essent
1134 432 1248 465 angelici
1281 431 1401 460 ordines.
1437 430 1488 455 hoc
1514 433 1635 461 tempore
1666 422 1791 459 impleri?

1010 478 1192 504 Conwniebat
1210 478 1302 509 etiam,
1326 477 1454 505 arbitror.
1476 476 1580 502 Patrem
1607 479 1714 507 quoque
1732 471 1794 497 Filii

1011 528 1148 557 perpetum
1176 522 1295 556 Virginis
1322 521 1536 547 incarnationem
1568 519 1609 546 sui
1642 524 1673 544 ae
1699 515 1793 543 Matris

1013 567 1151 599 linigeniti
1180 575 1228 593 suo
1264 568 1457 599 comprobante
1492 563 1672 597 hcncplacito,
1705 563 1793 596 ipsum

1012 618 1142 646 pra-terea
1161 613 1206 646 qui
1237 613 1452 639 incarn-Itionem
1478 610 1562 637 obivit
1583 605 1700 636 Verbum
1719 607 1796 642 geni—

1012 658 1080 684 toris
1098 659 1173 692 puris
1189 658 1290 684 editum
1308 657 1341 683 de
1365 656 1527 685 visceribus,
1546 662 1650 681 necnon
1679 653 1797 679 sanctis-

1013 704 1112 730 sitnmn
1123 707 1149 729 et
1164 702 1342 736 perfectionis
1359 702 1514 736 largitorem
1532 700 1673 734 Spiritum,
1688 699 1795 724 lentam

1014 747 1322 779 videlici'tTrinitatem,
1345 747 1455 774 conscia
1472 747 1554 772 etiam
1571 745 1682 778 Virgine
1699 751 1796 769 asscu~

1015 801 1130 827 Suntque
1150 793 1287 828 pra’bcnte
1301 793 1460 826 mysterium
1472 791 1600 825 perficere
1613 788 1798 821 benignitatis.

182 847 263 872 gnum
296 839 347 865 hoc
376 846 456 872 opus.
486 842 511 864 et
539 846 700 871 generosum
722 839 755 864 ab
772 846 802 864 ea
821 839 959 872 praestari:
976 840 999 869 Β
1015 844 1041 866 ιιι
1059 841 1172 874 iustitiae
1197 839 1318 872 plenum,
1343 843 1372 864 ut
1392 843 1419 864 et
1443 838 1552 864 libertas
1578 835 1682 862 arbitrii
1710 834 1798 859 locum

181 892 266 917 quare.
281 888 308 911 et
323 885 402 911 verba
419 885 485 914 ipsa,
512 884 610 917 quibus
629 891 675 909 usa
692 888 733 910 est
754 885 894 917 perspicue
916 893 963 912 os-

183 930 310 960 tendunt.
335 930 420 963 ipsam
445 937 473 955 se
503 937 556 955 non
574 929 710 963 indignam
731 934 805 956 tanto
826 930 963 962 judicasse

185 977 328 1007 beneficio,
350 980 378 1002 ut
404 975 496 1005 ιιι-πυτ,
527 976 646 1009 inquatn.
668 975 727 1009 ejus
753 976 827 1002 ﬁeret
842 977 886 1009 qui
903 981 962 1002 stu-

187 1022 302 1055 pendum
321 1021 370 1046 hoc
396 1028 466 1054 opus
482 1020 616 1053 patrabat.
632 1019 700 1051 Non,
720 1027 775 1045 non
797 1020 832 1045 sit
850 1019 962 1049 Manum.

184 1073 237 1092 non
258 1065 371 1096 Danieli,
384 1072 539 1099 quanquam
552 1065 584 1090 de
598 1065 702 1091 visione
714 1072 808 1091 eorum
820 1065 884 1098 quid
900 1072 964 1091 sen-

185 1111 307 1137 tiendum
325 1110 428 1140 nescio.
446 1110 467 1137 si
490 1111 832 1146 accurateconsideretur,
849 1117 893 1137 aut
910 1119 964 1145 quo

186 1156 294 1183 tandem
308 1156 388 1182 modo
399 1155 431 1181 ad
448 1156 509 1182 illos
525 1156 671 1182 accesserit
685 1156 730 1189 qui
741 1157 875 1190 apparuit.
886 1155 966 1183 Certe

186 1210 239 1228 non
263 1202 409 1227 obscurum
427 1205 478 1231 cst,
496 1200 545 1234 ipsi
571 1206 650 1232 atque
664 1200 715 1226 illis
729 1208 781 1226 non
794 1207 869 1234 aeque
884 1207 967 1233 appa-

185 1247 273 1274 ruisse
293 1247 412 1272 habitum
432 1251 458 1272 et
478 1245 649 1278 splendorem
666 1245 828 1277 angelicum,
847 1245 924 1271 sicuti
943 1249 970 1271 et

186 1293 350 1326 colloquium
367 1299 429 1317 cum
441 1291 470 1317 Β.
484 1291 594 1322 Virgine
608 1297 660 1316 non
672 1289 793 1320 ejusdem
804 1294 861 1315 erat
881 1290 968 1316 bono-

187 1338 235 1367 ris,
252 1337 331 1369 cujus
348 1340 374 1362 et
388 1343 526 1373 sermones
541 1335 625 1360 habiti
646 1342 707 1360 cum
732 1335 797 1365 illis;
823 1333 967 1368 siquidem,

190 1383 213 1408 is
223 1382 299 1413 dixit,
316 1381 460 1412 Periimus,
475 1380 556 1406 Deum
566 1379 694 1410 vidimus,
713 1379 825 1406 alterum
839 1387 903 1406 vero
914 1380 971 1407 fere

190 1425 289 1453 defecit
316 1426 433 1455 animus.
454 1428 614 1459 penetrante
630 1425 758 1450 nimirum
783 1425 880 1451 timore
892 1425 968 1452 dere-

191 1470 270 1506 pente
293 1472 319 1498 in
336 1479 434 1497 sensus
456 1468 574 1502 intimos,
588 1475 614 1496 et
629 1470 680 1496 nisi
698 1471 732 1497 ab
746 1475 863 1504 utroque
879 1478 970 1497 reces-

191 1517 272 1543 sisset
288 1517 369 1543 citius
389 1517 476 1542 visum
495 1515 560 1541 illud
581 1516 735 1545 insolitum.
756 1515 873 1542 fortasse
888 1516 969 1541 vita'n
988 1517 1010 1547 C

194 1567 306 1596 uterque
329 1561 462 1588 citissime
478 1561 662 1587 terminasset.
691 1559 757 1586 Nam
786 1565 814 1586 et
826 1568 920 1587 omnes
943 1560 970 1587 in

194 1607 350 1634 universum
378 1610 514 1640 quotquot
536 1605 689 1632 visionibus
709 1605 810 1639 dignati
836 1610 908 1636 sunt,
927 1613 971 1632 ea-

195 1653 254 1678 dem
267 1653 337 1686 passi
355 1656 428 1682 sunt,
444 1659 503 1684 quae.
518 1655 544 1677 et
560 1651 621 1682 isti;
635 1656 661 1677 at
678 1650 757 1684 Virgo
769 1651 873 1677 turbata
886 1651 972 1684 primo

192 1699 218 1724 in
237 1705 374 1728 sermone,
390 1698 476 1730 inquit
492 1705 499 1722 :
515 1704 568 1722 non
589 1696 660 1722 enim
682 1700 710 1722 ιιι
727 1697 765 1721 illi
781 1696 816 1722 ob
831 1701 970 1729 aspectum

193 1743 292 1776 angeli,
315 1742 394 1775 idque
411 1747 437 1768 ut
453 1750 486 1768 ne
503 1738 650 1771 videretur.
669 1746 769 1775 quanta
786 1749 828 1767 res
845 1747 916 1768 esset
930 1750 972 1768 sa-

194 1789 299 1818 lutatio,
312 1788 454 1822 lgnorare;
471 1795 531 1813 mox
554 1794 613 1813 sese
627 1786 725 1813 obtulit
742 1786 835 1819 Opifici
852 1786 902 1813 fide
918 1786 967 1812 sin-

194 1834 334 1860 cerissima
359 1833 477 1867 plenam.
509 1837 537 1858 ut
554 1832 702 1858 materialis
725 1835 818 1857 venter
839 1832 977 1864 exciperet

195 1879 281 1912 ignem
299 1877 514 1904 iinmaterialem.
531 1876 665 1909 Quantum
682 1884 743 1903 vero
762 1876 812 1902 hoc
828 1882 880 1906 est,
901 1876 973 1910 quod

196 1930 250 1949 non
278 1922 347 1948 Deus
370 1928 429 1955 agat
454 1930 513 1955 qum
539 1929 619 1955 Supra
652 1926 774 1948 naturam
797 1926 822 1947 et
843 1922 972 1949 rationem

197 1973 270 1997 sunt.
292 1975 388 1999 magna
415 1974 458 1992 res
485 1971 537 1995 cst.
561 1974 622 1992 nam
643 1971 669 1992 et
685 1974 775 1992 rerum
799 1971 921 1993 naturam
949 1971 975 1992 et

198 2012 329 2038 rationem
346 2012 401 2045 ipse
416 2012 547 2038 condidit.
558 2012 592 2038 At
607 2011 744 2045 Virginem
764 2019 793 2037 se
808 2012 973 2038 conlidenth

198 2057 331 2083 obtulisse
351 2057 429 2083 talem
449 2057 600 2084 ministram
614 2062 639 2084 et
663 2057 752 2083 verbis
767 2057 901 2084 Gabrielis
925 2057 973 2083 ha-

168 2129 174 2133 _
198 2102 290 2128 buisse
300 2103 389 2132 fidem,
407 2110 448 2129 res
459 2107 500 2129 est
516 2102 593 2135 plane
603 2102 724 2128 omnium
738 2103 865 2128 maxima.
880 2102 971 2129 Osten-

197 2147 236 2172 dit
246 2147 325 2180 igitur
337 2154 365 2173 se.
375 2147 460 2180 ipsam
473 2146 524 2172 Deo
537 2147 718 2180 gratissimam
728 2146 818 2178 Virgo.
829 2147 890 2172 dum
904 2146 988 2180 quod-

199 2192 306 2225 utrique
326 2196 485 2218 naturarum
508 2199 585 2225 posse
598 2191 756 2224 contingere
783 2191 890 2218 dillieile
917 2199 972 2218 cre-
993 2195 1016 2224 1)

197 2237 254 2264 (litu
269 2241 319 2267 est,
360 2238 417 2271 ipsa
446 2237 478 2263 de
502 2244 532 2263 sc
554 2238 638 2263 credit
659 2243 691 2263 :tc
713 2237 745 2262 de
763 2235 827 2267 Deo,
844 2237 976 2263 creaturis

198 2285 385 2315 excelsiorem,
410 2291 471 2310 cum
505 2287 593 2308 tamen
618 2287 742 2308 creatura
771 2287 841 2308 esset
865 2287 890 2307 et
907 2283 975 2316 ipsa.

200 2330 291 2363 Itaque
317 2337 378 2356 cum
397 2329 481 2355 multa
495 2334 521 2354 et
538 2335 632 2361 magna
651 2327 716 2357 sint,
732 2335 791 2359 qua:
807 2327 850 2353 Dei
866 2326 976 2353 Matrem

200 2375 273 2401 illam
292 2374 424 2406 fecerunt,
438 2374 539 2400 nullum
557 2378 598 2399 est
619 2373 679 2398 huic
693 2373 821 2398 oblationi
835 2373 977 2406 praeferen-

201 2419 283 2446 dum:
302 2419 372 2453 quod
400 2420 462 2446 inde
486 2419 585 2452 liquet;
605 2425 667 2444 nam
689 2426 775 2451 neque.
799 2417 977 2450 arrltangelus

201 2465 333 2495 ascendit,
362 2472 411 2490 nec
438 2464 509 2490 Deus
536 2463 679 2490 descendit
702 2467 730 2489 ιιι
757 2462 894 2497 przeﬁxum
917 2465 978 2487 ante

202 2510 299 2536 smcula
332 2509 489 2542 mysterium
515 2508 547 2534 ad
579 2508 658 2534 finem
680 2515 727 2540 pro
755 2507 841 2533 salute
857 2506 977 2531 omnium

202 2556 373 2590 perduceret.
402 2554 452 2580 nisi
480 2559 622 2587 postquam
644 2552 802 2578 admiranda
831 2551 875 2576 illa
898 2550 977 2576 verba

202 2610 234 2628 ex
255 2602 313 2634 ejus
331 2608 377 2627 ore
397 2599 500 2633 prolata
518 2603 592 2628 sunt,
607 2604 631 2624 ct
647 2599 708 2632 jure
722 2597 830 2629 quidem
852 2596 953 2629 optimo
971 2603 976 2620 :

203 2646 342 2679 oportebat
365 2645 436 2670 enim
468 2644 640 2677 purissimam
671 2641 818 2676 Virginem,
844 2640 921 2673 cujus
954 2644 981 2666 et

204 2692 293 2717 anima
309 2695 334 2716 et
360 2697 459 2723 corpus
471 2689 545 2715 omni
566 2688 624 2715 labe
644 2689 784 2719 carebant,
804 2679 861 2720 qum
877 2693 928 2711 una
947 2684 980 2712 ab

205 2737 278 2762 omni
296 2736 445 2762 mteriiilate
467 2735 536 2760 inter
560 2734 682 2760 homine
704 2733 847 2759 sublimior
865 2731 979 2761 exstitit,

207 2783 288 2808 veteri
310 2782 462 2814 maledico,
479 2787 506 2807 ct
521 2781 639 2806 humano
653 2778 741 2814 generi
761 2785 860 2810 roa‘vo,
877 2782 905 2804 ut
921 2784 980 2811 qua:

1018 886 1141 916 haberet.
1156 891 1182 912 et
1198 885 1269 912 nulla
1287 892 1401 918 prorsus
1421 883 1599 910 intercederet
1616 881 1752 908 violentia.
1764 886 1798 905 ex

1017 939 1071 965 qtto
1092 939 1141 958 nec
1155 938 1269 965 serpens
1288 932 1416 964 antiquus
1433 934 1561 956 assuetus
1578 926 1724 954 calumniis
1738 932 1800 959 pos-

1017 982 1060 1005 set
1078 979 1127 1004 hoc
1141 977 1311 1007 insimulare.
1331 984 1362 1003 ac
1382 976 1462 1003 veluti
1478 979 1568 1001 notam
1588 973 1732 1007 quamdam
1747 972 1801 998 im-

1019 1025 1130 1059 pingere
1151 1023 1323 1059 benignitati.
1346 1027 1372 1050 et
1387 1022 1503 1056 justitia:
1525 1020 1581 1051 Dei,
1600 1019 1671 1054 quod
1690 1022 1800 1052 operata

1019 1075 1091 1096 esset
1107 1070 1264 1104 mysterium
1283 1069 1350 1096 citra
1369 1073 1533 1094 consensum
1551 1063 1727 1091 immaculatm
1740 1062 1803 1088 Vir-

1020 1117 1108 1151 ginis;
1131 1117 1260 1143 clamaret
1277 1115 1360 1146 enim,
1374 1113 1521 1141 convenire
1536 1113 1589 1138 Deo
1603 1109 1703 1137 nemini
1718 1109 1802 1135 bene.-

1021 1162 1110 1189 facere
1140 1162 1252 1191 nolemi.
1277 1168 1326 1187 nec
1351 1160 1420 1186 dona
1440 1166 1487 1192 per
1513 1158 1565 1183 vim
1578 1155 1702 1183 conferre
1718 1162 1724 1185 ;
1742 1161 1804 1180 esse

1020 1209 1092 1234 enim
1109 1215 1222 1241 prorsus
1244 1207 1299 1233 haec
1329 1206 1365 1232 illi
1392 1204 1501 1231 inimica
1530 1206 1556 1230 et
1580 1202 1686 1227 odiosa.
1703 1199 1803 1226 Verttm

1021 1254 1121 1280 dixerit
1137 1253 1206 1279 forte
1223 1252 1357 1286 quispiam
1375 1251 1415 1277 vir
1438 1250 1523 1277 scitus
1539 1248 1651 1275 alterius
1672 1246 1729 1272 haec
1743 1253 1805 1271 esse

1024 1300 1186 1327 festivitatis.
1222 1297 1430 1332 Respondemus
1456 1305 1462 1322 :
1488 1294 1607 1322 Alterius
1637 1293 1766 1327 quidem.
1790 1299 1806 1316 o

1023 1347 1120 1377 amice,
1138 1353 1190 1372 non
1202 1350 1291 1372 tamen
1305 1345 1408 1374 alienae,
1428 1341 1476 1369 sed
1486 1341 1612 1368 maxima:
1630 1339 1692 1365 huic
1706 1338 1806 1368 aliinis.

1023 1400 1085 1421 nam
1098 1399 1227 1419 connexa:
1245 1394 1310 1418 sunt
1326 1390 1396 1416 inter
1411 1396 1441 1415 se
1460 1387 1588 1418 invicem,
1601 1385 1723 1412 etaltera
1738 1391 1806 1419 pen-

1023 1439 1069 1466 (let
1083 1439 1208 1466 abaltera
1221 1437 1360 1472 cujusdam
1378 1435 1463 1462 instar
1481 1439 1581 1460 eatena:
1595 1439 1687 1459 revera
1701 1439 1805 1457 aurea}:

1024 1486 1190 1520 quippequae
1202 1484 1303 1518 pariter
1315 1482 1489 1509 celebrantur
1498 1481 1530 1507 ad
1542 1479 1655 1514 gloriam
1669 1477 1804 1510 gloriosar.

1025 1530 1085 1558 Non
1113 1537 1178 1564 ergo
1205 1534 1233 1555 ut
1251 1528 1375 1555 indomiti
1398 1527 1459 1561 equi
1484 1526 1596 1555 faciunt.
1624 1524 1748 1558 diragata
1766 1527 1809 1548 est

1025 1576 1123 1607 oratio,
1145 1582 1199 1609 quo
1217 1582 1269 1600 non
1295 1572 1421 1603 debebat.
1438 1571 1485 1598 sed
1503 1570 1566 1596 illuc
1583 1569 1678 1598 tendit,
1696 1574 1750 1601 quo
1768 1566 1808 1592 di-

1026 1622 1124 1657 rigitur
1139 1625 1148 1647 ξ
1166 1627 1226 1646 nam
1260 1619 1310 1646 etsi
1332 1619 1391 1645 visa
1406 1621 1447 1644 est
1463 1615 1578 1650 digredi.
1597 1619 1687 1640 tamen
1709 1613 1735 1639 in
1756 1613 1808 1638 illis

1027 1672 1096 1698 erat.
1111 1675 1157 1702 per
1176 1673 1236 1700 qua
1250 1665 1427 1695 inferebatur,
1443 1663 1514 1696 quod
1531 1661 1702 1689 volebamus.
1717 1662 1745 1686 et
1757 1659 1809 1684 hoe.

1028 1714 1065 1740 ita
1080 1721 1140 1739 esse
1156 1711 1311 1739 ostendam.
1329 1710 1398 1742 Quid
1413 1708 1496 1742 igitur
1510 1715 1542 1734 ex
1560 1706 1603 1733 bis
1618 1702 1810 1732 concluditur?

1031 1759 1120 1788 illum.
1137 1765 1216 1794 quem
1245 1757 1324 1783 beata
1341 1755 1425 1788 Virgo
1443 1754 1502 1781 sine
1526 1753 1585 1780 viro
1611 1750 1725 1785 peperit.
1746 1758 1810 1777 con-

1026 1806 1151 1839 junctum
1171 1804 1208 1830 illi
1237 1809 1343 1836 semper
1362 1801 1446 1828 fuisse
1468 1799 1572 1825 intime.
1591 1797 1624 1824 Et
1645 1796 1710 1831 quid
1728 1795 1811 1822 inde?

1029 1851 1108 1884 Quod
1126 1850 1293 1884 ipsissimum
1320 1847 1460 1881 gaudium,
1473 1844 1584 1873 Filium.
1601 1843 1724 1876 inquam,
1742 1848 1811 1866 sem.
1837 1855 1840 1858 -

1031 1905 1078 1933 per
1095 1896 1292 1923 inbabitantem
1314 1893 1340 1919 in
1366 1899 1395 1918 se
1422 1891 1526 1917 habens
1542 1895 1621 1916 suum
1639 1894 1700 1913 cum
1713 1885 1812 1919 gaudio

1031 1931 1156 1977 spiritum
1173 1940 1300 1966 manibus
1318 1937 1378 1971 ejus
1394 1934 1603 1964 commendavit.
1622 1932 1688 1958 Etsi
1702 1931 1759 1957 hate
1777 1931 1811 1956 ita

1031 1996 1060 2016 se
1077 1989 1188 2015 habent.
1205 1986 1230 2012 id
1247 1985 1319 2020 quod
1338 1991 1433 2010 omnes
1453 1987 1518 2015 puto
1531 1980 1723 2007 aﬂirmaturos.
1741 1977 1812 2010 digni

1033 2041 1133 2061 smnus
1160 2032 1249 2060 venia.
1282 2030 1353 2065 qttod
1371 2029 1459 2056 simile
1475 2027 1538 2062 quid
1559 2025 1638 2052 nobis
1658 2023 1812 2058 contigerit,

1033 2084 1114 2113 atque.
1128 2078 1178 2109 illi,
1195 2078 1240 2112 qui
1258 2077 1327 2103 forte
1343 2076 1369 2102 in
1387 2078 1491 2108 pratum
1505 2071 1626 2106 cujusvis
1647 2070 1753 2105 generis
1769 2067 1814 2094 llo-

1032 2126 1108 2152 ribtts
1130 2127 1256 2151 ornatum
1278 2121 1426 2156 profectus,
1443 2119 1508 2144 dum
1525 2119 1604 2144 vellet
1622 2124 1705 2143 unum
1719 2116 1813 2149 legere.

1033 2172 1067 2198 ab
1079 2172 1131 2197 alio
1144 2171 1250 2197 illectus
1268 2168 1342 2194 illum
1364 2165 1509 2202 decerpsit,
1532 2163 1619 2188 vietus
1636 2162 1765 2187 nimirum
1782 2161 1815 2184 ab

1033 2219 1093 2252 ejus
1117 2214 1320 2250 pulchritudine
1332 2216 1358 2236 et
1376 2209 1536 2251 fragrantia.
1554 2207 1616 2233 Scio
1636 2210 1748 2231 da'uros
1765 2213 1794 2229 ve,

1034 2265 1107 2291 niam
1123 2269 1215 2295 :equos
1233 2259 1382 2288 auditores,
1402 2256 1423 2282 si
1443 2262 1537 2289 parum
1573 2252 1688 2287 digressi
1720 2258 1814 2277 sumus

1035 2308 1173 2337 amatoria
1191 2302 1332 2340 praesentis
1363 2301 1542 2329 celebritatis.
1563 2303 1590 2326 et
1619 2299 1652 2324 iis
1681 2297 1814 2327 dicendis,

1036 2361 1095 2390 quae
1122 2353 1154 2379 ad
1190 2357 1271 2376 unam
1292 2348 1379 2382 ipsam
1413 2347 1559 2380 pertinent.
1587 2343 1680 2377 Itaque
1700 2347 1815 2369 reverta-

1036 2389 1097 2427 mur
1112 2399 1143 2424 ad
1166 2401 1270 2423 nostra.
1285 2399 1311 2420 et
1329 2400 1391 2419 cum
1404 2393 1460 2426 jam
1483 2389 1687 2426 probaverimus
1703 2395 1814 2414 censen-

1037 2451 1146 2473 taneum
1162 2446 1189 2469 et
1204 2440 1369 2469 conveniens
1390 2439 1486 2468 fuisse,
1499 2443 1614 2463 mortem
1636 2435 1738 2468 Virgini
1757 2434 1815 2460 nul-

1037 2493 1091 2519 lum
1120 2489 1245 2516 attulisse
1262 2487 1395 2517 dolorem,
1417 2485 1468 2511 hoc
1488 2485 1559 2510 idem
1573 2483 1666 2512 etiamI
1682 2481 1704 2508 si
1721 2481 1815 2515 placet.

1037 2536 1222 2564 necessarium
1240 2533 1430 2560 ostendamus.

1073 2580 1140 2608 Cum
1158 2579 1229 2606 enim
1246 2584 1339 2603 verum
1361 2575 1487 2609 gaudium
1504 2572 1549 2599 Dei
1569 2571 1646 2597 Matri
1667 2574 1740 2597 esset
1751 2577 1816 2596 con.

1038 2628 1172 2662 junrtum.
1193 2631 1246 2659 quo
1263 2622 1442 2656 malo-posset
1465 2619 1537 2644 illam
1557 2617 1661 2644 allicere
1679 2616 1756 2642 dolor
1771 2622 1815 2640 ro-

1040 2660 1128 2699 catam
1144 2677 1157 2696 a
1168 2669 1236 2696 Filio
1245 2667 1277 2695 ad
1294 2668 1375 2693 vitam
1388 2664 1569 2692 immortalem
1588 2663 1635 2689 illo
1649 2660 1816 2694 migrationis

1042 2717 1141 2745 modo?
1153 2723 1213 2742 nam
1223 2720 1249 2746 et
1259 2715 1314 2748 ipsa
1332 2719 1423 2739 revera
1433 2710 1601 2745 ipsissimum
1610 2711 1668 2734 erat
1680 2705 1815 2740 gaudium;

1043 2771 1096 2790 non
1120 2762 1200 2788 modo
1230 2760 1291 2794 quia
1312 2767 1326 2785 e
1343 2757 1449 2784 cunctis
1473 2755 1632 2782 mulieribus
1651 2752 1707 2777 sola
1730 2751 1817 2784 etlngit

1043 2793 1244 2836 damnationem
1267 2804 1301 2830 ob
1327 2807 1466 2836 peccatum
1487 2803 1511 2826 et
1537 2801 1641 2832 partum
1669 2796 1696 2821 in
1723 2793 1818 2820 dolori-
