1929 3087
118 98 174 132 1(ῗὶ
546 101 687 132 ORATIO
707 99 748 131 ΙΝ
771 99 1044 133 DORMlTiONEM
1067 99 1116 128 SS.
1140 99 1326 136 DEIl‘xl’tE.
1709 99 1757 132 103

109 156 186 189 tius,
201 156 249 184 sed
267 156 330 190 quia
347 156 431 183 Mater
446 155 526 182 etiam
542 155 645 182 exstitit
658 153 788 188 ipsissimi
804 153 903 187 gaudii.
926 149 947 178 Α
971 155 1016 179 ιιιι·
1029 151 1046 178 ἳ·
1056 151 1132 184 Quod
1156 151 1178 177 si
1207 151 1246 176 ιιι-1
1277 151 1378 184 optimo
1406 154 1620 185 temperamento
1651 157 1756 178 naturae

111 202 205 228 Dolor
222 210 286 236 ergo
313 202 403 229 otnnis
419 201 518 228 abfuit.
537 199 613 233 Quod
634 201 656 228 si
674 200 787 227 omnino
807 200 906 234 placet,

109 253 183 275 esto
218 248 297 274 dolor
320 247 478 278 accesserit,
507 247 552 273 sed
571 246 662 273 statim
678 246 758 272 etiam
783 244 907 276 recessit,

109 295 177 326 vix,
194 299 222 321 ut
235 294 271 320 ita
288 294 389 323 dicam.
403 301 458 321 suae
469 293 619 327 praesentia:
633 299 744 318 sensum
767 291 899 324 pra‘bcns.

109 339 257 371 Quoniam
268 339 433 373 crgodolore
451 345 537 365 vacua
547 342 605 364 crat
617 337 711 370 Virgo,
733 335 915 370 perspicumn'

109 390 175 416 est,
191 386 404 416 sincerissimam
420 385 539 412 adfuisse
552 385 683 411 lar-titiam.
703 383 798 410 Certus
817 388 905 409 autent

110 439 299 464 sum,otnnes
311 431 376 458 mihi
389 431 515 458 assentiri
525 430 690 461 rationibus,
701 430 800 464 quibus
813 435 907 455 verum

111 477 386 508 demonstravimus,
405 485 562 510 persnasos,
585 477 652 503 nihil
672 476 825 510 purissima:
852 474 910 500 Vir-

110 523 178 556 gini
196 523 345 557 optabilius
362 523 458 553 fuisse.
476 530 555 556 quam
572 530 604 549 ex
618 522 668 548 hac
686 522 740 548 vita
755 521 885 548 decedere
900 529 908 552 ;

111 567 193 594 adeo
203 572 280 601 grata
297 571 355 593 erat
373 567 410 593 illi
426 574 509 597 mors,
524 574 576 599 qua
595 573 644 592 uos
657 565 797 592 tristamur
810 569 832 590 et
848 564 910 597 jure

111 615 236 649 quidem
251 615 366 648 optimo.
383 613 450 640 Nam
477 614 540 648 quia
554 614 627 640 nulla
645 618 703 639 erat
720 613 771 638 alia
799 612 840 637 via
857 618 909 644 qua

113 663 220 694 posset
240 659 316 686 abire
327 660 357 686 ad
374 659 483 691 Filium,
497 659 550 686 nisi
571 659 634 685 hinc
651 657 836 691 demigrandu,
848 663 909 682 cum

113 704 189 752 ξι-ιιι
218 705 446 732 consuetudinem
479 708 633 738 exoptarct,
657 707 788 737 quantum
822 701 911 728 verbis

113 748 280 785 Exprimere
302 758 383 777 nemo
399 756 491 783 queat,
513 749 672 777 necessario
701 748 765 775 illud
804 755 911 782 quoque

113 797 344 831 exoptabat,per
357 797 428 830 quod
445 797 554 830 assequi
572 800 687 830 poterat,
704 795 774 828 quod
792 798 820 819 ut
836 801 912 820 stun-

116 849 191 868 mus
209 842 269 869 linis
286 842 486 877 optatissimum
500 846 558 868 erat
573 850 580 873 ;
599 841 651 867 hoc
664 846 752 867 autem
768 847 847 866 nemo
860 838 909 864 mi-
927 837 950 866 B

113 892 223 919 retur;
241 895 294 914 non
311 888 385 914 enim
402 887 480 921 quasi
497 887 578 913 ﬂnom
594 886 705 920 optabat
724 885 828 918 scjungi
850 885 912 910 ani-

115 940 200 958 mam
212 940 226 958 a
239 940 363 967 corpore.
373 933 495 965 Quorum
508 932 579 959 ‘thoc
590 932 660 958 enim
676 931 771 957 luisset
784 931 912 957 aberrare

114 985 131 1004 a
149 978 270 1004 veritate
288 986 294 1003 :
314 977 360 1004 illa
377 985 440 1004 vero
460 977 494 1004 ab
509 977 582 1003 omni
599 980 710 1010 peccato
728 981 835 1008 semper
862 973 913 1000 fuit

115 1023 263 1050 immunis
280 1034 286 1050 :
303 1023 350 1050 sed
374 1022 510 1056 cupiebat,
534 1021 657 1052 ardebat,
678 1020 824 1053 exoptabat
839 1027 913 1045 mor-

113 1073 194 1099 tem,
210 1068 289 1102 quasi
305 1068 459 1095 vehiculum
476 1067 622 1101 quoddam,
640 1070 687 1092 aut
700 1066 846 1099 navigium,
858 1071 914 1098 quo

112 1114 269 1140 transvehi
289 1118 381 1147 posset
397 1113 429 1140 ad
452 1112 607 1138 immortale
633 1119 758 1145 regnum.
773 1115 800 1137 et
819 1111 913 1141 vitam,

115 1158 229 1185 Filium
249 1166 280 1184 ac
291 1157 386 1187 Deum.
403 1158 434 1183 ad
446 1165 526 1192 quem
537 1157 627 1183 omnia
641 1156 776 1183 desideria
790 1155 914 1185 tendunt.

119 1204 201 1230 ultra
214 1210 294 1237 quem
310 1210 365 1229 non
383 1203 445 1229 licet
461 1201 586 1236 progredi
602 1205 648 1227 aut
662 1201 812 1235 quidquam
825 1200 914 1227 velle:

120 1256 186 1275 non
201 1249 273 1275 enim
289 1252 379 1282 potest
394 1255 453 1275 esse
467 1248 580 1274 satietas
596 1246 654 1279 Dei,
670 1251 697 1273 et
711 1247 844 1273 bonorum
856 1245 916 1272 illo-

119 1302 203 1325 rum,
220 1298 246 1320 ιιι
257 1295 285 1321 in
303 1294 355 1321 hac
368 1294 421 1320 vita
437 1293 572 1326 contingit
585 1291 755 1324 necessario,
769 1291 795 1317 in
809 1297 861 1324 qua
872 1297 916 1318 res

120 1339 217 1366 fluxas
233 1347 366 1370 amamus,
383 1343 408 1365 et
425 1346 478 1365 non
496 1337 578 1365 ﬂuxis
592 1337 815 1372 praeferimusﬂlt
830 1336 915 1369 enim,

122 1391 157 1412 ut
182 1394 245 1412 cum
264 1385 345 1413 rebus
360 1384 509 1412 ﬂuentibus
523 1384 687 1411 desiderium
702 1389 812 1417 quoque
829 1380 915 1408 animi

121 1431 248 1462 vacillet,
262 1439 324 1458 cum
339 1431 488 1465 praesertim
515 1429 580 1456 illud
598 1429 652 1456 cito
666 1429 791 1463 capiatur
806 1428 916 1454 satieta-

123 1481 164 1504 te.
191 1475 270 1503 Nulla
295 1476 379 1510 igitur
404 1483 448 1502 res
474 1478 581 1509 poterat
605 1475 689 1500 solari
714 1473 773 1507 ejus
796 1473 915 1500 animam

123 1530 239 1549 summo
248 1522 385 1549 desiderio
396 1525 566 1551 astuantem,
577 1519 630 1546 nisi
644 1527 676 1546 ex
690 1519 741 1545 hac
752 1518 806 1544 vita
820 1518 916 1544 dect-s-

123 1569 181 1595 sio.
207 1568 277 1600 Quid
296 1568 319 1594 si
341 1567 370 1593 Β.
389 1567 489 1593 Paulus
512 1565 642 1599 cupiebat
668 1564 795 1595 dissolvi,
813 1567 917 1590 etesse

123 1622 190 1641 cum
207 1613 345 1641 Christo?
365 1612 409 1639 cui
431 1612 512 1638 etiam
531 1610 614 1636 David
635 1617 666 1636 ac
689 1609 799 1636 Simeon
822 1615 917 1642 preces

125 1658 270 1687 fundendo
293 1656 472 1692 congruentia
497 1655 580 1682 locuti
599 1654 727 1681 videntur
751 1662 762 1680 :
789 1653 834 1679 ille
853 1652 917 1678 dum

124 1707 165 1733 ait
188 1715 195 1732 :
213 1705 288 1731 Educ
308 1704 340 1730 de
355 1703 475 1730 custodia
497 1702 614 1728 animam
629 1708 733 1733 meam;
750 1703 787 1730 et,
808 1697 918 1730 Quando

125 1751 230 1777 ueniam
242 1754 267 1776 et
281 1749 411 1783 apparebo
421 1752 482 1774 ante
498 1746 590 1778 faciem
603 1745 649 1772 Dei
660 1744 768 1778 ?('Psal.
783 1750 854 1773 mu.
870 1742 897 1776 8)
910 1750 917 1774 ;

126 1796 175 1822 hic
199 1799 290 1822 autem
305 1801 366 1821 cum
384 1793 454 1820 dixit
471 1800 478 1818 :
499 1791 578 1818 Nunc
595 1790 710 1817 dimittis
725 1796 827 1816 servum
845 1792 919 1814 tuum

128 1840 208 1874 (Luc.
227 1847 256 1872 ιι,
269 1838 314 1874 29)
330 1847 337 1871 ;
360 1838 459 1872 quibus
479 1837 575 1870 utique
590 1835 706 1862 vocibus
730 1834 770 1860 usi
792 1833 918 1863 fuissent,

128 1886 262 1916 arbitror,
285 1886 307 1912 si
336 1891 406 1918 opus
433 1882 540 1914 fuisset,
556 1881 593 1908 i'lli
611 1881 693 1908 etiam
708 1880 753 1914 qui
770 1886 850 1906 suum
871 1884 921 1912 pro

126 1934 241 1961 Christo
256 1932 412 1960 eﬂ‘uderunt
423 1930 594 1965 sanguinem,
606 1933 632 1955 et
647 1928 755 1955 dolores
767 1925 920 1953 intoleran-

128 1980 183 2007 dos
206 1980 363 2006 sustinuere
380 1986 388 2004 :
404 1981 431 2004 et
452 1976 489 2003 illi
515 1975 629 2010 pariter.
652 1973 697 2008 qni
723 1973 750 1999 in
768 1971 921 2007 spiritualia

132 2025 285 2053 certamina
314 2023 526 2053 descenderunt,
553 2020 742 2047 confessorum
767 2022 865 2045 cretus.
895 2021 923 2044 et

132 2071 248 2097 omnino
260 2070 360 2103 quibus
372 2068 411 2094 uti
426 2074 528 2101 scopus
544 2065 714 2100 propositmn
730 2067 783 2093 est,
798 2062 870 2097 quod
881 2065 923 2089 est

133 2115 280 2149 optimum,
293 2117 321 2140 et
339 2113 426 2139 solum
445 2111 509 2138 illud
526 2113 662 2145 spectant.
680 2108 708 2135 Si
722 2108 803 2142 igitur
819 2107 922 2134 baecita

133 2169 162 2188 se
179 2161 289 2191 habent,
314 2159 463 2190 auditores,
492 2166 546 2193 qua
566 2157 673 2184 ratione
702 2155 748 2182 Dei
780 2155 865 2182 Mater
881 2154 923 2181 di-

132 2208 220 2234 conda
237 2214 289 2232 non
304 2206 340 2231 sit
352 2206 432 2239 longe
447 2204 566 2231 maximo
581 2202 677 2229 aﬂ'ectn
694 2202 720 2228 iu
733 2202 783 2228 hoc
796 2200 923 2227 laudabili
937 2196 962 2225 D

130 2253 268 2279 desiderio
277 2244 419 2285 plusquam
430 2250 474 2276 alii
484 2249 568 2276 fuisse
579 2249 591 2275 ?
602 2248 681 2275 Certe
693 2247 718 2273 in
727 2246 867 2273 illisetiam
877 2252 923 2272 ve-

133 2297 357 2324 hementissimus
373 2295 423 2322 fuit
440 2295 492 2321 iste
507 2294 635 2325 affectus;
650 2301 699 2319 nec
712 2291 783 2318 aliud
797 2290 924 2324 optabant

132 2351 226 2377 quam,
236 2344 259 2369 si
275 2342 341 2377 quid
355 2342 523 2376 praecipuum
542 2343 612 2370 erat,
628 2338 841 2370 conferebatquc
854 2344 920 2363 sua-

135 2394 182 2423 pte
201 2393 300 2415 natura
316 2388 350 2414 ad
365 2387 427 2418 hoc,
446 2390 477 2413 ut
494 2389 588 2413 essent
604 2392 665 2411 cum
685 2383 807 2411 Christo.
822 2383 922 2409 Verum

135 2435 190 2460 illis
205 2433 287 2467 Virgo
298 2436 376 2460 tanto
387 2431 569 2460 excellentius
587 2430 701 2464 optavit,
717 2433 850 2461 quantum
865 2427 922 2453 dis-

132 2480 256 2507 criminis
284 2483 326 2507 est
360 2479 432 2506 inter
462 2477 550 2512 ipsam
573 2480 600 2502 et
633 2475 716 2502 illos:
742 2481 798 2500 tum
817 2474 922 2499 ratione

133 2526 287 2552 sanctitatis
312 2529 339 2552 et
373 2524 506 2550 virtutum
542 2521 648 2549 ofﬁciis.
678 2524 921 2554 quantamcunque

132 2572 194 2605 quis
218 2571 309 2598 animo
331 2569 479 2605 praelixcrit
498 2568 581 2601 hujus
603 2567 641 2594 rei
670 2573 837 2596 mensuram,
863 2568 919 2590 tum

134 2618 238 2643 ratione
254 2615 460 2650 conjunctionis
475 2621 536 2640 cum
553 2612 618 2642 Deo,
628 2619 688 2638 cum
711 2612 732 2637 is
750 2616 825 2638 satus
838 2610 921 2643 ipsius

133 2662 268 2689 exstiterit
288 2670 295 2692 ;
319 2668 371 2694 qua
388 2659 497 2694 quidem
522 2658 549 2684 in
568 2665 596 2684 re
611 2656 712 2683 nullam
737 2660 779 2682 est
801 2655 922 2682 invenire

135 2715 301 2734 mensuram.
325 2707 393 2734 Cum
422 2706 507 2740 igitur
530 2709 606 2730 tanto
629 2702 767 2729 desiderio
794 2701 921 2735 ﬂagraret

135 2752 331 2786 migrationise
346 2755 418 2778 terra
435 2752 461 2777 in
483 2749 594 2781 coelum,
612 2748 657 2774 ubi
677 2753 784 2781 tempus
801 2747 920 2777 advenit,

135 2797 206 2830 quod
220 2799 331 2832 optabat
352 2802 494 2832 perpetuo,
509 2794 604 2827 quidni
621 2793 753 2827 gauderet
775 2796 802 2820 ct
819 2793 920 2820 laetare-

971 197 1091 231 prmditis
1112 198 1176 223 dum
1210 201 1295 221 morte
1321 196 1476 226 solvuntur,
1495 197 1604 229 aliquod
1623 198 1755 223 mnlestim

973 244 1117 276 vestigium
1133 242 1295 268 brevissimo
1316 246 1437 274 tempore
1454 241 1557 271 subest.
1581 250 1632 268 nou
1645 247 1684 268 est
1707 243 1758 268 mi-

975 289 1086 315 randum
1100 297 1106 314 :
1118 288 1197 314 homo
1215 287 1287 314 enim
1307 286 1387 321 Virgo
1399 292 1468 317 erat,
1485 292 1509 313 et
1525 288 1666 320 oportebat
1685 288 1756 313 illam

977 339 1078 360 natura!
1098 338 1295 367 congruentem
1320 341 1380 360 esse
1397 353 1403 363 .
1430 340 1482 359 non
1509 333 1692 358 adversariam
1720 332 1757 358 illi

975 380 1070 409 videri.
1086 379 1158 413 quod
1176 379 1272 406 fuisset
1287 383 1313 405 ct
1328 387 1418 405 serum
1435 386 1564 412 pugnare.
1584 377 1692 404 Naturae
1709 378 1760 411 igi-

976 430 1019 451 tur
1042 426 1164 452 debitum
1188 425 1278 451 divina
1305 424 1386 457 Virgo
1407 425 1516 458 penitus
1542 433 1594 449 non
1625 428 1759 452 aversata,

975 478 1036 496 cum
1052 471 1072 496 si
1089 471 1167 497 aliter
1183 470 1282 496 factum
1299 476 1381 502 esset,
1401 478 1444 497 res
1462 470 1629 496 absurditate
1646 478 1698 495 non
1714 477 1760 494 ca-

976 520 1056 544 rcrcl.
1078 521 1170 542 secuta
1193 516 1271 549 plane
1289 521 1329 542 est,
1346 524 1435 542 rerum
1454 520 1577 541 naturam
1593 520 1618 541 et
1635 515 1760 548 aliquan-

976 562 1073 591 tulum,
1106 562 1143 588 ιιιί
1166 562 1221 595 jam
1255 562 1384 591 diximus.
1411 561 1565 588 molestiam
1591 561 1672 594 cepit.
1704 560 1759 588 Nec

977 613 1066 634 tamen
1085 615 1116 634 cx
1137 608 1187 634 hoc
1202 607 1294 634 videor
1315 607 1384 634 meis
1399 607 1465 640 ipsis
1482 607 1654 633 sermonibus
1665 606 1761 632 adver-

977 654 1041 681 sari.
1057 654 1134 686 quasi
1153 654 1290 679 contraria
1313 653 1521 685 aﬂirmantibus,
1538 661 1592 679 non
1609 653 1681 679 enim
1698 661 1761 686 pos-

976 704 1039 724 sunt
1066 699 1133 725 rrllc
1162 699 1351 732 impossibilia.
1377 699 1429 725 Srd
1457 698 1597 725 exordium
1623 698 1760 725 sermonis

975 744 1038 775 mei,
1053 749 1078 770 ct
1090 745 1212 778 qua-dam
1226 745 1315 771 addita
1333 745 1503 778 postmodum
1518 745 1631 771 exordio
1645 752 1760 776 corona,

977 790 1112 817 luculenta
1132 791 1196 817 mihi
1221 791 1342 818 drfi-nsio
1358 795 1432 817 sunt.
1459 790 1562 817 Etenim
1583 790 1689 824 probari
1706 797 1760 816 non

976 840 1094 869 poterat.
1113 837 1314 863 immaculatam
1333 837 1471 870 Virginem
1500 836 1574 863 omni
1597 836 1690 862 dolore
1715 844 1761 863 ca-

974 882 1074 913 ruisse,
1087 882 1132 909 scd
1155 891 1202 916 pro
1220 888 1322 909 natnrzr
1341 883 1446 916 legibus
1468 886 1606 908 momento
1632 881 1762 915 temporis

976 928 1130 955 communis
1145 928 1225 961 hujus
1237 929 1333 954 mortis
1348 928 1501 962 percepisse
1519 927 1653 958 dolorem,
1665 934 1760 953 verum

980 979 1052 1007 tanta
1069 974 1220 1001 alﬂucntrm
1236 975 1326 1000 lmtitia
1339 980 1366 1000 ut
1380 982 1492 1008 prorsus
1503 975 1535 1000 al)
1548 981 1578 1001 ea
1593 981 1692 1000 mceror
1704 980 1763 1000 om-

977 1019 1021 1046 nis
1048 1019 1184 1054 cﬂugerit,
1207 1021 1291 1047 cessit
1312 1021 1383 1046 ciiim
1407 1027 1436 1047 se
1456 1020 1572 1047 fortiori.
1599 1020 1638 1046 lta
1661 1025 1684 1045 ιιι
1701 1019 1762 1050 ejus

978 1063 1076 1096 Filius,
1102 1069 1242 1099 assumpta
1267 1071 1368 1091 nostra:
1393 1066 1484 1092 carnis
1505 1073 1605 1096 massa,
1630 1066 1715 1092 noluit
1730 1067 1763 1091 iis

977 1117 1081 1140 carere,
1110 1118 1169 1143 qua:
1182 1111 1273 1137 carnis
1285 1115 1348 1137 sunt
1371 1111 1490 1145 propria,
1500 1111 1558 1137 sine
1569 1111 1669 1144 quibus
1682 1112 1763 1138 bono

979 1154 1004 1180 in
1018 1155 1074 1181 atris
1090 1154 1261 1182 naturalibus
1283 1163 1344 1182 esse
1359 1156 1477 1189 perfecte
1496 1164 1549 1182 non
1566 1161 1656 1190 potest
1678 1166 1684 1183 :
1711 1157 1761 1182 tri-

978 1203 1065 1226 status
1082 1204 1133 1230 cst.
1150 1200 1244 1227 dolore
1268 1201 1393 1231 aﬂcctus,
1413 1209 1465 1227 non
1489 1201 1576 1227 solum
1591 1202 1617 1228 in
1636 1210 1717 1228 cruce
1737 1206 1763 1228 ct

978 1244 1117 1277 Passioue,
1127 1246 1173 1272 scd
1180 1246 1261 1272 etiam
1270 1246 1378 1280 quando
1387 1245 1505 1273 Lazarus
1515 1251 1638 1272 mortuus
1646 1252 1697 1279 cst,
1706 1248 1764 1281 lnge

977 1295 1079 1317 nostra:
1094 1296 1198 1318 natura:
1211 1292 1344 1327 lacrymas
1360 1293 1449 1318 emisit
1460 1300 1491 1319 ex
1504 1293 1591 1319 oculis
1605 1300 1649 1319 :ex
1668 1293 1764 1320 itinere

978 1336 1141 1374 defatigatus
1157 1342 1209 1369 est,
1225 1338 1341 1372 ciboque
1353 1338 1479 1372 indiguit,
1493 1343 1519 1365 et
1533 1347 1630 1365 somno
1643 1347 1674 1366 ac
1687 1343 1762 1372 potu,

980 1389 1011 1408 ac
1041 1384 1199 1410 sutnmatim
1228 1384 1271 1415 iis,
1298 1384 1396 1417 quibus
1417 1384 1488 1411 ﬂuxa
1501 1390 1596 1411 nostra
1607 1385 1764 1412 continetur

977 1428 1044 1459 vita,
1061 1437 1173 1463 qumque
1191 1430 1218 1456 in
1235 1437 1264 1456 se
1289 1438 1388 1464 corpus
1410 1439 1464 1458 non
1483 1431 1588 1464 recipit,
1609 1431 1660 1457 nisi
1687 1433 1763 1466 prius

977 1481 1011 1500 ex
1027 1482 1120 1501 eorum
1144 1475 1288 1509 indigentia
1305 1476 1491 1503 condolescal.
1510 1477 1584 1503 Adco
1608 1476 1659 1503 fuit
1678 1477 1763 1504 nostri

938 1514 960 1544 C
979 1527 1074 1546 amans
1104 1520 1254 1551 Salvator;
1284 1529 1337 1548 non
1362 1523 1433 1549 enim
1459 1523 1552 1549 carnis
1571 1527 1597 1549 et
1622 1523 1764 1557 sanguinis

980 1566 1117 1599 particeps
1128 1565 1216 1592 factus
1231 1571 1376 1594 contentus
1393 1567 1453 1599 fuit,
1468 1572 1494 1593 et
1509 1568 1615 1594 collatis
1630 1569 1655 1594 in
1668 1576 1764 1596 omnes

980 1611 1131 1642 beneﬂciis,
1149 1619 1202 1637 non
1228 1612 1341 1639 ulterius
1364 1613 1502 1647 progredi,
1523 1613 1570 1639 scd
1596 1614 1674 1648 quasi
1705 1614 1762 1641 licri

983 1663 1036 1682 non
1055 1660 1158 1688 posset.
1180 1657 1279 1683 salvari
1304 1658 1451 1688 hominem,
1470 1658 1529 1691 ipso
1551 1666 1604 1685 non
1634 1659 1764 1693 patiente,

980 1702 1138 1729 l‘assionem
1170 1708 1196 1730 et
1226 1708 1342 1730 mortem
1375 1704 1488 1736 optavit,
1517 1709 1571 1730 tam
1602 1705 1763 1731 exuberanti

980 1746 1077 1773 alTectu
1094 1752 1191 1774 utnon
1211 1748 1297 1782 possit
1325 1748 1443 1782 exprimi
1462 1758 1468 1780 ;
1488 1753 1514 1775 et
1533 1753 1651 1775 testatur
1673 1749 1738 1775 illud
1756 1756 1763 1775 :

981 1791 1116 1824 Baptismo
1130 1791 1212 1818 habeo
1226 1793 1367 1825 baptizari,
1384 1798 1409 1819 et
1434 1794 1562 1825 quomodo
1580 1799 1701 1820 coarclor
1719 1803 1764 1820 us-

974 1844 1028 1870 .que
1046 1836 1106 1862 dum
1120 1837 1272 1871 perﬁciatur
1288 1837 1364 1872 (Luc.
1382 1847 1430 1870 xu,
1446 1838 1502 1874 50).
1517 1839 1607 1871 Quare
1620 1844 1647 1866 et
1660 1841 1766 1866 contri-

981 1887 1069 1909 statns
1086 1887 1138 1915 est,
1155 1883 1322 1918 doloresque
1338 1890 1466 1918 expertus
1487 1885 1513 1911 in
1527 1893 1619 1914 cruce.
1633 1885 1765 1913 Caeterum

982 1929 1085 1955 doloris
1101 1933 1207 1964 tempus
1223 1930 1424 1961 brevissimum,
1441 1935 1469 1957 ιιι
1480 1932 1578 1958 merito
1594 1939 1626 1959 ne
1635 1932 1689 1959 dici
1703 1933 1766 1967 qui-

984 1975 1042 2001 dem
1076 1975 1190 2002 fortasse
1219 1980 1327 2010 tempus
1344 1977 1454 2009 possit;
1478 1977 1524 2003 sed
1552 1977 1643 2012 gaudii
1661 1983 1767 2011 tempus

982 2020 1067 2047 dolori
1084 2021 1256 2048 succcdcntis
1269 2027 1293 2048 et
1305 2022 1442 2048 ineﬂ’abile
1457 2029 1498 2050 est
1513 2027 1539 2049 ct
1553 2024 1765 2052 iuterminabile.

983 2066 1058 2099 Quod
1074 2067 1095 2093 si
1107 2068 1162 2094 lucc
1177 2068 1209 2094 de
1219 2067 1359 2095 Salvatore
1376 2069 1446 2095 dicta
1458 2077 1519 2096 vera
1531 2072 1603 2101 sunt,
1615 2076 1703 2095 annon
1715 2071 1767 2096 erit

984 2113 1072 2138 minus
1086 2113 1133 2146 pia:
1146 2113 1243 2139 trientis
1254 2114 1286 2140 de
1298 2113 1382 2140 Matre
1392 2115 1450 2147 ejus
1463 2115 1568 2141 diversa
1578 2115 1699 2141 sentire?
1713 2114 1767 2141 Πιλ-

984 2158 1066 2185 ccbnt
1084 2166 1148 2185 sane
1163 2157 1209 2184 Dei
1231 2157 1290 2185 Filii
1308 2158 1419 2185 Matrem
1439 2159 1505 2185 Filio
1521 2163 1547 2185 ct
1563 2159 1687 2186 manibus
1705 2159 1766 2190 ejus

983 2210 1043 2229 cum
1070 2203 1161 2229 lmtitia
1190 2204 1383 2231 commcmlare
1408 2205 1545 2238 spiritum,
1572 2204 1641 2231 sicut
1658 2204 1714 2237 ipse
1737 2204 1763 2230 in

984 2256 1080 2274 manus
1096 2247 1195 2275 Patris.
1213 2249 1282 2281 Quin
1295 2249 1359 2284 illml
1376 2251 1456 2275 ctiam
1475 2250 1586 2276 docebat
1599 2249 1673 2276 Matri
1691 2250 1764 2282 plus-

984 2302 1062 2328 quam
1079 2295 1183 2321 ctctrris
1197 2296 1323 2322 omnibus
1339 2296 1365 2322 in
1378 2297 1475 2329 quavis
1492 2296 1608 2322 humana
1622 2303 1650 2322 re
1664 2303 1764 2323 convc-

985 2340 1042 2366 nirc
1051 2348 1112 2366 cum
1122 2340 1201 2367 Filio.
1212 2340 1269 2368 Etsi
1287 2345 1366 2368 natus
1382 2342 1441 2375 ejus
1455 2349 1502 2375 pro
1518 2332 1615 2374 gaudio
1630 2341 1681 2368 sibi
1702 2349 1763 2376 pro-

987 2387 1084 2419 posito,
1099 2391 1127 2412 nt
1140 2386 1240 2414 Paulus
1261 2388 1309 2420 ait,
1322 2395 1371 2421 ego
1386 2395 1450 2414 vero
1468 2387 1584 2414 dixerim
1599 2396 1647 2422 pro
1666 2388 1765 2422 gaudio

986 2437 1049 2459 tunc
1058 2437 1200 2467 prmscntc,
1210 2434 1338 2461 sustinuit
1347 2441 1466 2466 crucem,
1477 2433 1636 2461 confusione
1644 2438 1766 2461 contem-

987 2484 1030 2513 pta
1049 2479 1141 2514 (Hebr.
1159 2488 1206 2511 xu,
1225 2480 1263 2512 2),
1278 2485 1304 2506 ct
1317 2479 1388 2505 omni
1408 2479 1501 2505 dolore
1517 2483 1617 2511 amato,
1631 2483 1659 2505 nt
1686 2480 1766 2513 paulo

986 2531 1048 2552 ante
1062 2531 1201 2552 ostensum
1220 2530 1281 2555 est;
1305 2533 1353 2558 par
1375 2530 1448 2552 certe
1465 2526 1516 2551 erit
1531 2531 1558 2552 et
1575 2533 1694 2559 aequum.
1712 2526 1767 2550 imo

987 2571 1067 2596 rtiam
1087 2571 1229 2606 plusquam
1246 2579 1293 2605 par
1312 2570 1362 2596 erit
1388 2571 1497 2597 Matrem
1513 2578 1619 2604 quoque
1632 2571 1691 2602 ejus
1708 2578 1767 2596 ιιιο-

988 2615 1099 2639 ιιι-ιιιιιιιι
1123 2622 1171 2647 pro
1195 2622 1242 2648 spe
1264 2616 1414 2648 proposita,
1437 2623 1497 2648 quzc
1516 2615 1594 2649 plane
1615 2614 1695 2640 dubia
1713 2622 1767 2640 non

989 2663 1058 2689 erat,
1073 2660 1174 2685 milium
1190 2659 1244 2686 lere
1256 2660 1375 2686 dolorem
1393 2662 1523 2687 sensisse.
1542 2660 1601 2685 llmc
1616 2667 1696 2693 porro
1708 2668 1768 2686 ossi:

990 2705 1086 2730 rationi
1104 2713 1233 2735 consona,
1259 2713 1307 2731 nec
1331 2706 1479 2733 abhorrere
1503 2714 1516 2732 a
1542 2713 1622 2731 sensu
1642 2705 1767 2737 [lit'lltlt‘lll

989 2749 1078 2775 colere
1093 2750 1252 2782 vult-utinm,
1266 2755 1406 2778 ostensum
1421 2759 1481 2777 esse
1496 2751 1614 2777 arbitror
1629 2760 1660 2777 ex
1678 2751 1768 2777 dictis.

991 2792 1088 2823 Verum
1104 2799 1133 2822 ut
1148 2796 1324 2824 immorantes
1353 2802 1508 2831 pergratum
1525 2797 1658 2824 faciamus
1674 2797 1705 2823 iis
1723 2796 1769 2827 qui
