1929 3087
217 133 267 170 loa

807 143 832 172 Ili
846 142 915 172 \f‘iU
923 143 1004 173 ELlS
1025 144 1066 173 PA
1073 140 1244 175 l.r'i§0i.OGl

1788 153 1837 192 int

211 190 325 217 libenter
342 191 465 222 audiunt,
479 189 536 218 lucc
551 191 664 225 insuper
676 192 813 220 addimus.
835 192 922 228 Atque,
938 198 993 223 uti-
1015 194 1034 219 Α
1058 199 1212 224 mortalium
1235 200 1344 228 timida'.
1357 203 1419 231 time
1433 209 1460 232 et
1477 207 1576 234 similia
1597 209 1740 238 universos
1760 217 1840 246 plane

211 244 272 262 nam
288 244 348 270 qua:
362 237 477 264 dicenda
493 243 556 264 sunt
580 244 633 264 non
661 243 690 265 ιιι
706 239 796 266 inania
811 241 993 275 excipiantur,

210 283 256 308 scd
275 284 362 316 primo
383 283 490 317 quidem
506 284 538 310 ad
556 285 698 313 utilitatem
711 290 840 315 vestram.
859 295 910 321 qua
928 289 993 318 mihi

209 328 276 354 nihil
291 329 443 363 antiquius,
463 335 525 356 cum
541 330 574 357 iis
594 331 768 359 vehementer
790 340 842 367 ego
863 333 992 364 delecter,

209 379 258 407 per
284 382 343 407 qme
365 384 412 402 vos
438 377 550 410 possitis
580 385 642 404 esse
673 377 775 405 felices.
804 379 905 406 Deinde
935 381 992 407 sint

207 418 288 444 etiam
305 425 431 453 oplouoo
450 421 598 454 injucunda
615 428 640 448 ttl
654 430 754 455 spero;
772 424 991 459 quandoquidem

207 467 234 489 et
257 463 329 490 illatn
351 465 393 490 citi
411 464 563 492 oll'ernntttr
578 467 635 493 hate.
659 468 718 494 loco
735 469 867 501 muneris,
883 470 944 496 licet
959 471 992 496 ah

207 509 266 541 ejus
287 511 418 545 dignitate
446 512 591 546 plurimum
606 511 718 544 distent.
734 520 760 542 el
777 523 866 541 rerum
883 521 990 543 nostra-

206 562 266 581 rum
283 557 348 583 nihil
367 565 480 590 prorsus
497 559 624 593 indigeat.
642 564 667 585 at
682 560 795 587 libenter
808 566 898 589 tamen
913 570 990 589 acce-

205 607 312 635 pturam
327 604 385 629 scio
401 605 471 636 quod
485 612 499 630 a
514 605 644 632 benevolo
659 606 760 633 fanrnlo
771 608 908 635 olli-ratur.
922 608 990 651 l‘ttto

204 653 294 673 autem
313 649 498 677 confitendum
513 658 574 677 esse
589 659 638 678 nes
654 660 668 678 a
686 661 768 687 scopo
783 661 833 680 non
847 655 989 682 aherratu-

203 703 260 724 ros.
289 696 394 722 favente
423 697 468 724 Dei
493 698 640 729 Cenilriee.
664 708 711 734 per
738 709 818 736 quant
844 703 987 729 imbecillis

202 740 360 768 dillieillima
381 742 506 769 facillima
520 744 596 771 littnt.
615 744 680 771 ilico
694 745 776 779 igitur
790 747 839 773 tria
852 755 912 774 esse
925 756 987 781 pro-

202 791 260 819 pter
283 795 343 821 qua-
364 797 459 816 omnes
490 796 603 816 mortem
633 791 839 824 pertimescunt.
868 792 986 820 Primum

203 833 326 866 quidem,
343 835 413 868 quod
432 844 484 862 non
502 842 542 862 est
559 837 635 863 valde.
653 838 823 866 manifestum
844 840 987 866 conscien-

1057 246 1172 274 t‘errent,
1188 249 1214 271 et
1245 253 1372 280 pavorem
1391 249 1528 278 inrtttiunt
1556 255 1654 282 animis
1670 264 1723 283 tton
1742 265 1836 285 corum

1059 292 1165 315 tantum
1184 290 1230 324 qui
1247 298 1336 318 rerum
1355 297 1529 328 pratsrntium
1546 299 1684 327 illecebris
1699 302 1837 330 deliniun-

1057 337 1111 363 tur.
1131 335 1176 368 qui
1195 343 1244 362 ttec
1263 337 1351 366 vivere
1366 340 1476 373 vellent.
1491 343 1516 370 ni
1533 345 1583 371 sibi
1601 345 1679 372 liceat
1696 347 1836 383 indulgere

1056 381 1146 412 genio.
1163 382 1211 408 sed
1226 384 1319 410 virtuti
1334 392 1443 420 quoque
1456 388 1619 420 deditorum,
1638 393 1683 425 qui
1706 381 1837 428 concupi-

1054 426 1182 451 scentiam
1211 432 1236 453 et
1263 429 1329 455 iram
1359 432 1473 459 rationis
1502 433 1579 461 freno
1616 443 1708 471 regere
1729 439 1832 466 volunt.

1054 467 1133 495 Subit
1149 472 1219 496 enim
1236 474 1395 501 omnibusvt
1411 477 1549 505 horrorem
1562 481 1660 513 injicit,
1675 490 1728 508 non
1743 487 1833 511 tamen

1052 514 1124 547 par-iv
1141 516 1259 544 modulo.
1291 519 1429 553 Siquidem
1457 524 1489 549 ad
1519 525 1654 558 cujusque
1681 528 1761 554 vitam
1777 529 1833 556 hate

1054 561 1204 589 variantur.
1234 563 1326 598 itaque
1350 570 1376 593 ct
1393 575 1439 595 cos
1461 571 1506 602 qui
1528 577 1624 599 sancte
1648 574 1784 606 vixerunt,
1805 581 1832 602 et

1050 605 1094 638 qui
1105 613 1192 638 secus,
1209 608 1411 639 inccrlitndiuis
1428 612 1545 641 formido
1555 616 1686 649 adoritur,
1701 620 1733 645 ad
1748 619 1831 654 justi.

1050 649 1116 676 tiam
1129 653 1307 686 respicientes
1322 657 1478 689 humanam,
1490 661 1551 693 quia
1562 669 1612 688 non
1627 663 1828 698 justiﬁmbimr,

1048 694 1146 728 inquit.
1169 697 1195 723 in
1215 706 1355 733 caitapecm
1374 707 1419 729 tuo
1433 707 1516 732 omnis
1532 708 1618 734 vivens
1632 713 1639 743 (
1652 709 1728 736 Psal.
1744 719 1829 742 chn.

1046 739 1086 773 2)·
1113 741 1140 768 Si
1171 745 1242 770 enim
1273 746 1302 772 Β.
1332 748 1445 779 Paulos,
1478 754 1576 779 cretum
1595 755 1641 781 ille
1664 758 1828 802 contingens

1046 787 1154 802 “nim..-
1184 797 1230 802 ...ιη
1249 792 1339 802 ,μιμηιν
1368 795 1373 800 .
1613 801 1616 802 ν

1046 787 1166 819 animus,
1184 797 1231 816 vas
1247 792 1400 826 electionis,
1424 797 1489 823 nihil
1505 799 1556 825 sibi
1573 801 1681 834 quidem
1696 787 1826 831 consciit;

1044 834 1095 861 est,
1110 831 1157 856 sed
1172 840 1225 859 non
1244 835 1269 859 iu
1289 836 1338 862 hoc
1353 838 1520 870 justilieatus
1535 831 1588 872 est,
1602 848 1630 869 ut
1648 845 1692 871 illc
1705 846 1763 879 ipse
1776 848 1824 878 ait,

204 879 248 905 ηπ
262 879 327 913 quid
346 880 467 908 murum
485 883 521 909 si,
538 884 563 909 in
581 884 662 910 “Hom
680 886 733 910 vim
752 885 860 919 quando
876 886 985 912 unm,“
1002 883 1023 913 Β
1044 875 1335 923 ηιιίεηιμξωεομιιίιιε,
1347 884 1367 908 si
1383 885 1524 918 sapiat,dc
1538 888 1628 914 anima
1638 897 1686 916 sua
1696 894 1822 923 conlidat,

201 932 261 951 sum
276 933 362 960 genus
382 932 505 954 noatrttm
525 935 617 963 surget
633 938 646 955 a
665 930 718 957 Deo
735 931 919 964 iudicandum,
933 932 984 959 nisi

200 971 243 997 cui
270 973 402 1000 divinittts
429 974 510 1002 inerit
542 977 701 1004 revelatum.
731 978 887 1005 Secundum
910 980 982 1014 quod

198 1017 332 1046 discessio
347 1019 393 1046 lial
410 1020 443 1047 ab
460 1022 532 1048 omni
549 1030 647 1055 genere
669 1024 827 1058 voluptatis,
845 1030 984 1060 ctcOgna-

196 1063 281 1096 tione,
297 1070 323 1090 et
340 1067 479 1097 anticis.et
495 1068 606 1102 antiqua
622 1070 828 1102 consuetudine,
845 1077 870 1100 et
887 1073 983 1105 huius-

195 1110 279 1137 ntodi.
296 1110 417 1139 Tertium
439 1121 583 1141 commune
604 1117 665 1144 hoc.
678 1117 750 1151 quod
765 1118 855 1145 anima
870 1127 980 1153 separa-

196 1160 240 1182 tttr
263 1163 277 1182 a
312 1165 438 1192 corpore.
470 1167 501 1186 ex
528 1169 583 1195 quo
613 1163 652 1192 lit.
687 1167 714 1189 ιιι
746 1169 917 1198 compactum
946 1174 978 1193 ex

193 1201 336 1229 elementis
359 1212 458 1238 corpus
483 1213 683 1242 corrumpatur,
711 1210 784 1243 quod
818 1212 979 1238 naturaliter

192 1250 284 1274 omnia
308 1249 424 1283 fugiunt.
445 1252 512 1279 Cum
534 1261 599 1287 ergo
618 1254 666 1281 tria
685 1254 740 1282 haec
759 1256 814 1282 sint
837 1264 897 1289 qua:
912 1265 978 1290 sup-

192 1295 332 1328 ponimus,
359 1296 460 1330 quibus
495 1299 715 1326 conclndcndum
736 1305 778 1327 est
805 1302 877 1335 quod
904 1303 975 1334 volo,

190 1339 389 1367 exordiendum
407 1349 421 1367 a
437 1342 527 1368 medio
542 1344 636 1371 statui.
652 1344 723 1371 Sane
736 1345 768 1372 iis
786 1345 831 1379 qui
849 1350 976 1374 tenentur

190 1385 253 1412 vita:
273 1386 408 1413 desiderio
421 1393 532 1422 propter
547 1391 692 1423 prtesentia
717 1396 835 1422 tantum,
853 1395 898 1427 qui
919 1393 976 1422 ha-c

188 1431 272 1457 etiam
289 1432 365 1465 quasi
391 1433 469 1459 liuent
485 1432 608 1461 ultimum
625 1429 788 1470 sectantur;
801 1439 973 1467 intoleranda

189 1482 232 1503 est
243 1479 340 1505 merito
354 1487 438 1510 mors,
455 1484 482 1506 ut
495 1489 554 1515 qua:
566 1482 626 1510 illos
641 1492 654 1509 a
667 1486 806 1512 consortio
815 1494 904 1514 rerum
921 1487 971 1515 sibi

188 1522 370 1555 pretiosarum
403 1525 539 1559 sejungat,
569 1528 670 1561 quibus
696 1529 779 1556 veluti
810 1531 917 1564 pueris,
945 1535 972 1559 et

188 1574 321 1599 generoso
343 1569 433 1595 animo
459 1572 613 1600 nolentibus
641 1575 691 1606 uti,
717 1575 763 1602 sed
786 1576 846 1603 ηοω
869 1577 925 1605 btoc
944 1579 1010 1609 etC

188 1612 339 1640 umbratica
360 1616 565 1648 praeferentibus
579 1620 686 1647 veritati
699 1624 726 1648 et
736 1622 879 1650 stabilitari
896 1631 970 1651 tnorl

183 1657 245 1690 jure
262 1659 422 1688 tcrriculum
435 1667 486 1691 cst,
503 1667 529 1689 et
544 1664 702 1692 detestanda
717 1668 802 1702 magis
818 1676 898 1701 qttam
915 1676 970 1697 ca:-

185 1703 260 1730 teris.
287 1703 320 1730 Ut
347 1706 419 1733 cnim
436 1707 522 1735 allecti
540 1717 635 1737 stttutts
649 1711 682 1737 ad
695 1715 850 1745 prtesentia,
879 1714 916 1741 ita
941 1718 968 1743 el-

183 1754 357 1782 separanlcm
372 1752 406 1778 ab
422 1752 476 1780 illis
492 1759 607 1782 mortem
634 1757 793 1785 toleramus.
809 1757 875 1785 Nam
893 1759 917 1786 si
931 1759 969 1787 vi-

182 1793 272 1820 riliter
288 1795 452 1828 proclivitati
473 1798 506 1824 ad
526 1798 615 1826 intima
633 1801 802 1833 resistamus.
821 1803 906 1830 levior
920 1812 968 1832 no-

182 1839 224 1866 bis
239 1840 348 1868 videtur
365 1850 440 1870 mors
455 1851 503 1877 spe
519 1845 588 1872 bona
606 1847 704 1880 plenis.
726 1847 802 1880 Quod
823 1848 845 1875 si
863 1850 894 1876 ad
917 1857 966 1884 po-

180 1884 250 1911 tiora
269 1893 366 1921 segnes
386 1888 518 1916 fuerimus
531 1910 537 1920 .
563 1890 636 1918 illam
658 1900 710 1919 non
731 1893 903 1922 mediocriter
917 1904 965 1923 cx-

180 1930 377 1960 ltorrcscimus.
402 1934 484 1961 i’orro
513 1936 550 1963 iis‘
572 1937 618 1972 qui
639 1939 746 1973 turpius
773 1940 964 1976 indigniusque

179 1981 300 2010 aguntur
314 1978 349 2005 ab
365 1979 518 2012 achctibns,
539 1990 619 2016 quam
642 1985 786 2020 mancipia,
803 1988 964 2016 naturaliter

179 2022 286 2050 ratione
299 2023 431 2058 subjectis
447 2033 520 2054 mors
535 2033 563 2054 et
579 2032 630 2059 est.
647 2033 672 2056 et
690 2031 796 2058 videtur
811 2032 889 2068 longe
899 2041 962 2069 gra-

177 2067 238 2094 vior
251 2075 283 2095 ac
296 2069 457 2104 molestior;
471 2072 504 2098 ita
520 2077 558 2105 ut,
576 2081 730 2109 quanquam
747 2083 789 2104 res
805 2077 878 2105 dicttt
894 2079 960 2106 mira

177 2116 230 2144 est,
245 2120 306 2140 cum
324 2115 409 2142 multo
432 2117 528 2150 majori
550 2118 650 2146 adnixtt
669 2122 836 2156 voluptatem
855 2128 961 2158 specta-

176 2163 248 2187 mus,
269 2159 396 2193 quodque
410 2160 516 2187 videtur
528 2163 744 2197 celeberrimum.
757 2168 889 2195 rationem
906 2177 958 2197 non

176 2207 322 2235 sequentes
337 2204 552 2236 duccm,liauius
569 2213 645 2241 tunc,
660 2215 688 2237 ut
704 2211 740 2238 ita
758 2211 857 2247 dicam,
872 2205 971 2248 magis.

175 2249 303 2275 mortales
320 2258 401 2287 quam
417 2259 524 2280 sumus.
540 2254 607 2281 Cum
624 2264 688 2283 vero
701 2257 845 2285 honestum
861 2267 891 2286 ac
908 2262 957 2288 bo-
976 2263 1003 2294 D

175 2299 239 2318 nttttt
255 2298 412 2327 spectamus
430 2295 476 2322 liat
499 2299 701 2331 quodammodo
719 2301 743 2327 in
763 2302 842 2330 nobis
856 2308 957 2330 morta-

173 2336 248 2364 litas:
263 2337 381 2366 Tantum
399 2341 483 2376 pollet
496 2342 521 2368 in
533 2343 612 2371 nobis
631 2345 736 2372 atbitrii
753 2348 804 2374 vis.
823 2348 896 2377 Satis
912 2351 955 2377 di-

171 2388 245 2410 ctqu
261 2385 378 2413 arbitror
392 2388 425 2414 de
436 2393 533 2421 morte,
550 2390 611 2416 licet
626 2393 794 2426 propositum
806 2395 884 2423 nobis
901 2404 953 2422 non

171 2432 244 2454 esset
259 2428 292 2455 dc
307 2437 337 2456 ea
351 2431 547 2466 philosophari,
564 2437 712 2468 quomodo,
725 2443 750 2464 et
766 2441 952 2473 quamobrem.

170 2476 197 2498 et
211 2474 311 2506 quibus
329 2477 460 2509 [τιθείς.οι
472 2479 571 2513 quibus
586 2481 685 2512 minus.
698 2484 797 2517 quibus
813 2485 893 2510 etiam
910 2485 950 2510 in»

170 2518 310 2545 toleranda
330 2521 374 2552 sit,
391 2529 422 2548 ac
433 2524 591 2552 tcrricttlttnt
605 2528 681 2554 valde
694 2529 847 2556 molestum.
867 2529 948 2556 (λι-ιη-

151 2570 228 2591 ‘rtttn
245 2566 388 2594 reddenda:
408 2570 521 2598 rationis
537 2576 667 2601 anteacta:
685 2574 744 2601 vitm
761 2575 842 2601 timor
854 2595 860 2606 .
877 2576 948 2609 quod

168 2611 257 2644 primo
274 2612 333 2639 loco
353 2613 481 2646 diximus,
502 2622 529 2644 et
544 2619 639 2652 jndicii
656 2621 724 2652 dies,
740 2627 766 2647 et
783 2622 946 2648 ltorrcttdum

167 2658 299 2686 tribunal.
322 2664 348 2685 ct
371 2661 506 2689 satellites
526 2665 580 2698 regi
598 2671 625 2693 et
640 2666 725 2700 jttdiei
756 2672 877 2695 astantes
900 2669 946 2702 qui

168 2703 259 2728 statim
286 2703 357 2737 quod
374 2704 418 2732 ille
433 2708 592 2741 cogitaverit
614 2712 787 2739 exsecutione
807 2714 945 2746 mamlent,

167 2753 192 2774 et
207 2748 342 2782 insopitns
360 2751 404 2779 ille
423 2755 535 2784 verutis.
554 2761 580 2782 et
598 2758 759 2786 tenebrosus
781 2759 861 2794 ignis.
875 2766 900 2786 el
913 2759 945 2786 ad

167 2792 225 2819 haec
241 2794 405 2823 inccrtitudo
419 2801 570 2826 scnteutim.
587 2798 652 2834 Quis
666 2804 733 2829 enim
753 2806 872 2838 cogitat-il
890 2813 939 2831 sm-

166 2845 224 2863 aun
240 2837 363 2867 [,‘aint'ni?
378 2841 401 2873 (1
418 2842 478 2869 Cor.
494 2844 588 2877 ",16),
611 2851 634 2870 rt
652 2837 837 2879 (agitationes,
848 2848 945 2882 inquit,

1041 921 1152 953 quando
1165 922 1291 951 Salvator
1303 929 1406 954 sedebit
1420 931 1638 964 adjudicanduut
1651 937 1824 970 :equissimus

1041 969 1067 990 et
1092 967 1195 994 nullius
1215 970 1384 1005 deceptionis
1400 983 1496 1009 capax.
1519 980 1652 1006 rationi-nt
1664 983 1774 1016 exigens
1789 985 1822 1010 ab

1041 1017 1220 1046 unoquoque,
1243 1023 1297 1042 non
1314 1025 1409 1045 eorum
1429 1024 1533 1048 tantum
1551 1031 1612 1057 quze
1629 1026 1683 1059 egit
1700 1031 1727 1054 et
1741 1028 1820 1060 dixit,

1040 1059 1069 1081 et
1085 1058 1224 1091 cogitavit,
1241 1061 1288 1087 aed
1305 1057 1385 1089 etiam
1411 1073 1472 1098 quae
1496 1074 1587 1101 agerc,
1616 1075 1642 1096 et
1661 1072 1761 1102 dicere.
1793 1079 1821 1101 et

1042 1101 1165 1134 cogitare
1181 1103 1319 1133 debebat?
1334 1108 1356 1134 0
1372 1110 1490 1143 qualiter
1504 1117 1568 1140 tunc
1583 1115 1634 1141 ntci
1654 1116 1758 1145 similes
1770 1124 1819 1146 trc-

1038 1152 1114 1172 more
1126 1154 1280 1180 pavcscent.
1297 1153 1398 1186 quibus
1414 1156 1486 1182 nulla
1505 1165 1569 1185 cura
1586 1160 1634 1187 fuit
1648 1161 1704 1189 haec
1721 1164 1817 1191 obser-

1037 1196 1112 1223 vare,
1133 1200 1183 1220 nec
1200 1195 1278 1222 libuit
1294 1197 1408 1232 (utinam
1419 1201 1489 1228 haud
1505 1203 1540 1230 ita
1556 1206 1637 1239 esset)
1657 1207 1690 1233 ad
1704 1209 1816 1236 Creato-

1037 1235 1075 1263 ris
1091 1236 1255 1266 voluntatem
1267 1249 1297 1268 se
1311 1246 1538 1274 accommodare?
1552 1249 1604 1280 Qui
1630 1251 1727 1286 judex,
1753 1262 1815 1282 cum
1843 1246 1849 1249 μ

1036 1281 1154 1315 sederit,
1187 1291 1240 1311 non
1267 1286 1376 1315 habebit
1405 1296 1473 1323 opus
1504 1297 1731 1331 accusatoribus,
1762 1307 1814 1327 nou

1035 1325 1148 1360 libellis,
1164 1335 1218 1355 non
1235 1332 1362 1366 testibus,
1373 1335 1420 1362 sed
1433 1342 1507 1370 gesta
1521 1346 1536 1366 a
1550 1341 1629 1368 nobis
1645 1325 1742 1372 melius
1755 1346 1814 1380 ipse

1034 1372 1119 1402 novit,
1136 1381 1217 1408 quam
1237 1377 1288 1410 ipsi
1311 1385 1371 1406 nos.
1399 1380 1455 1409 llac
1473 1383 1554 1418 igitur
1577 1393 1723 1416 causarum
1740 1393 1812 1419 serie

1033 1417 1069 1443 ob
1089 1426 1159 1452 quas
1181 1420 1338 1451 horribilior
1355 1427 1431 1454 nobis
1446 1434 1474 1455 et
1488 1417 1582 1464 seipsa
1598 1434 1705 1462 videtur
1726 1444 1810 1470 mors,

1032 1463 1144 1488 omnino
1157 1467 1281 1498 superior
1291 1476 1348 1496 erat
1359 1472 1555 1503 gloriosissima
1566 1477 1702 1508 Creatoris
1716 1481 1809 1510 Mater.

1030 1506 1097 1535 Nam
1127 1517 1215 1544 neque
1244 1512 1346 1540 incerta
1370 1516 1466 1549 judicii
1490 1523 1635 1556 sententia,
1655 1532 1703 1558 per
1727 1535 1808 1561 quam

1030 1559 1095 1580 sane
1123 1556 1278 1588 pandentur
1308 1561 1481 1590 tenebrarum
1510 1556 1662 1598 praesentis
1680 1556 1809 1601 vnitaua

1028 1599 1147 1630 occttlta,
1170 1605 1276 1634 poterat
1293 1603 1352 1637 ejus
1371 1606 1550 1640 cogitationes
1571 1612 1691 1645 turbare,
1721 1622 1808 1650 neque

1028 1648 1059 1669 ex
1075 1642 1124 1670 hac
1135 1646 1190 1672 vita
1204 1646 1338 1682 migratio.
1355 1650 1454 1686 Etjure
1469 1654 1577 1688 quidem
1593 1642 1695 1691 optimo
1709 1669 1716 1686 :
1730 1642 1807 1688 suin-

1027 1696 1099 1716 mant
1116 1692 1216 1726 quippe
1232 1694 1269 1720 illi
1285 1699 1468 1726 constantiam
1482 1708 1514 1728 ac
1532 1703 1655 1731 liduciam
1670 1707 1806 1740 praebebat

1026 1742 1175 1765 consuetus
1191 1739 1225 1766 ab
1248 1741 1359 1769 ineunte
1377 1749 1457 1772 relate
1475 1753 1606 1777 ascensus
1621 1752 1655 1778 ad
1670 1739 1761 1780 incum
1779 1759 1806 1781 ct

1026 1785 1192 1816 provcttiens
1216 1787 1277 1814 inde
1292 1789 1391 1822 gratia,
1408 1790 1466 1818 sive
1480 1792 1626 1824 deilicatio.
1645 1797 1734 1830 Quare
1751 1809 1803 1828 nou

1024 1833 1081 1854 erat
1101 1828 1271 1858 formidanda
1289 1833 1398 1862 ferenda
1413 1840 1479 1864 tunc
1498 1843 1631 1868 sententia
1649 1828 1702 1877 qua
1726 1846 1803 1872 datu-

1024 1877 1123 1900 nantur
1138 1877 1182 1908 qui
1207 1880 1396 1907 contumeliosi
1414 1887 1478 1908 aunt
1495 1884 1521 1910 in
1539 1884 1624 1916 legem
1641 1887 1701 1915 Filii
1730 1891 1800 1924 ejus,

1022 1924 1072 1945 nec
1096 1926 1167 1953 agre
1196 1921 1306 1949 terenda
1329 1924 1452 1953 decessio
1477 1929 1512 1956 ob
1527 1931 1691 1960 caducarutu
1709 1943 1800 1963 l‘t‘llltlt

1022 1963 1249 1997 deperditionem.
1268 1968 1350 1996 Beata
1373 1971 1444 1999 enim
1465 1973 1545 2009 Virgo
1560 1977 1650 2005 adhuc
1663 1980 1745 2007 etiam
1761 1983 1800 2008 vi-

1021 2016 1086 2036 vens
1112 2017 1161 2044 pro
1186 2012 1272 2040 nihilo
1290 2015 1407 2044 ducebat
1429 2024 1456 2045 et
1477 2019 1557 2048 inane
1584 2022 1700 2051 habebat
1726 2029 1798 2060 qttn.‘

1021 2058 1138 2085 tenendo
1154 2066 1208 2086 tton
1227 2063 1345 2095 tenetur,
1361 2067 1388 2090 et
1412 2065 1538 2101 elabitur,
1556 2069 1619 2096 dum
1638 2079 1718 2098 tnantt
1733 2080 1796 2107 pre-

1019 2100 1134 2130 hensum
1149 2109 1192 2132 est
1207 2113 1214 2139 ;
1234 2108 1301 2135 lulcs
1328 2117 1391 2136 vero
1409 2117 1472 2138 sunt
1493 2120 1536 2140 res
1555 2115 1634 2149 hujus
1650 2119 1751 2151 szeculi,
1768 2125 1797 2146 ttt

1018 2149 1165 2177 abstineret
1195 2157 1276 2187 atque
1304 2155 1338 2181 ab
1365 2157 1404 2183 eis
1434 2159 1546 2185 omnino
1573 2161 1717 2197 refugeret,
1744 2166 1795 2192 nisi

1016 2199 1148 2228 quantum
1168 2199 1317 2226 necessitas
1329 2207 1446 2235 cogeret.
1463 2211 1497 2229 ne
1511 2204 1634 2232 interiret
1650 2215 1759 2243 corpus,
1771 2213 1794 2238 si

1016 2246 1181 2274 negarentur
1195 2243 1233 2269 illi
1254 2251 1302 2277 per
1317 2252 1375 2278 qua:
1389 2251 1557 2273 sustentatur
1573 2258 1579 2275 :
1598 2253 1669 2284 quod
1685 2259 1711 2278 ct
1723 2262 1792 2282 nova

1015 2288 1042 2312 et
1055 2286 1165 2320 antiqua
1179 2289 1279 2321 pariter
1292 2288 1350 2322 lege
1369 2291 1480 2317 vetitum
1497 2297 1550 2323 est.
1569 2299 1596 2320 ct
1619 2298 1690 2330 apud
1705 2298 1792 2331 pluri-

1014 2338 1072 2357 mas
1097 2333 1177 2358 etiam
1199 2332 1375 2361 barbarorum
1397 2337 1530 2364 nationes.
1557 2338 1650 2375 Itaque
1665 2345 1792 2372 omnibus

1013 2383 1074 2409 qua:
1088 2384 1197 2403 sensuut
1216 2378 1332 2406 illiciunt
1351 2385 1378 2407 et
1396 2382 1537 2416 decipiunt
1552 2391 1664 2420 aspectu
1682 2397 1743 2422 suo,
1757 2398 1789 2418 ac

1013 2422 1085 2448 mani
1097 2422 1146 2448 hac
1157 2423 1241 2456 gloria
1253 2426 1379 2454 tenebras
1393 2428 1490 2456 animm
1501 2429 1654 2465 ell‘untlunt.
1666 2436 1791 2469 superior

1012 2473 1079 2494 erat.
1098 2469 1235 2503 Quidquid
1253 2472 1324 2498 cttitn
1344 2481 1399 2501 non
1421 2480 1480 2501 etat
1498 2476 1596 2504 anima:
1610 2479 1724 2513 fructus,
1739 2483 1789 2508 ali-

1011 2514 1101 2541 menia
1129 2516 1247 2550 virtutis,
1283 2522 1329 2545 aut
1351 2527 1404 2547 non
1429 2521 1544 2549 faciebat
1570 2524 1603 2551 ad
1636 2527 1787 2560 protection

1011 2559 1199 2593 spiritualem,
1221 2563 1320 2591 nullius
1339 2564 1419 2598 plane
1441 2569 1572 2594 momenti
1596 2571 1788 2599 sacratissituw

1012 2603 1126 2638 Virgini,
1153 2611 1180 2632 et
1207 2607 1326 2635 alienum
1353 2610 1504 2638 habebatur
1533 2620 1565 2640 ac
1598 2615 1733 2643 ludicrum
1760 2625 1787 2643 et

1010 2644 1112 2684 puerile
1132 2652 1269 2684 solatium,
1294 2655 1400 2687 umbra,
1426 2658 1572 2690 somnium,
1595 2659 1697 2692 fumus,
1717 2668 1743 2688 ct
1761 2664 1784 2688 si

1009 2695 1072 2729 qud
1085 2696 1128 2722 his
1146 2697 1231 2724 levius
1248 2699 1321 2726 dicat
1338 2700 1483 2734 quispiam.
1501 2701 1532 2728 Et
1546 2710 1687 2738 propterea
1705 2705 1784 2740 Virgo

1009 2739 1067 2766 hinc
1088 2741 1294 2775 gloriosissima,
1311 2745 1374 2771 dum
1392 2750 1465 2773 esset
1486 2747 1512 2773 iit
1529 2749 1591 2779 vita,
1611 2753 1713 2776 tantum
1736 2756 1783 2778 ab-

1009 2786 1139 2814 ltorrcbat
1156 2789 1190 2815 ab
1208 2789 1240 2816 iis
1265 2798 1312 2824 per
1328 2799 1388 2825 qua
1411 2800 1462 2820 nos
1479 2794 1631 2826 vincimur,
1649 2801 1780 2829 quantul-

1008 2834 1106 2860 mortui
1129 2836 1181 2861 vita
1201 2836 1265 2863 olitn
1285 2837 1415 2865 dcluucti.
1435 2838 1575 2872 Quomodo
1591 2848 1655 2875 ergo
1669 2842 1780 2869 moleste
