1929 3087
188 89 238 122 105
612 91 754 122 ORATIU
776 92 812 120 iN
833 93 907 121 υυιι
916 94 949 121 \ll

1015 94 1106 123 ὶΧῖῖΜ
1199 95 1386 127 ιιιςιΡΑιιΕ.
1767 96 1816 129 133

185 157 217 174 te.
227 154 266 174 ιυι
281 150 422 176 decessum
433 152 465 177 ab
478 151 511 178 iis
525 158 639 186 quorum
655 154 728 181 nullo
745 156 887 183 tenebatur
899 157 963 185 aﬂ'e-
986 155 1008 184 A
1037 161 1160 184 ut'suum
1173 160 1280 182 uterum
1295 156 1446 182 exhibuerit
1459 156 1491 182 lo;
1502 164 1546 183 unt
1562 158 1691 185 universa
1702 159 1814 194 ἱιιιρει-ιι-

183 196 249 221 (tu?
266 200 311 222 aut
326 203 374 222 cur
394 202 539 232 angeretur
553 200 585 226 ab
603 200 641 226 eis
657 201 766 234 quibus,
783 209 843 229 cum
862 209 964 238 posset,

185 248 238 266 ιιι-η
248 241 445 274 oblectabatur,
462 243 509 272 sed
527 243 745 277 valere'dicebat,
763 248 924 282 'voluptates,
939 257 965 278 et

183 283 245 311 falsi
262 286 379 312 nominis
394 287 550 320 gloriant,et
565 291 636 323 qttud
656 291 791 319 hominem
809 294 963 323 hominibus

181 329 290 356 videtur
305 331 417 359 reddere
432 333 630 366 sublimiorem,
647 345 709 364 cutn
729 346 761 366 ett
780 339 838 366 luto
868 342 963 369 eodem

182 378 209 402 et
230 383 321 404 massa
347 383 503 412 compactus
521 380 580 407 sit?
595 381 701 409 Diceret
719 383 756 410 illi
777 385 962 422 theologorum

181 427 327 454 supremus
338 428 399 456 post
414 423 570 458 theologum
591 428 702 455 tonitrtti
718 429 803 457 tilium
817 431 963 466 Gregorius

182 465 383 499 Nazianzenus,
403 473 428 496 et
455 469 641 499 blandimenta
659 476 865 504 consuetudinis
874 465 962 505 etiam

181 519 214 537 ex
229 519 256 539 re
268 517 373 546 nostra,
388 518 414 541 et
430 515 524 544 haberi
541 525 555 543 a
570 518 649 546 nobis
665 519 693 546 in
709 522 805 555 pretio,
824 523 870 557 qui
885 531 962 551 anta-

179 564 242 601 mu's
263 564 289 585 ct
305 558 484 593 admiramur,
511 562 644 598 quidquid
670 565 797 593 deorsum
822 567 920 601 fertur,
935 575 962 597 et

179 598 266 637 serpit
280 601 370 630 instar
386 604 492 633 colubri
509 613 517 632 :
534 610 560 633 at
575 607 675 641 quibus
689 609 809 638 studium
825 616 866 638 est
880 598 962 647 spiri-

179 648 261 672 tuatia
289 655 411 682 querere
440 654 467 677 et
491 652 632 686 sublimia,
665 659 747 689 caput
769 664 830 691 quat
853 659 968 694 erigunt-

178 699 300 725 sursuut,
329 694 396 722 illud
419 696 454 723 ad
481 696 611 725 inferiora
636 698 746 730 ﬂectere
769 709 882 731 exosum
906 709 960 733 cst.

180 737 257 765 Dolet
282 739 364 774 igitur
390 743 549 776 repentibus
575 744 651 772 humi
677 740 766 775 rerum
795 751 959 779 caducarnm

178 784 300 812 amissio.
316 785 367 818 Qui
384 789 484 815 etenim
503 789 594 817 futura
611 799 664 819 non
686 793 870 830 ncgligebant,
892 804 959 832 quo—

178 829 257 856 modo
283 835 429 865 praesentia
454 841 613 868 sperttercnt
628 837 639 864 ?
653 839 687 866 At
714 829 769 867 cuii
788 846 958 871 terrenorum

176 882 240 901 cura
267 879 489 912 postponebatur,
510 885 583 909 certe
605 883 715 920 abjungi
744 887 825 914 etlatn
853 889 957 918 abillis

176 922 248 947 ttulla
262 927 319 949 erat
333 924 502 953 sollicitudo.

211 964 302 996 Quare
315 967 434 995 tristitia:
458 970 536 998 nobis
558 977 583 1000 ct
601 975 728 1003 tcrricula
745 984 841 1014 suapte
859 986 955 1011 natura

174 1011 311 1043 accidunt,
335 1017 361 1038 et
392 1014 592 1047 quodammodo
623 1021 749 1055 utrinque
791 1011 954 1061 appetitnur,

174 1059 231 1080 lunt
249 1058 423 1088 prtt'senliunt
454 1060 614 1095 amissione,
637 1070 665 1091 ut
680 1058 815 1101 diximus,
827 1058 891 1099 tum
908 1058 955 1108 pa;

175 1107 238 1127 \‘orc
254 1101 421 1136 futurorum,
437 1108 466 1130 ut
481 1105 536 1139 jam
550 1109 721 1138 ostendimus
735 1119 742 1137 :
755 1121 869 1148 quorum
886 1101 954 1145 ncu-

174 1150 216 1171 tro
236 1147 313 1174 beata
339 1147 420 1183 Virgo
436 1151 520 1184 pctita
543 1157 594 1180 cst.
610 1147 842 1189 Oportebatienim
857 1164 954 1197 migra-

173 1194 275 1216 t.oucm
303 1199 411 1227 quoque
439 1195 498 1229 ejus
516 1202 577 1224 esse
601 1204 708 1228 natura:
729 1194 908 1238 superiorem,
928 1213 954 1235 ct

173 1241 272 1263 nos-ttae
291 1245 345 1264 non
379 1239 526 1268 assitnilcm
544 1250 551 1268 :
568 1250 629 1271 cum
654 1245 680 1272 in
702 1254 733 1274 ea
757 1250 886 1285 quidquid
903 1253 953 1280 fuit

173 1287 267 1307 natura
281 1282 427 1311 sublimius
450 1284 542 1314 fuerit.
564 1287 600 1314 Ita
617 1290 707 1324 plane.
724 1282 857 1322 Creteruin
876 1298 951 1326 dolo.

173 1333 228 1356 rcttt
242 1328 328 1359 illum,
343 1329 388 1362 qui
402 1329 536 1363 profunde
555 1334 671 1362 animant
697 1339 805 1374 attingit
821 1342 846 1368 in
865 1348 952 1372 morte

172 1373 254 1406 (quod
279 1374 389 1401 tertium
407 1381 432 1402 et
450 1382 618 1410 postremum
646 1384 698 1417 est)
715 1373 885 1415 communem
903 1390 950 1418 ha-

173 1417 234 1444 bere
246 1426 298 1445 non
315 1419 459 1455 dedignata
484 1428 527 1450 est
545 1424 621 1452 beata
643 1427 724 1463 Virgo
744 1438 806 1458 cuttt
823 1433 950 1463 universo

172 1463 326 1490 mortalium
343 1473 458 1500 genere;
474 1466 536 1495 licet
550 1477 604 1496 non
619 1478 695 1506 atque
718 1481 748 1501 ac
763 1478 853 1504 c:ctet‘i
866 1478 950 1507 fuerit

1035 203 1080 234 tis,
1098 201 1210 228 ctnullo
1222 201 1423 235 circumscripti
1444 202 1515 228 loco.
1539 203 1661 230 Arbitror
1675 205 1746 231 cnim
1763 207 1813 231 im-

1035 254 1157 274 mensant
1176 246 1273 273 anima:
1287 246 1345 280 cjus
1360 247 1592 280 pulchritudinem
1607 256 1620 275 e
1635 249 1735 276 virtute
1751 258 1814 284 pro—

1034 292 1187 318 venientent
1219 298 1272 318 non
1302 291 1385 318 fuisse
1405 291 1583 325 posteriorem
1609 300 1731 325 causam,
1764 302 1813 321 cur

1032 345 1064 373 ea
1081 344 1111 364 ea
1127 336 1199 364 Deus
1218 344 1329 363 carnem
1351 341 1516 364 assumeret.
1534 336 1662 369 Quinimo
1675 338 1744 372 ipse,
1766 340 1811 373 qui

1034 367 1195 408 incarnatus
1229 386 1281 414 est,
1315 381 1481 408 voluntatem
1509 382 1568 416 ejus
1590 383 1705 409 ducendi
1729 384 1810 410 vitam

1035 425 1088 452 Deo
1102 425 1264 460 placentem,
1290 425 1479 460 mandatisque
1495 425 1554 460 ejus
1572 425 1746 453 inhatrcntent
1761 434 1810 453 an-

1031 470 1151 504 teposuit
1164 470 1269 498 muneri
1284 470 1408 504 gestandi
1420 470 1496 497 illunt
1508 471 1535 496 in
1547 475 1642 498 ventre
1652 477 1678 498 et
1690 471 1809 498 lactaudl

1029 515 1172 542 uberibus.
1188 514 1255 541 Nam
1279 522 1340 541 cum
1355 514 1400 540 illa
1430 519 1540 550 propter
1557 515 1613 542 haec
1625 515 1704 542 beata
1718 517 1810 543 excla-

1030 565 1160 593 maretur,
1187 560 1255 595 ipse,
1280 559 1418 592 Quinimo,
1449 560 1547 595 inquit,
1571 561 1647 588 beato
1672 564 1725 594 est,
1746 563 1808 596 quia

1029 606 1140 633 verbum
1158 605 1204 634 Dei
1227 605 1313 640 audit,
1338 610 1365 633 et
1384 605 1450 634 illud
1464 606 1601 634 custodit:
1626 615 1658 634 ex
1682 615 1736 642 quo
1751 609 1808 643 pla-

1027 659 1090 678 num
1103 650 1230 679 omnibus
1246 650 1320 684 fecit,
1337 654 1428 678 utrum
1443 660 1476 679 ex
1489 652 1596 680 duobus
1607 653 1806 687 praferendum

1025 696 1072 728 sit,
1089 701 1116 724 et
1134 697 1241 725 beatius
1250 697 1313 732 jure
1328 698 1494 731 habendum,
1507 703 1602 733 partus
1619 699 1755 731 videlicet,
1772 708 1805 726 an

1025 741 1123 768 virtus.
1147 740 1231 768 Nemo
1242 742 1316 769 enim
1340 743 1409 769 adeo
1424 743 1581 776 desipucrit,
1599 748 1700 770 utcuttt
1715 744 1806 778 puris-

1024 785 1093 813 sima
1118 786 1198 821 Virgo
1226 786 1306 814 beata
1333 786 1369 814 ob
1393 791 1500 821 partum
1515 783 1706 821 aliirmaretur,
1722 789 1803 815 alium

1023 830 1163 858 existimet
1191 831 1341 858 beatiorem
1363 838 1377 857 a
1404 832 1544 858 Salvatore
1570 832 1669 859 dictum
1694 837 1803 867 propter

1023 882 1123 902 mores.
1145 874 1243 902 Verum
1265 875 1379 910 probata
1404 876 1528 904 mulieris
1552 883 1627 909 voce,
1652 878 1802 912 agnitione.

1023 919 1210 947 benevolentia
1226 924 1251 947 et
1268 920 1402 954 probitate.
1416 927 1464 955 per
1477 922 1559 948 verba
1579 922 1635 954 illa,
1662 922 1801 955 Quinitno,

1021 965 1123 992 dictum
1150 965 1210 1000 ejus
1235 966 1445 999 sapientissimae
1467 967 1671 1001 comprobavit;
1703 968 1802 995 deinde

1021 1010 1144 1044 sequenti
1173 1017 1300 1038 sertttoue
1316 1011 1393 1045 quasi
1411 1010 1522 1037 Matrem
1549 1019 1610 1038 cum
1629 1011 1714 1039 Matre
1732 1019 1800 1040 cou-

1022 1054 1125 1085 ferens,
1144 1055 1236 1081 verbis
1258 1055 1311 1081 illis
1338 1062 1405 1082 usus
1428 1059 1470 1082 est
1490 1063 1549 1089 quae
1567 1057 1677 1090 dignum
1692 1061 1751 1083 erat
1766 1061 1800 1084 au

1021 1106 1074 1125 uno
1099 1101 1160 1134 ejus
1183 1107 1230 1126 ore
1256 1099 1382 1133 proferri.
1407 1099 1475 1126 Dum
1499 1101 1571 1127 ettitn
1594 1102 1707 1128 docebat
1725 1102 1798 1128 illam

1019 1144 1171 1177 mulierem,
1186 1151 1281 1172 omnes
1300 1145 1326 1171 in
1337 1145 1523 1172 sublimiorem
1534 1147 1665 1173 evehebat
1677 1154 1796 1174 sensum.

1018 1189 1145 1217 Arbitror
1156 1193 1260 1223 autem,
1277 1190 1300 1216 si
1313 1197 1381 1225 opus
1395 1195 1467 1217 esset
1480 1191 1641 1219 clarioribus
1656 1193 1744 1219 verbis
1754 1201 1798 1220 cx-

1019 1234 1129 1266 planare
1158 1234 1333 1265 sententiam,
1361 1235 1397 1262 ita
1414 1235 1488 1262 illuttt
1508 1236 1619 1268 dixisse,
1645 1237 1691 1272 qui
1717 1237 1796 1264 homo

1018 1280 1074 1306 ﬁeri
1091 1281 1176 1307 voluit
1191 1289 1197 1306 :
1213 1280 1235 1308 0
1252 1282 1361 1315 mulier,
1381 1290 1441 1317 qua:
1456 1283 1561 1310 beatam
1577 1285 1719 1319 praedicas,
1733 1292 1797 1313 Vere

1017 1325 1122 1351 beatam
1138 1326 1283 1360 oportebat
1310 1326 1422 1354 Matrem
1449 1335 1510 1356 esse
1533 1330 1598 1357 mitti
1615 1331 1699 1363 illam,
1716 1333 1794 1367 cujus

1014 1369 1105 1396 anima
1131 1370 1283 1397 incredibili
1307 1371 1508 1405 pulchritudine
1531 1379 1604 1401 esset
1629 1382 1736 1408 ornata,
1766 1383 1793 1404 et.

1014 1413 1121 1447 qualem
1150 1415 1224 1441 nulla
1251 1423 1369 1450 unquam
1397 1417 1518 1445 habuere
1545 1424 1677 1453 tempora.
1698 1421 1792 1456 Itaque

1015 1459 1115 1493 praevio
1138 1460 1165 1486 in
1182 1460 1240 1494 ipsa
1256 1469 1364 1488 suntmo
1389 1463 1508 1491 candore
1519 1464 1555 1491 ob
1568 1465 1694 1493 eximiam
1710 1468 1793 1494 animi

170 1510 244 1536 mum
264 1517 386 1546 “per”.
405 1513 439 1540 At
462 1515 527 1549 quid
555 1524 603 1552 ego
618 1505 716 1546 θῶκοι.
726 1505 951 1556 immutatis
969 1509 991 1540 ο
1013 1505 1211 1538 integritatem,
1224 1507 1477 1556 sublimitatemque
1494 1517 1525 1536 ac
1541 1511 1713 1556 modestiam,
1731 1515 1794 1541 sub-

171 1556 252 1586 miuc,
268 1555 313 1583 ubi
328 1558 402 1583 ttulla
416 1566 555 1591 mensura,
572 1562 645 1589 nulla
657 1555 770 1597 prorsus
788 1567 845 1596 ﬁeri
859 1575 950 1604 potest

169 1602 338 1634 comparatio
354 1602 365 1628 ἶ)
383 1607 461 1630 tanto
478 1606 549 1632 enittt
567 1606 708 1637 intervallo
726 1612 826 1640 distattt
842 1602 949 1645 a‘nobis

168 1653 228 1680 qua:
264 1653 390 1682 spectant
414 1650 446 1678 ad
476 1651 624 1687 Virginem,
641 1663 746 1690 quanto
770 1660 886 1694 amplius
908 1669 949 1690 est

168 1695 238 1721 bulla
262 1696 372 1723 cmlum.
406 1697 464 1724 Non
480 1708 546 1734 ergo
577 1702 650 1729 illam
671 1711 754 1736 tnors,
781 1708 830 1734 etsi
853 1715 948 1738 omnes

169 1740 292 1768 homines
317 1750 379 1769 cuttt
412 1743 506 1771 dolore
535 1746 615 1777 tollit,
647 1749 700 1776 alio
723 1751 804 1779 tttodo
824 1755 945 1788 sustulit,

165 1793 246 1819 quatit
262 1794 316 1821 quo
332 1789 461 1821 diximus,
488 1791 617 1820 nimirum
639 1795 712 1822 sicut
734 1796 832 1825 Filium
847 1808 854 1832 ;
871 1805 897 1828 et
911 1803 946 1828 ad

167 1832 218 1857 hoc
241 1837 358 1866 tantum,
386 1839 415 1861 ut
439 1836 520 1864 homo
533 1845 592 1866 esse
612 1839 827 1874 diguosccrctur.
845 1845 896 1873 Sed
913 1849 946 1874 de

166 1878 208 1904 his
225 1879 304 1911 satis,
334 1880 405 1913 quod
427 1882 522 1909 attinet
543 1883 576 1910 ad
592 1887 790 1918 separationcut
809 1891 905 1918 anima:
920 1898 946 1920 ct

164 1925 288 1957 corporis
321 1925 484 1954 beatissima:
516 1929 653 1964 Virginis;
674 1940 735 1960 ttam
760 1937 863 1963 cmlesti
886 1939 944 1972 ejus

164 1971 262 1997 animae
275 1978 394 2006 superna
413 1981 444 2000 ac
459 1975 549 2002 divina
561 1981 718 2014 pervaganli
735 1983 808 2009 ottttti
823 1971 944 2019 tempore

164 2023 237 2043 tnors
264 2017 383 2051 jucunda
400 2021 491 2054 potitts
507 2024 546 2056 (ut
561 2024 696 2060 principio
712 2030 847 2057 sermonis
863 2017 942 2066 dixi),

161 2068 243 2094 quam
260 2063 372 2090 tnolesta
383 2066 573 2098 proculdubio
586 2076 725 2102 censetur,
742 2079 768 2100 ιιι
785 2082 866 2108 quam
879 2063 942 2104 illuc

160 2107 376 2141 transmittebat,
388 2118 442 2144 qtto
454 2112 530 2140 abire
542 2115 678 2149 cupiebat,
696 2118 729 2144 ad
741 2107 818 2146 suum
831 2121 940 2155 FiliumI

160 2151 193 2178 ad
214 2152 273 2186 ejus
299 2153 416 2188 Patrem,
436 2157 470 2184 ad
491 2157 660 2188 Paraclctum
682 2161 824 2198 Spiritum,
849 2151 942 2195 sacro;

161 2202 283 2225 sanctam
299 2199 383 2234 ipsam
399 2200 559 2231 Trinitatem
576 2207 647 2240 apud
663 2215 743 2242 quant
758 2215 799 2238 est
812 2219 874 2240 vera
893 2213 938 2241 lutt
957 2216 982 2245 D

161 2243 372 2279 inaccessibilis,
398 2247 555 2277 indeﬂciens
580 2253 703 2287 voluptas
725 2255 784 2283 sine
803 2260 937 2291 satietate,

158 2295 261 2316 corona
283 2290 530 2328 immarcescibilis,
546 2296 600 2323 vita
616 2303 728 2332 aeterna,
749 2302 874 2334 beatitas.
892 2290 937 2332 ubi

158 2334 238 2369 plene
253 2335 347 2364 liceret
363 2337 402 2364 illi
420 2341 580 2376 participem
603 2351 665 2372 esse
687 2347 761 2381 regni
779 2353 805 2375 et
825 2350 936 2378 honorls

158 2380 219 2407 Filii
238 2383 425 2411 excellentiori
440 2385 530 2418 tttodo,
544 2393 636 2423 utpote
657 2380 747 2426 Matri,
762 2401 842 2429 quam
855 2397 935 2431 potiri

156 2428 272 2460 possint,
285 2429 330 2463 qui
353 2431 461 2459 virtutis
481 2434 591 2461 nomine
611 2437 712 2470 primas
742 2428 863 2470 omnium
894 2444 935 2471 fc-

155 2478 227 2500 runt.
253 2475 322 2506 Quid
351 2476 411 2503 illos
435 2477 509 2510 dico,
533 2481 750 2517 quandoquidem
779 2490 806 2512 et
831 2493 934 2516 tuentes

156 2518 332 2552 incorporeas
350 2528 398 2548 sua
418 2523 502 2556 gloria
532 2525 612 2560 longe
628 2530 788 2567 superavit?
803 2532 840 2559 Eo
853 2541 932 2568 porro

156 2564 351 2596 magnitudinis
378 2572 470 2594 evecta
501 2575 554 2601 est,
580 2576 609 2597 ut
629 2564 711 2608 supra
733 2564 862 2609 diximus,
879 2580 932 2606 into

155 2616 218 2635 vero
245 2615 273 2636 ut
294 2612 384 2638 nullus
410 2614 547 2647 explicare
561 2618 630 2644 valet
647 2626 746 2651 sermo,
771 2630 823 2650 tton
842 2628 929 2652 solum

153 2655 216 2687 quia
238 2658 342 2689 peperit
368 2658 482 2686 salutem
499 2667 525 2688 ct
541 2663 753 2698 redemptionem
768 2674 795 2695 et
811 2676 932 2698 sanctiti’

153 2701 287 2727 ratium-nt
307 2705 457 2732 animarum
483 2711 509 2734 et
525 2715 669 2744 corporum
690 2718 856 2748 nostrorum,
881 2720 928 2744 sed

153 2745 214 2778 quia
231 2747 310 2773 etiam
330 2750 446 2782 puritate
470 2759 550 2786 supra
568 2757 675 2783 modum
701 2764 727 2785 et
753 2745 927 2790 inenarrabili

112 2798 117 2807 ι
153 2795 215 2824 erga
227 2790 308 2818 Deum
326 2794 423 2821 atfcctu
438 2799 555 2826 animam
565 2805 592 2827 et
605 2809 704 2836 corpus
716 2805 778 2832 talia
799 2808 925 2841 reddidit,

313 2838 443 2869 Parnm,
467 2843 521 2874 Gn.
570 2848 676 2880 CLVI.

1012 1555 1136 1577 secutum
1162 1557 1214 1585 est,
1233 1556 1262 1579 ut
1281 1560 1340 1579 mea
1358 1553 1433 1581 ﬁeret
1446 1555 1540 1588 Mater,
1558 1555 1713 1592 factumque
1739 1564 1792 1591 est,

1013 1600 1042 1623 ut
1056 1596 1088 1622 ad
1119 1597 1206 1623 lucctn
1221 1617 1228 1629 ,
1253 1605 1313 1632 quae
1336 1598 1396 1633 ejus
1418 1600 1535 1628 animam
1557 1601 1733 1635 inhabitabat,
1752 1612 1794 1631 nae

1011 1641 1098 1668 lucem
1113 1642 1224 1677 insuper
1233 1644 1385 1677 acquircrct
1397 1646 1518 1672 omniunt
1532 1646 1662 1674 luminum
1678 1651 1791 1676 creatri-

1010 1694 1080 1713 cetn.
1100 1688 1200 1715 Amant
1215 1690 1288 1716 enint
1301 1691 1404 1724 omnia,
1422 1699 1482 1725 quae
1502 1692 1630 1721 aﬂinitatc
1646 1695 1791 1729 conjuncta

1009 1739 1083 1767 suttt,
1098 1736 1227 1764 accedere
1243 1737 1276 1764 ad
1295 1737 1395 1766 aiIinia.
1413 1739 1451 1767 Ita
1467 1746 1544 1767 sane.
1563 1740 1630 1768 Cum
1645 1749 1710 1768 vero
1723 1749 1788 1768 ete-

1007 1780 1091 1815 gisset
1125 1783 1284 1815 necessitas,
1313 1789 1342 1810 ut
1373 1785 1551 1820 itnpassibilis
1572 1791 1599 1813 et
1627 1786 1790 1815 immortalis

1009 1826 1165 1860 passibilctn
1185 1834 1212 1855 et
1237 1830 1379 1856 mortalem
1399 1836 1551 1858 assumcret
1567 1839 1686 1865 carnem,
1705 1838 1733 1859 ut
1753 1837 1787 1868 (ει

1007 1871 1199 1905 explicandum
1216 1874 1282 1900 milti
1298 1879 1341 1901 est
1354 1882 1408 1901 non
1425 1876 1511 1909 magis
1530 1878 1704 1905 sermonibus
1724 1878 1785 1905 Tri-

1006 1915 1099 1942 nitatis
1117 1916 1167 1943 ltac
1184 1917 1217 1944 de
1245 1926 1274 1949 re
1295 1919 1440 1946 consilium
1467 1922 1621 1956 antiquum,
1644 1930 1738 1949 verunt
1760 1929 1787 1950 et
1824 1950 1826 1954 ,

1008 1960 1168 1993 maximum)
1193 1968 1322 1997 suscepta
1350 1965 1490 1996 l’assioue,
1512 1970 1538 1992 et
1557 1971 1654 2000 morte,
1675 1973 1700 1994 et
1718 1976 1786 2002 qua-
1828 1967 1830 1970 ’

1006 2007 1065 2032 dam
1082 2009 1206 2042 corporis
1218 2012 1325 2043 gustatu
1346 2011 1533 2044 corruptione,
1549 2019 1644 2039 omnes
1660 2013 1783 2041 homines
1823 2031 1828 2035 -

1005 2051 1028 2076 si
1049 2052 1158 2084 tellcttt,
1173 2060 1188 2079 a
1205 2054 1380 2087 passionibus
1404 2060 1429 2081 et
1445 2061 1532 2082 morte
1559 2061 1586 2083 et
1609 2058 1782 2091 corruptione
1823 2059 1826 2063 '

1004 2096 1156 2124 liberaret:
1179 2106 1232 2125 non
1252 2100 1324 2125 enim
1354 2104 1414 2126 erat
1438 2100 1573 2128 afferenda
1595 2101 1646 2133 vis,
1669 2102 1716 2128 sed
1733 2111 1781 2129 \'U-
1817 2100 1827 2119 ἰ

1003 2142 1122 2169 lentibus
1147 2143 1313 2171 conferenda
1333 2145 1428 2173 salus:
1448 2146 1522 2173 dedit
1547 2151 1705 2181 potestatem
1726 2148 1780 2182 (in-

1002 2187 1071 2221 quit)
1097 2187 1234 2222 praecipuo
1251 2189 1367 2216 dilectus
1383 2190 1422 2217 illi
1441 2198 1534 2217 amore
1550 2191 1582 2218 iis
1601 2191 1648 2226 qui
1659 2192 1780 2219 ert-dunt

1002 2231 1030 2259 itt
1045 2240 1118 2265 eum,
1133 2233 1202 2261 ﬁlios
1239 2233 1284 2261 Dei
1315 2235 1382 2262 ﬁeri.
1409 2235 1499 2268 Quare
1515 2235 1642 2263 Trinitati
1669 2238 1778 2272 quidem

1003 2282 1059 2304 tum
1075 2279 1109 2306 ob
1124 2279 1268 2306 consilium
1283 2280 1356 2308 istud
1381 2288 1430 2315 pro
1446 2281 1524 2308 nobis
1537 2281 1574 2308 illi
1591 2287 1755 2310 cos-ternum
1771 2292 1777 2309 :

1001 2327 1089 2359 neqt’te
1107 2325 1177 2351 enim
1198 2323 1278 2352 habet
1297 2326 1460 2361 principium
1478 2327 1607 2361 temporis
1621 2326 1668 2353 Dei
1687 2329 1779 2356 consi-

1000 2369 1078 2402 lium,
1092 2370 1139 2397 sed
1157 2371 1190 2397 ab
1215 2372 1288 2398 omni
1309 2373 1460 2399 aeternitate
1474 2379 1617 2400 commune
1633 2378 1675 2400 est
1689 2374 1777 2401 tribus

999 2416 1279 2444 consubstantialibus
1314 2418 1448 2452 personis,
1481 2426 1541 2452 qua:
1564 2420 1776 2454 proprietatibus

999 2460 1224 2495 distinguuntur:
1247 2466 1302 2488 tum
1320 2463 1382 2496 quia
1397 2463 1463 2489 illud
1477 2471 1527 2490 suo
1543 2467 1663 2498 tempore
1678 2465 1774 2498 imple-

999 2506 1046 2538 vit,
1061 2507 1171 2541 agenda:
1185 2510 1248 2533 sunt
1262 2508 1370 2541 gratiae;
1387 2508 1548 2535 beatissima:
1558 2514 1646 2536 autem
1660 2510 1773 2544 Virgini,

999 2556 1055 2578 tum
1071 2553 1105 2578 ob
1121 2552 1227 2578 rittutis
1242 2553 1339 2583 ollicia,
1357 2559 1413 2579 tuttt
1432 2553 1467 2580 ob
1486 2553 1548 2582 inde
1571 2555 1771 2588 provenientcnt

1000 2598 1062 2624 vita)
1085 2598 1359 2631 comtncndatiOnent,
1384 2605 1492 2633 propter
1513 2607 1594 2633 quam
1619 2599 1665 2626 Dei
1688 2600 1773 2627 Mater

995 2649 1037 2669 est
1064 2642 1143 2668 facta.
1177 2642 1227 2669 Sed
1242 2644 1295 2677 jant
1326 2648 1432 2679 tempus
1453 2645 1570 2671 arbitror
1592 2646 1771 2673 contraheudt

995 2688 1170 2719 desiderium,
1199 2696 1231 2714 ne
1263 2689 1344 2715 simul
1366 2697 1427 2716 cum
1457 2691 1620 2718 immorandi
1643 2692 1771 2719 aviditate

997 2734 1170 2766 protrahatur
1198 2742 1251 2761 non
1277 2736 1406 2763 deﬁciens
1433 2737 1532 2764 oratio.
1556 2737 1683 2765 Evenirct
1697 2740 1770 2765 cnim

995 2778 1074 2807 nobis
1092 2780 1155 2807 dum
1170 2780 1329 2822 satisfacere
1342 2783 1378 2808 illi
1395 2790 1536 2816 conamur,
1548 2784 1620 2818 quod
1635 2789 1661 2812 ct
1671 2792 1770 2830 pueris

1538 2853 1556 2882 is
