1929 3087
157 113 205 143 107
737 108 932 138 MANUELIS
955 109 1025 139 PAL
1038 108 1176 138 ΕΘΗ)οῐ

1719 113 1774 148 ’108

156 169 288 202 quisnam
306 168 331 195 in
344 175 420 195 muro
434 169 556 195 umbram
571 168 694 195 nituntur
714 173 927 203 apprehendere.
952 168 971 194 Δ
997 168 1078 205 dixit,
1093 169 1115 196 si
1128 169 1253 196 conl'rrre
1266 169 1340 197 licet.
1358 170 1386 198 Si
1404 171 1511 204 quidem
1528 171 1563 199 illi
1581 179 1653 200 mors
1665 165 1770 207 prmsti-

191 215 364 248 Quapropter
384 214 526 247 suspensis
542 214 679 247 prioribus
694 215 777 240 animi
805 215 941 251 sensibus,

155 259 189 286 ad
210 265 317 295 portum
350 258 450 285 silentii
469 266 622 286 sermonem
646 263 769 287 nostrum
796 260 929 287 dedurere

152 305 207 338 jam
225 305 443 337 anniteniur,nec
457 304 601 331 audiemus
618 305 734 339 amplius
745 306 828 332 animi
842 311 929 332 motus

155 349 311 379 suadentes,
345 353 374 375 ut
398 350 580 376 eurmniorum
607 349 726 384 Virginis
746 351 857 378 satietas
882 359 929 379 nos

156 395 254 428 rapiat.
274 394 465 427 Depouendum
478 394 560 428 igitur
577 395 641 421 illud
660 396 837 427 desiderium,
859 397 930 430 quod

155 440 257 465 milium
274 439 370 466 aﬂerre
394 440 518 466 solatium
539 444 635 474 potest,
655 444 680 467 et
692 441 811 468 studium
822 442 930 469 assidue

155 491 243 518 auget.
274 485 445 512 Gaudeamus
474 485 587 516 aﬂatim.
603 495 620 513 ο
644 486 823 519 coetus,Deo,
850 488 930 515 addo.

154 531 235 556 etiam
263 531 326 557 mihi
349 531 521 562 eharissime,
550 537 576 558 et
597 533 768 566 gratulemur,
787 533 832 559 Dei
852 532 930 559 Matri

154 577 186 603 ad
203 575 298 603 Filium
316 585 377 602 cum
398 578 486 603 Iustitia
501 579 676 604 comtnranti.
690 578 797 612 Tragici
813 582 839 605 et
857 579 931 612 lugu-

137 622 209 658 .bris
230 622 295 648 nihil
313 622 481 655 admittatur,
499 630 548 649 nec
567 623 647 649 ullius
665 623 757 649 vultus
775 623 931 657 przesei'erat

154 667 272 693 tristitia:
281 667 436 702 vestigium,
446 668 491 694 sed
500 667 588 694 omnia
597 675 691 702 puram
701 669 853 701 exprimant
861 668 932 695 laeti-

154 710 233 740 tiam,
259 710 434 742 hilaritatem,
461 711 669 745 iucunditatem,
698 716 723 738 et
745 712 840 747 ingens
866 720 932 746 gau.

154 747 238 780 dium.
270 753 381 789 Oportet
399 756 470 781 enim
491 755 635 782 benevolos
653 755 770 783 famulos
787 764 848 782 eum
878 756 931 783 Do-

157 799 228 825 Inina
244 801 377 832 gnlltlt‘nlc
390 802 518 834 gaudere,
536 805 565 826 ut
585 801 665 827 etiam
683 801 763 828 simul
780 802 893 834 tristari,
909 802 931 829 si

156 846 321 872 tristaretnr.
339 846 438 878 Quidni
454 847 526 873 enim
549 846 609 879 jure
626 847 728 879 optimo
750 847 931 875 exsiliendum

155 890 201 921 sit,
227 894 253 916 et
277 891 479 923 exsultantium,
508 891 641 926 hilarique
660 893 747 925 vultu,
762 897 789 919 et
804 893 932 927 tripudiis
952 898 973 925 Β

155 935 308 961 canendum
333 935 442 962 abeunti
473 934 589 970 Virgini,
618 943 670 963 una
694 944 756 964 eum
781 937 884 972 angelis
906 942 932 964 et

156 980 330 1014 martyribus,
355 986 382 1009 et
404 981 592 1008 conl‘cssorum
625 982 738 1010 choris?
760 983 935 1017 Quandoqui-

155 1028 214 1054 dem
226 1027 295 1061 quod
310 1029 417 1055 emeris
427 1028 553 1055 omnibus
564 1028 732 1056 intolerabile
744 1028 807 1056 fecit
822 1033 930 1060 natura,

156 1074 206 1100 hoc
233 1073 459 1100 vehementissimi
489 1074 615 1101 materies
647 1074 738 1108 gaudii
763 1079 790 1102 et
809 1075 930 1102 oblecta-

155 1118 238 1144 menti
261 1125 343 1152 supra
368 1119 477 1144 modum
506 1118 546 1152 (ιιι
576 1119 743 1146 exordiendo
761 1118 930 1151 dicebamus)

156 1163 362 1197 gloriosissima!
389 1162 494 1198 Virgini
521 1164 645 1197 exstitit;
671 1165 806 1192 exstincta
825 1165 866 1200 (ut
895 1165 930 1191 ita

154 1209 254 1242 dicam)
288 1209 394 1236 ﬂamma
427 1210 549 1237 diuturni
586 1210 727 1244 desiderii,
761 1211 931 1246 migratiouis

155 1254 299 1288 (inquam)
320 1261 352 1280 ex
386 1255 436 1281 hac
462 1255 527 1281 vita.
558 1255 690 1289 Cupiebat
715 1255 786 1282 enim
818 1255 930 1283 dissolvi

154 1305 180 1327 et
194 1308 254 1327 esse
274 1307 335 1327 cum
352 1300 472 1333 Christo,
490 1301 576 1335 magis
589 1309 671 1335 quam
690 1301 800 1334 Paulus,
818 1301 931 1342 qui'boc

997 215 1040 245 tit,
1057 218 1086 240 ut
1099 215 1187 241 oculis
1208 215 1305 242 animm
1321 215 1507 243 desideratum
1525 218 1575 243 sibi
1599 219 1702 245 videret
1720 218 1772 245 im-

996 258 1159 287 mortalibus
1195 261 1375 287 immortalem
1409 261 1488 297 longe
1514 263 1622 296 quidem
1654 262 1772 295 felicius,

994 313 1074 339 quam
1089 305 1153 332 dum
1184 306 1255 332 ulnis
1280 310 1398 340 gestaret
1415 307 1503 339 illum,
1519 312 1545 334 et
1559 308 1628 335 laete
1645 309 1773 335 nutriret.

996 351 1052 377 Non
1064 355 1167 377 tantum
1181 351 1262 384 igitur
1277 352 1444 383 gratulemur
1461 352 1586 386 gaudenli
1597 352 1698 386 Virgini
1715 354 1773 380 ine—

995 396 1130 422 narrabile
1155 397 1292 429 gaudium,
1325 396 1371 423 sed
1400 396 1465 423 illud
1497 404 1603 431 quoque
1629 397 1770 425 addamus.

996 441 1023 466 ln
1042 441 1139 467 omium
1160 442 1217 474 ipsa
1233 445 1313 467 eunte
1326 441 1405 467 simul
1422 446 1447 468 el
1462 448 1511 468 nos
1524 442 1702 468 ascendamus
1716 443 1772 468 ala-

995 485 1078 511 criter
1093 489 1224 519 quotquot
1249 486 1363 512 ardente
1380 485 1439 519 ejus
1457 485 1595 512 desiderio
1615 486 1770 521 ﬂagrantius,

994 534 1019 555 et
1051 530 1106 556 licri
1131 529 1180 556 bne
1207 530 1314 564 poterit,
1341 530 1364 556 si
1383 535 1496 564 purgata
1519 534 1608 556 tuente
1625 535 1651 557 et
1668 531 1771 557 ratione

995 575 1027 601 ad
1043 575 1129 601 lucem
1158 575 1216 609 ejus
1232 575 1447 609 contemplativa:
1469 575 1565 601 anima:
1583 575 1619 606 vi,
1640 579 1771 610 quantum

995 618 1035 645 I‘as
1060 625 1112 652 est,
1135 627 1217 654 prope
1243 619 1415 646 accedamus.
1445 619 1520 652 Quod
1537 620 1559 647 si
1581 620 1668 647 taliter
1683 620 1771 647 aﬂ‘ecti

995 664 1108 696 erimus,
1133 664 1240 697 rejectis
1271 664 1458 696 tenebricosis,
1474 664 1533 697 puri
1553 671 1612 692 cum
1631 672 1696 699 pura
1711 673 1772 699 per-

995 713 1075 743 petuo
1087 709 1201 741 erimus,
1217 717 1317 744 perque
1334 710 1419 743 ipsam
1441 717 1502 736 eum
1518 711 1577 743 ejus
1595 709 1665 736 Filio
1675 718 1707 736 ac
1720 710 1771 736 Pa-

995 757 1036 781 tre
1061 757 1087 780 et
1102 754 1217 787 .Spiritu
1245 760 1351 786 sancto,
1373 754 1506 781 Trinitate
1530 754 1704 787 beatissima;
1732 755 1772 782 fas

995 799 1095 833 quippe
1112 807 1165 825 non
1192 803 1233 826 est
1251 799 1358 833 impuro
1374 803 1400 824 et
1418 806 1470 824 non
1490 803 1602 832 purgato
1617 807 1713 833 purum
1733 805 1772 826 at-

995 847 1112 878 tingere.
1132 844 1216 871 Porro
1231 845 1374 871 tenebrosa
1386 844 1542 878 rejiciemus
1554 849 1581 870 et
1595 845 1713 877 sordida,
1730 845 1770 872 lu-

996 891 1104 925 cidique
1127 891 1229 917 erimus
1255 894 1282 917 et
1309 890 1379 924 puri,
1398 890 1431 920 si,
1449 894 1476 916 ut
1496 890 1657 924 compendio
1671 891 1771 924 dicam,

996 935 1164 962 declinantes
1179 935 1212 962 ab
1229 936 1302 961 omni
1317 935 1386 961 malo
1405 935 1446 969 (ut
1465 936 1551 970 inquit
1568 936 1661 971 David)
1678 936 1771 963 feceri-

996 988 1057 1008 mus
1072 988 1152 1007 otune
1175 980 1285 1012 bonum,
1299 985 1328 1006 ut
1343 988 1390 1014 per
1404 981 1461 1007 haec
1484 981 1557 1007 velut
1582 982 1772 1011 instrumenta,

994 1031 1020 1054 et
1035 1027 1061 1053 in
1084 1026 1210 1060 praesenti
1234 1026 1287 1052 vita
1310 1025 1429 1053 favorem
1449 1026 1507 1060 ejus
1531 1031 1556 1052 et
1578 1027 1692 1060 gratiam
1717 1033 1770 1063 me:

993 1082 1119 1106 reamur,
1142 1079 1169 1101 et
1192 1074 1342 1101 emiestium
1380 1073 1477 1100 ﬁamus
1505 1073 1638 1100 bonorum
1662 1080 1766 1107 compo-

993 1123 1034 1147 tes
1057 1120 1186 1147 maternis
1202 1119 1327 1154 prccibus
1342 1118 1461 1154 Virginis
1484 1119 1679 1153 potentissimae
1699 1119 1770 1153 apud

993 1165 1102 1196 Filium,
1119 1172 1198 1199 quem
1214 1164 1292 1192 decet
1307 1165 1396 1191 omnis
1410 1164 1507 1199 gloria,
1527 1164 1614 1191 honor
1629 1167 1655 1190 et
1675 1164 1770 1190 adora-

995 1211 1033 1237 tio
1049 1218 1109 1237 cum
1126 1211 1245 1245 ingenito
1269 1210 1328 1243 ejus
1344 1210 1433 1241 Patre,
1454 1217 1485 1236 ac
1506 1210 1681 1237 sanctissimo
1700 1210 1770 1236 bono

993 1260 1020 1284 et
1048 1256 1156 1283 vivitieo
1179 1256 1282 1290 Spiritu
1310 1262 1382 1282 nunc
1408 1261 1432 1282 et
1451 1263 1558 1289 semper
1575 1259 1602 1282 et
1625 1256 1651 1282 in
1672 1255 1769 1283 szecula

992 1304 1163 1330 seculorum.
1181 1303 1277 1330 Amen.
1358 1324 1368 1336 ,

393 1492 885 1572 MANUELIS
945 1493 1064 1569 PA
1079 1493 1523 1572 L/EOLOGI

576 1635 777 1682 CANON
833 1637 1334 1681 DEPRECATORIUS

253 1740 303 1769 AD
327 1738 613 1770 SANCTISSIMMI
625 1737 807 1768 DOMINAM
829 1736 1026 1766 DEIPARAM
1047 1736 1122 1766 PRO
1141 1738 1421 1770 PRESENTIBUS
1450 1740 1665 1773 PERICULIS,

490 1901 548 1929 Oile
567 1902 587 1929 1.

1336 1905 1391 1932 Otle
1403 1906 1433 1934 ll.

185 1945 281 1972 Omnis
293 1946 359 1973 ordo
375 1951 456 1981 alque
470 1952 536 1976 ωιτη
548 1949 680 1981 ﬁdelium,
696 1951 729 1978 ad
746 1950 858 1979 Matrem
873 1952 931 1985 Dei,
953 1948 973 1976 ο
1026 1944 1159 1978 Quoniam
1172 1948 1266 1976 multis
1274 1950 1487 1986 calamitatibus,
1498 1959 1773 1993 utnunquamantea,

150 1991 273 2018 omnium
309 1994 502 2025 moderatoris,
520 2002 600 2022 voces
628 1996 773 2029 tollamus,
803 1999 932 2033 populum

150 2039 226 2063 tuum
239 2036 322 2064 libera
336 2046 350 2065 a
365 2039 577 2072 calamitatibus,
597 2046 704 2077 tuaeque
721 2043 826 2070 civitati
844 2046 932 2071 vieto~

149 2082 216 2110 riam
233 2083 366 2111 adversus
387 2085 479 2112 hostes
497 2087 625 2114 conorde.

186 2126 279 2160 Vides,
297 2128 391 2164 Virgo,
408 2129 566 2164 Cltaganum
584 2132 666 2158 alium
681 2132 786 2160 hostem
815 2134 933 2169 graviter

148 2178 316 2206 prementem
333 2175 519 2203 ba‘reditatem
540 2180 613 2203 tuam
631 2186 637 2204 :
655 2182 684 2204 ut
698 2186 774 2211 eum,
795 2181 841 2214 qui
861 2181 933 2207 hunc

148 2219 237 2252 ipsutn
259 2222 416 2254 progenuit,
441 2221 478 2248 ita
502 2222 585 2249 istum
605 2226 632 2249 et
650 2222 723 2250 illius
737 2226 854 2252 asseclas
870 2225 932 2252 fun-

147 2264 221 2292 ditus
235 2265 302 2292 Jele.

181 2310 267 2344 Quam
290 2312 381 2340 multis
398 2313 520 2342 molestis
543 2322 575 2342 ac
596 2315 674 2344 duris
695 2318 812 2352 populus
828 2322 901 2348 tuus,
916 2325 932 2344 ο

147 2357 260 2383 omnino
281 2357 467 2393 iuculpabilis,
483 2360 600 2389 amictus
616 2367 668 2394 est,
691 2367 718 2390 et
732 2365 785 2391 nisi
802 2365 933 2391 velociter

146 2400 202 2433 ipsa
219 2403 346 2436 precibus
367 2408 422 2432 tuis
452 2413 608 2439 succurras,
633 2409 824 2441 pessumibunt
840 2410 931 2436 omnia

144 2448 307 2480 gravissima
319 2449 439 2482 jactura.

181 2491 202 2519 0
222 2491 314 2528 Virgo,
330 2502 388 2529 qua:
403 2497 464 2524 coeli
482 2501 625 2534 terraeque,
646 2506 672 2527 et
689 2500 810 2527 oumium
828 2508 887 2534 quae
903 2501 930 2527 in

144 2537 186 2565 eis
197 2543 262 2565 sunt
275 2538 450 2570 Conditorem
464 2545 610 2580 omnisque
625 2546 718 2572 carnis
728 2545 930 2573 moderatorem

990 1997 1094 2023 omnes,
1112 1998 1127 2018 ο
1141 1997 1256 2026 augusta
1271 1994 1373 2027 Puella,
1389 1999 1540 2031 premimur
1558 1997 1672 2035 populus
1693 2009 1772 2037 titus;

991 2038 1019 2061 tu
1042 2043 1114 2063 nunc
1144 2038 1267 2066 studiose
1293 2046 1356 2068 ante
1373 2042 1455 2070 linem
1481 2048 1650 2079 prteveuiens
1666 2056 1680 2074 a
1696 2051 1773 2078 malis

991 2089 1042 2109 nos
1058 2090 1142 2116 eripe.

1026 2129 1089 2156 Sola
1108 2130 1153 2157 Dei
1173 2131 1361 2160 misericordia
1376 2142 1424 2168 per
1441 2139 1503 2163 tuas
1520 2137 1738 2173 intercessiones,
1756 2149 1772 2168 ο

989 2172 1080 2210 Virgo,
1094 2175 1232 2204 conﬁdere
1247 2178 1326 2204 nobis
1342 2178 1430 2208 datur.
1450 2181 1549 2207 etenim
1575 2184 1628 2208 vita
1652 2184 1677 2209 in
1692 2189 1771 2212 malis

989 2225 1123 2253 versatur,
1148 2227 1176 2247 ut
1202 2221 1296 2248 famuli
1314 2223 1405 2249 ﬁdeles
1427 2231 1488 2257 spes
1515 2230 1624 2253 nostras
1639 2235 1771 2262 assequa-

988 2273 1060 2298 mur,
1079 2275 1094 2292 ο
1111 2267 1186 2292 omni
1205 2267 1284 2293 laude
1305 2266 1477 2301 dignissima.

1022 2310 1072 2341 Tu,
1090 2320 1105 2336 υ
1121 2311 1278 2345 purissima,
1301 2310 1398 2339 Portus
1414 2313 1494 2340 nobis
1516 2322 1546 2342 es
1564 2321 1591 2342 et
1610 2316 1768 2353 Propugna-

986 2357 1089 2386 culum,
1109 2358 1135 2382 in
1152 2361 1178 2383 te
1194 2365 1254 2390 spes
1270 2361 1379 2386 nostras
1396 2360 1439 2393 pie
1454 2360 1653 2390 collocanlibus
1670 2371 1676 2388 ι
1696 2372 1769 2391 nunc

986 2403 1069 2435 igitur
1095 2402 1158 2428 talis
1202 2410 1312 2437 apparo,
1339 2404 1502 2438 gravissima
1526 2407 1637 2441 jactatis
1666 2415 1768 2444 tempe-

985 2452 1066 2474 State.

1021 2493 1136 2527 Prmses,
1165 2500 1193 2521 et
1217 2499 1325 2530 tegmen
1346 2496 1426 2529 forte,
1450 2503 1477 2525 et
1501 2500 1699 2528 munimentum
1723 2510 1768 2538 ap-

985 2546 1064 2573 pares
1093 2544 1134 2573 tu,
1157 2541 1282 2574 Deipara,
1299 2543 1428 2570 omnibus
1454 2543 1487 2569 ad
1509 2549 1534 2571 te
1561 2548 1767 2575 accurrentibns

146 2585 298 2612 secundum
317 2593 428 2614 carnem
441 2591 581 2624 peperisti,
598 2592 667 2626 apud
683 2592 770 2626 ipsum
789 2592 931 2626 pronobis
948 2597 967 2624 ι)
985 2586 1040 2613 είῑο
1057 2586 1123 2613 επεν
1143 2594 1233 2621 Opem-

148 2629 312 2659 lidueialiter
330 2632 481 2661 intereede.

182 2674 204 2702 Ο
222 2675 316 2713 Virgo,
332 2686 391 2712 qua:
407 2680 489 2707 Deum
501 2681 676 2709 inciTabiliIt-r
687 2684 826 2719 peperisti,
842 2683 932 2710 Advo-

145 2725 233 2748 catam
249 2731 330 2756 agens
345 2725 416 2760 apud
427 2734 489 2753 eum
506 2735 554 2762 pro
569 2729 614 2760 iis,
628 2738 742 2764 quorum
755 2731 855 2765 gratia,
873 2730 931 2765 ipse

146 2771 384 2798 commiseratione
399 2778 500 2805 motus,
520 2776 644 2802 mortalis
656 2775 742 2804 fartus
759 2781 812 2810 est,
837 2782 930 2805 votum

146 2817 310 2850 assequeris.
327 2817 388 2845 Ideo
406 2827 455 2846 nec
472 2822 586 2848 mort-ris

1316 2633 1373 2661 Ode
1387 2633 1432 2662 ill.

1019 2677 1121 2705 Natura
1135 2683 1228 2706 nostra
1240 2679 1365 2713 primawa
1380 2681 1609 2714 praevaricatione
1623 2684 1765 2712 vulnerata

984 2729 1037 2752 est.
1061 2724 1243 2752 Nihilominus
1260 2725 1330 2753 Deus
1343 2726 1399 2758 ille,
1415 2727 1460 2753 ctti
1487 2731 1526 2759 tu,
1553 2727 1654 2760 Puella,
1681 2729 1765 2757 Mater

985 2778 1024 2803 es,
1051 2771 1136 2797 multa
1159 2771 1373 2798 misericorditer
1392 2779 1489 2806 passus
1507 2778 1533 2799 et
1548 2774 1695 2801 cruciﬁxus
1710 2776 1764 2809 jam

985 2821 1064 2843 antea
1092 2817 1178 2851 ipsam
1197 2825 1212 2844 a
1231 2818 1408 2852 corruptione
1439 2823 1465 2845 et
1497 2817 1605 2846 inferno
1629 2819 1762 2849 liberavit.
