1929 3087
164 124 214 156 109

743 123 869 154 CANON
893 123 1219 152 t)El‘RElI.t'l‘l.)i’.iUS.

1744 121 1794 154 τιυ

165 186 257 211 Eidem
273 189 337 218 ergo
361 192 431 211 nunc
451 185 584 219 supplice,
601 189 629 213 ut
661 183 756 211 liberet
773 187 806 211 ab
823 186 945 214 hostibus
969 185 989 212 Α
1009 184 1147 211 ιιιιιιιυιίεε
1166 183 1248 210 Deum
1276 185 1516 216 commovet-intus,
1549 191 1664 220 quantas
1697 196 1792 222 pomus

164 235 190 256 te
206 229 318 257 ﬁdeliter
333 231 483 258 laudantes.

496 275 553 302 Ode
569 275 614 301 iV.

200 323 342 350 Sexcentis
359 322 499 349 erroribus
516 322 609 348 lassati
634 322 660 349 in
675 323 760 349 altum
779 329 861 357 caput
878 323 944 350 sub-

164 370 253 396 levare
263 368 373 395 omnino
383 375 436 395 non
449 374 606 402 possumus.
619 367 659 394 Tu
672 375 746 402 ergo,
758 376 774 394 ο
786 369 943 402 purissima,

165 417 218 442 Deo
230 417 365 442 ferventer
383 414 505 449 supplica
521 421 570 448 pro
590 413 679 441 nobis.
818 419 833 433 ι

198 462 291 488 Coetus
311 464 338 487 te
361 460 543 493 laudantium,
557 467 573 486 ο
591 460 782 492 mundissima,
804 461 837 487 ad
867 465 943 487 tuum

162 506 293 541 templum
312 505 428 533 ﬁdeliter
443 509 630 536 accurrentcs,
647 509 729 540 alque
758 506 942 541 ingruentium

163 554 347 579 calamitatum
383 551 620 586 propulsationem
660 557 850 586 exposcentes,
882 560 943 586 spes

163 604 228 625 Suas
244 601 436 630 assequamur.

200 643 370 678 impossibile
383 650 435 676 est,
450 651 466 671 ο
489 639 675 675 immaculata,
694 643 850 677 prtesidium
866 648 941 670 tnttm

163 689 332 719 invocantes,
346 689 423 715 irrito
444 694 507 716 voto
523 689 669 716 frustrantes
679 689 788 716 reverti.
801 688 940 721 Quamob-

165 743 222 762 rem
240 740 302 763 ante
314 739 341 763 te
358 736 544 771 procidentes,
565 736 592 761 te
608 734 700 761 ﬁdeles
715 740 853 768 rogamus,
872 738 898 758 ut
916 733 949 758 ab

162 781 288 808 hostibus
304 782 408 809 nostris
423 781 600 808 redimamur.

199 825 327 853 Plurimis
354 826 449 861 gratiis
477 825 533 852 tuis
558 828 638 851 antea
668 823 759 858 potiti,
781 830 798 850 o
824 821 949 856 Deipara.
970 823 990 850 Β

163 872 219 898 Ave
233 871 281 899 tibi
293 873 480 900 acclamamus
514 876 595 906 teque
609 870 800 900 obsecramus,
816 875 832 894 ο
847 867 951 902 glorio-

163 917 286 950 sissima,
303 922 333 945 ut
357 917 493 944 adversus
511 917 604 944 hostes
627 921 653 943 te
672 915 880 945 inhonorantes,
897 913 952 939 tuis

163 963 307 991 victoriam
325 963 461 999 largiaris.
965 978 976 990 ι

507 1018 565 1046 Ode
581 1017 612 1044 V.

203 1065 323 1100 Spiritus
339 1064 450 1099 quidem
463 1063 541 1090 carni
558 1063 648 1094 male.
664 1069 730 1090 caro
743 1066 833 1089 autem
849 1061 954 1095 passio-

167 1111 262 1142 nibus,
277 1110 329 1137 heu
341 1109 420 1140 mihi.
433 1110 550 1143 turpiter
560 1108 684 1142 subjecta
695 1112 747 1139 est,
759 1115 775 1133 ο
785 1115 831 1141 put
839 1107 932 1133 issima
945 1114 952 1131 :

168 1155 347 1189 quamobrem
363 1162 414 1181 nos
430 1154 457 1181 in
477 1154 610 1181 malorum
628 1154 777 1180 tuttllorum
795 1151 957 1180 discrimine
975 1159 979 1165 ι

168 1201 337 1227 constitutos
374 1200 472 1233 libera,
497 1199 544 1226 Dei
577 1198 674 1231 Mater,
711 1196 958 1226 intercessionibus

169 1246 235 1273 tuis.

204 1293 312 1326 Corpus
327 1292 447 1324 peccatis
473 1292 582 1327 plenunt
612 1296 665 1323 est,
688 1293 776 1319 anima
798 1299 861 1320 vero
878 1292 958 1319 malis

170 1337 270 1373 gaudet
290 1346 298 1364 ε
319 1345 421 1369 sermo.
448 1345 506 1368 cor,
525 1345 603 1365 ntens
620 1338 652 1364 ad
678 1338 770 1372 pejora
791 1337 914 1369 inclinat.
931 1342 958 1364 et

172 1389 245 1407 nttnc
261 1381 288 1407 itt
313 1381 396 1407 rebus
422 1381 592 1408 calamitosis
623 1388 775 1412 versamur,
792 1385 820 1407 ιιι
841 1389 916 1413 vero,
940 1388 956 1407 o

173 1427 266 1462 Virgo,
279 1427 314 1454 ab
333 1427 375 1454 his
388 1427 475 1454 libera
490 1435 584 1454 servos
601 1431 673 1454 tuos.

1009 232 1073 256 dare
1096 230 1215 264 oportet!
1236 229 1288 256 Sed
1305 230 1405 257 liberos
1421 235 1448 256 tu
1466 239 1526 258 nos.

1046 273 1099 301 Nec
1119 275 1260 309 propheta,
1277 283 1327 301 nec
1355 277 1492 310 ptinet-ps.
1509 285 1559 304 nec
1581 279 1633 305 diu
1662 280 1790 307 auxiliari

1011 321 1087 346 nobis
1103 320 1182 347 hodie
1199 325 1298 354 potest,
1316 329 1364 347 nec
1383 322 1454 349 ullus
1468 327 1520 353 cst,
1540 324 1585 358 qui
1605 324 1731 352 cohibeat
1748 333 1790 352 res

1010 367 1150 397 adv-ursas,
1163 374 1259 393 omnes
1279 367 1352 393 enitn
1370 367 1423 394 Deo
1447 373 1509 394 sunt
1528 369 1638 396 obnoxii
1656 370 1789 398 criminis.

1009 413 1030 438 0
1044 419 1124 446 quam
1140 420 1237 447 graves
1255 420 1348 446 pugnas
1365 419 1522 447 exspectare
1539 422 1645 449 acquum
1663 420 1716 448 est,
1739 417 1789 443 nisi

1009 463 1048 488 tu,
1069 465 1084 483 ο
1101 458 1256 491 purissima,
1278 458 1417 492 pratripias
1432 459 1438 485 ε

1045 501 1156 536 Mysticc
1170 509 1218 528 ttos
1232 502 1363 536 baptisma
1389 510 1404 529 e
1431 504 1518 531 servis
1533 505 1611 532 malis
1626 504 1672 532 [ιυί
1689 513 1789 540 ρυυι-ος

1008 547 1108 579 clIeeit,
1126 551 1265 580 peccatum
1282 552 1373 574 tamen
1393 548 1519 575 ﬁduciam
1537 557 1586 577 nos
1603 550 1705 577 habere
1733 558 1787 578 nott

1009 593 1086 619 sinit.
1105 593 1262 628 Propterea,
1280 601 1294 618 ο
1309 594 1496 627 sanctissima,
1514 596 1699 623 calamitatum
1717 599 1788 623 mul-

1010 638 1125 665 titudine
1140 639 1325 666 circumdatos
1342 639 1589 668 intercessionibus
1604 642 1657 668 tuis
1677 642 1770 669 libera.

1045 683 1221 718 Nequaquam
1236 689 1368 719 prmeepta
1381 685 1436 717 Dei,
1448 686 1569 714 omttium
1580 686 1723 722 Principis,
1732 695 1789 715 ser—

1008 729 1144 760 vavimus,
1159 736 1175 756 o
1189 729 1336 763 purissima
1351 738 1358 761 ς
1377 731 1498 766 undique
1524 732 1606 766 igitur
1623 737 1720 759 contra
1738 739 1789 759 nes

1010 774 1062 801 hoc
1082 774 1277 802 adversitatum
1309 775 1444 802 ﬂammam
1465 777 1650 804 vehementem
1678 778 1788 804 excitat.

1012 826 1065 855 Sed
1085 826 1139 854 tuis
1166 825 1200 853 ad
1221 824 1320 852 Filium
1336 827 1412 850 tuum
1440 823 1566 858 precibus
1593 820 1667 848 illam
1689 818 1793 846 exstin-

1011 880 1088 909 guas.

1333 926 1389 953 Odc
1410 924 1478 951 Vill.

1046 986 1215 1013 Satvatorcm
1245 983 1337 1011 mundi
1354 982 1494 1017 peperisti,
1510 989 1526 1008 ο
1541 980 1668 1011 Domina,
1692 978 1793 1006 bunutu

1011 1040 1057 1063 ac.
1074 1031 1225 1059 beneﬁcum
1251 1035 1277 1056 le
1304 1028 1531 1064 gloriﬁcautibus.
1554 1026 1631 1053 Hunc
1650 1032 1715 1059 ergo
1737 1020 1793 1057 jatn

1012 1086 1093 1104 manu
1105 1084 1198 1108 exora,
1216 1080 1244 1102 ut
1260 1074 1294 1100 ab
1306 1074 1432 1100 hostibus
1444 1073 1540 1099 liberet
1551 1071 1699 1103 tuos,dutn
1716 1069 1793 1095 multi

1010 1128 1119 1152 exstant
1135 1123 1238 1150 ﬁdeles.

1048 1170 1133 1197 Filius
1159 1173 1234 1200 tuus,
1251 1175 1267 1194 ο
1291 1166 1385 1200 Virgo,
1404 1162 1527 1190 liberavit
1554 1167 1610 1188 tres
1636 1167 1735 1195 pueros
1762 1159 1795 1186 ab

1013 1216 1074 1251 igne
1089 1213 1278 1244 voracissima,
1291 1211 1381 1238 omnia
1394 1209 1495 1244 quippe
1506 1211 1604 1241 potest.
1619 1205 1707 1240 Hujus
1723 1204 1796 1240 ejus-

1011 1261 1072 1287 dem
1087 1267 1169 1286 manu
1183 1258 1269 1285 libera
1284 1263 1333 1283 nos
1346 1262 1453 1286 omnes,
1468 1261 1484 1279 ο
1494 1253 1600 1288 Sponsa
1609 1251 1668 1284 Dei,
1681 1258 1695 1277 a
1706 1251 1795 1285 gentis

1013 1305 1221 1333 immanissimas
1242 1304 1345 1329 furore.

1048 1352 1119 1378 Deus
1142 1358 1189 1385 per
1213 1350 1357 1384 plurimam
1390 1344 1607 1373 misericordiam
1635 1343 1795 1370 incarnatus

1012 1402 1053 1425 est
1069 1405 1101 1424 ex
1117 1401 1154 1427 te.
1167 1403 1184 1423 o
1209 1394 1300 1421 Puella
1314 1393 1457 1420 universos
1471 1391 1577 1418 salvare
1597 1389 1702 1415 volens.
1717 1387 1795 1414 Hunc

1012 1451 1089 1474 vero,
1107 1441 1290 1477 opurissitna,
1307 1439 1446 1466 erroribus
1462 1436 1564 1464 nostris
1573 1435 1719 1470 propitium
1733 1433 1794 1460 rcd-

207 1472 358 1522 Praeveniat
382 1481 443 1505 nos,
459 1480 478 1522 Et
494 1473 564 1500 bona
584 1473 711 1522 Domina.
742 1477 871 1501 consueta
896 1473 955 1500 Filii
973 1479 993 1506 ο
1012 1472 1182 1522 dere‘pos'se'
1200 1485 1393 1513 conﬁdentiam
1413 1483 1496 1510 habes
1510 1491 1516 1508 ς
1531 1482 1652 1509 accelera
1665 1480 1762 1515 igitur,
1780 1488 1795 1504 ο

172 1519 213 1546 tui
243 1519 422 1554 omniumque
458 1518 642 1546 Dominatoris
669 1519 867 1551 misericordia,
900 1527 961 1553 qum.

174 1565 289 1592 molesta
317 1565 408 1591 omnia
437 1564 516 1591 nobis
536 1564 668 1591 instantia
688 1564 817 1598 depdlzll,
833 1571 860 1590 et
875 1564 978 1595 libera.

176 1617 224 1637 nos
245 1611 278 1637 ab
300 1610 454 1642 erroribus,
473 1609 720 1636 intercessionibus
737 1609 803 1637 tuis.

212 1655 264 1682 Res
279 1662 376 1689 graves
393 1653 567 1680 multifariam
584 1661 657 1681 nttnc
684 1653 764 1680 nobis
793 1652 961 1687 impendent.

179 1701 231 1727 llas
246 1705 272 1727 tu
291 1701 355 1731 cito,
369 1708 385 1726 o
405 1699 509 1731 Puella,
527 1700 631 1734 dissipa
646 1700 672 1725 iu
692 1707 794 1726 morem
811 1698 889 1730 fumi,
902 1705 964 1725 vcn-

178 1748 196 1772 ti
231 1746 400 1774 \eltentcntis
442 1746 575 1780 impetum
613 1746 689 1772 nullo
717 1745 798 1771 modo
827 1745 966 1771 sustinere

179 1793 305 1820 valentis.

513 1837 570 1865 Odc
591 1837 636 1865 Vi.

216 1896 283 1923 Vita:
301 1895 459 1926 commotio.
474 1903 490 1922 ο
505 1895 599 1930 Virgo,
617 1895 735 1922 animam
747 1895 852 1928 turbat,
868 1895 966 1922 turba-

181 1948 268 1970 tones
283 1948 480 1976 usquequaque
509 1941 633 1968 inierunt
660 1940 778 1967 diﬁicilia
807 1941 885 1968 nobis
914 1941 965 1967 huc

181 1992 312 2021 tempore,
331 1987 387 2014 haec
401 1986 566 2022 quantocius
583 1986 712 2021 precibus
738 1987 792 2013 tuis
825 1986 964 2020 propulsa.

180 2033 202 2060 Β
222 2041 281 2059 runt
297 2033 471 2059 nolesturutn
490 2031 590 2058 ﬂuctus
618 2032 708 2058 navim
723 2031 797 2057 illam
810 2032 967 2066 demergere

180 2079 330 2109 minantur,
355 2080 434 2112 cujus
459 2082 498 2108 tu,
515 2076 561 2103 Dei
580 2076 676 2107 Mater.
695 2083 775 2102 mantt
795 2081 839 2102 tua
865 2077 967 2110 guber-

179 2124 277 2151 nacula
298 2124 461 2155 model-aris,
477 2123 527 2150 hos
543 2122 626 2157 igitur
643 2125 744 2154 sterne,
759 2125 786 2148 et
811 2123 965 2156 tranquilli-
980 2140 1000 2166 Π

181 2175 264 2196 tatem
277 2170 403 2204 precibus
418 2169 473 2196 tuis
491 2168 626 2195 concede.

216 2214 308 2241 Multis
341 2215 470 2250 lztcrymis
499 2221 568 2249 opus
593 2212 783 2248 est,oVirgo,
811 2212 890 2240 nobis
920 2213 965 2247 qui

181 2260 284 2288 Christi
303 2265 436 2294 praecepta
456 2259 593 2294 aspernati
620 2267 728 2290 sumus.
756 2263 867 2293 propter
894 2259 966 2292 quod

182 2314 244 2332 cum
272 2305 354 2332 rebus
382 2305 504 2331 sinistris
527 2305 672 2337 luctantur,
689 2305 723 2332 ab
741 2304 782 2334 his
799 2304 850 2331 nos
867 2304 971 2331 redime

183 2352 216 2378 ad
233 2353 363 2386 optimam
383 2350 443 2377 vita:
462 2351 597 2378 rationem
612 2351 772 2378 traducens.

219 2397 248 2424 Si
265 2401 338 2428 tuos,
357 2404 374 2423 o
391 2396 580 2428 sanctissima,
604 2404 679 2424 nunc
692 2397 727 2423 ab
747 2396 874 2424 hostibus
904 2395 972 2423 libe-

185 2444 300 2473 rzm-ris,
325 2442 392 2468 nihil
419 2441 472 2469 erit
504 2441 590 2474 novi;
612 2442 699 2476 magis
726 2446 816 2469 autem
846 2442 900 2469 erit
925 2446 971 2468 ttta

187 2494 263 2516 vetus
275 2487 458 2520 consuetudo,
472 2496 488 2513 o
504 2493 594 2515 vertex
615 2488 761 2520 bonitatis;
776 2488 809 2514 ab
821 2487 863 2514 ltis
879 2488 971 2522 itaque

188 2541 216 2562 at
229 2535 379 2562 liberemur
389 2534 516 2562 celeriter
529 2534 641 2569 largire.

514 2590 572 2618 Ode
588 2590 642 2617 VII.

224 2647 314 2676 Unum
329 2647 466 2682 quoddam
479 2650 646 2682 praeceptum
662 2650 853 2682 transgressus
868 2651 922 2677 est,
935 2654 974 2673 vae

189 2694 282 2726 nobis,
302 2701 319 2721 ο
334 2693 458 2726 Domina,
476 2693 582 2730 primus
608 2697 684 2727 pater
697 2692 794 2724 Adam,
809 2696 836 2718 et
850 2691 912 2718 facti
930 2692 972 2719 sui

190 2746 297 2774 poenam
332 2739 425 2768 statim
452 2739 527 2766 dedit
557 2738 623 2766 Deo.
653 2737 720 2765 Cum
753 2745 818 2765 vero
849 2737 882 2764 ad
906 2737 972 2764 iram

1013 1535 1059 1562 Dei
1072 1535 1167 1561 Mater.

1050 1579 1096 1607 ille
1114 1586 1193 1613 quem
1220 1577 1348 1612 genuisti,
1376 1575 1463 1608 magis
1484 1574 1582 1608 gaudet
1605 1572 1708 1599 donare
1734 1578 1795 1606 grn-

1013 1626 1078 1652 tiam
1096 1630 1177 1658 quam
1203 1623 1233 1652 ii.
1260 1620 1361 1656 quibus
1392 1620 1449 1653 ipsa
1470 1619 1560 1650 datur,
1574 1618 1710 1652 gaudeant
1725 1617 1796 1642 acri-

1014 1678 1088 1705 pere.
1108 1667 1226 1695 Proinde
1240 1672 1267 1693 tu
1296 1666 1366 1700 apud
1386 1665 1462 1690 illttm
1482 1670 1530 1698 pro
1556 1663 1636 1689 nobis
1663 1661 1796 1696 legatione:

1014 1718 1129 1751 fungens
1157 1715 1283 1740 universa
1312 1710 1453 1745 expedias.
1482 1708 1565 1742 Perge
1582 1707 1684 1740 itaque,
1700 1713 1716 1731 ο
1733 1705 1795 1731 Dei-

1014 1771 1088 1798 para.

1346 1813 1402 1840 Ode
1419 1812 1463 1838 lx.

1002 1864 1006 1868 ’
1051 1875 1145 1906 Deum,
1157 1880 1174 1899 ο
1189 1871 1283 1906 Virgo,
1298 1870 1450 1897 secundum
1478 1874 1586 1894 carnem
1605 1864 1734 1900 genuisti,
1749 1864 1795 1897 qui

1015 1923 1096 1948 etiam
1119 1926 1167 1953 pro
1183 1914 1429 1944 noltisvolunlaric
1444 1920 1540 1948 passus
1558 1915 1610 1938 est.
1624 1910 1692 1936 Cum
1713 1910 1798 1936 susti-

1016 1968 1122 1994 nuisset
1151 1968 1240 1991 atttem
1257 1965 1381 1992 mortem,
1406 1960 1503 1987 mortis
1518 1957 1635 1985 vinculis
1649 1964 1696 1984 cos
1707 1957 1798 1983 absol-

1017 2019 1053 2039 vrt
1067 2013 1111 2046 qui
1125 2014 1202 2037 erant
1218 2009 1246 2035 in
1263 2007 1381 2034 inferno.
1402 2005 1471 2031 Iluie
1492 2005 1574 2039 igitur
1591 2003 1716 2037 supplica
1735 2005 1763 2028 ut
1779 2002 1796 2027 ii

1017 2059 1061 2093 qui
1077 2062 1103 2084 te
1118 2055 1240 2086 laudant,
1256 2060 1269 2078 a
1288 2052 1369 2079 rebus
1382 2051 1503 2077 sinistris
1519 2049 1628 2075 valeant
1653 2048 1766 2074 exsolvi.

1052 2101 1196 2128 Hominum
1217 2104 1303 2132 genus
1328 2096 1383 2122 Deo
1412 2095 1544 2129 peccavit,
1561 2097 1587 2119 et
1612 2098 1699 2126 usquo
1724 2099 1797 2117 nunc

1018 2146 1179 2181 procedunt,
1201 2150 1216 2169 ο
1232 2140 1484 2171 intcmeratissitna,
1502 2138 1549 2164 sed
1565 2145 1618 2163 non
1629 2141 1694 2163 sunt
1710 2137 1798 2162 homi-

1019 2197 1083 2217 num
1096 2195 1204 2217 errores
1225 2184 1392 2220 huiusmodi,
1408 2191 1477 2217 quos
1495 2181 1541 2208 Dei
1567 2181 1690 2216 sanguis
1702 2188 1797 2206 eorum

1018 2234 1217 2271 gratiacll'usus
1227 2231 1359 2259 mundare
1367 2237 1421 2257 non
1435 2233 1537 2264 posset.
1549 2228 1612 2254 idco
1625 2234 1697 2253 nunc
1708 2226 1796 2260 ipsum

1019 2290 1067 2317 pro
1083 2281 1171 2312 nobis,
1184 2287 1200 2306 ο
1213 2278 1338 2309 Domina,
1357 2283 1449 2304 exora.

1053 2327 1144 2354 llustis
1163 2325 1270 2359 tyranni
1301 2322 1403 2356 antiqui
1430 2320 1574 2355 potentiam
1602 2319 1753 2353 disperdas,
1780 2326 1796 2343 o

1019 2375 1177 2410 purissima,
1192 2371 1266 2398 velut
1284 2370 1392 2397 tnolletn
1405 2373 1431 2394 et
1445 2373 1570 2393 enervem
1589 2364 1792 2392 intercessione

1020 2409 1068 2447 ltus
1086 2419 1153 2449 tuis,
1170 2421 1251 2450 atque
1274 2414 1348 2440 illius
1365 2413 1465 2438 fastum
1493 2410 1519 2436 itt
1544 2409 1628 2435 altum
1660 2409 1795 2436 sublatum

1018 2464 1140 2500 dejieias,
1158 2469 1173 2488 ο
1198 2459 1288 2494 Virgo,
1310 2462 1427 2490 tuosque
1450 2462 1542 2482 servos
1556 2462 1617 2481 cum
1636 2454 1717 2481 rebus
1735 2461 1796 2488 gra-

1020 2497 1257 2535 vibnsiunutneris
1274 2503 1408 2528 luctantes
1423 2499 1553 2526 velociter
1573 2497 1671 2525 invise.

1054 2553 1106 2580 Eos
1119 2551 1164 2586 qui
1181 2557 1230 2576 nos
1249 2549 1299 2574 hoc
1324 2550 1445 2579 tempore
1470 2547 1582 2576 terrent,
1600 2551 1616 2569 ο
1637 2542 1794 2578 purissima.

1019 2606 1046 2627 tu
1061 2598 1181 2633 trepidos
1196 2604 1227 2621 ac
1248 2593 1357 2621 timidos
1374 2592 1401 2618 in
1420 2591 1511 2626 fugam
1534 2590 1639 2624 conjice
1654 2593 1682 2616 et
1697 2588 1794 2615 horum

1020 2650 1177 2680 prosperum
1194 2647 1303 2667 cursum
1321 2638 1379 2672 ipsa
1406 2644 1509 2665 reseca.
1531 2635 1568 2662 Da
1588 2640 1678 2662 autem
1695 2636 1794 2670 populu

1019 2695 1078 2722 tuo,
1102 2694 1131 2716 ut
1146 2692 1266 2715 statuere
1291 2685 1378 2720 possit
1406 2691 1438 2710 ex
1466 2683 1532 2716 ipsis
1557 2687 1666 2716 tropa-tt,
1687 2686 1714 2708 ut
1729 2681 1794 2708 olim

1024 2733 1177 2769 majoribus
1208 2732 1308 2760 nostris
1322 2736 1443 2759 statuere
1455 2731 1565 2758 dedisti.

911 2828 1094 2839 -——.——o—
