1929 3087
91 110 96 116 “
119 113 163 144 131
674 109 872 140 MANUELlS
892 106 1120 138 Parentium

1691 99 1742 131 1J2

150 169 175 193 2.
195 167 327 200 Quamvis
353 165 425 194 enim
447 165 568 193 umbrosi
587 170 695 192 montes
718 169 746 191 et
768 172 898 192 sonorum

989 163 1023 197 β’.
1039 163 1070 189 Εἰ
1083 163 1137 196 γὰρ
1160 161 1192 197 δὴ
1207 162 1254 188 καὶ
1269 160 1353 195 οὔρεά
1370 167 1400 186 τε
1417 159 1553 190 σκιόεντα,
1570 158 1695 186 θάλασσά
1711 167 1741 184 τε

115 221 191 240 mare
206 220 321 247 corpora
338 217 433 239 nostra
445 212 525 246 longo
540 215 667 244 separent
686 210 842 242 intervallo,
857 215 897 236 ta-

114 267 176 286 men
193 258 219 285 in
244 265 310 286 vero
328 257 508 284 fraternitatis
527 257 625 284 alTectu
644 256 753 283 ellicere
774 255 827 282 hoc
845 263 898 282 non

117 308 231 339 possunt
247 304 288 331 :is
303 303 377 330 enim
393 303 449 330 ullo
466 303 580 330 omnino
596 302 678 329 modo
693 302 822 330 claustris
835 309 900 329 con—

117 351 198 378 tineri
215 352 317 385 nequit.
337 350 415 378 Unde
430 349 579 384 splendidae
591 349 663 376 illius
677 356 773 381 cmnae,
785 356 836 382 qua
850 355 901 374 nos

121 397 252 424 convivas
278 397 385 432 excepit
410 405 505 429 senex,
526 396 686 432 participem
706 400 732 423 le
751 395 808 422 ﬁeri
828 394 899 422 velo.

123 441 189 468 Nam
200 443 267 470 forte
278 442 326 469 tibi
342 435 475 469 videbitur
488 442 532 469 illa
546 441 698 474 delicatior,
709 448 790 475 quam
802 440 902 475 saepius

122 487 200 514 nobis
215 489 356 522 apparavit
370 488 498 522 Satrapes
517 487 562 514 ille
575 487 755 521 gravissimus
770 491 795 513 et
812 486 902 520 pcrdi—

121 534 254 567 tissimus,
281 534 328 568 qui
348 534 468 569 prodigia
495 533 620 566 qumdam
639 537 669 559 ut
685 533 711 560 in
731 532 902 560 somniorum

121 581 266 615 ﬁgmentis,
280 586 385 615 raptum
402 580 528 607 videlicet
542 579 593 606 sibi
603 584 810 613 congruentem,
826 585 905 612 para-

121 627 266 661 disumque
292 627 405 654 canibus
423 626 576 661 puellisque
595 625 723 657 inﬁnitis,
744 632 805 660 qnze
823 625 905 652 arbo-

121 681 180 700 rum
198 674 279 701 ramis
297 673 457 705 insiderent.
477 673 592 707 aliisque
619 672 809 705 compluribus
826 671 905 705 nugis

121 719 250 746 refertum
274 719 413 746 narrabat.
429 718 538 745 Duabus
560 725 624 744 vero
639 718 671 744 dc
686 717 777 744 causis
795 724 906 743 necesse

121 770 173 798 est,
185 769 215 792 ut
232 772 293 800 quae
309 764 358 792 abs
382 772 425 792 me
441 770 504 792 sunt
521 764 594 791 dicta
628 763 676 790 tibi
704 763 831 790 referam.
848 761 907 788 Pri-

123 818 208 842 mum.
220 810 282 845 quia
297 817 386 844 neque
395 814 608 836 consentaneum
623 815 712 843 neque
729 807 769 835 fas
780 813 834 840 est.
846 807 901 837 dia

123 858 213 891 legum
246 856 365 890 aliquem
382 855 451 887 ﬁeri,
472 855 524 883 nisi
547 855 668 883 omnium
692 854 905 890 colloquentium
925 854 943 880 ll

123 909 264 930 sermones
278 901 430 930 contineat.
446 901 559 932 Deinde,
584 901 611 928 in
633 901 701 936 ipsis
713 901 838 928 nonnihil
855 900 909 928 lor-

125 954 197 975 lassc
211 948 359 982 reperietur
374 947 408 975 iis
423 948 498 980 utile,
520 947 567 982 qui
582 947 616 975 de
627 955 676 982 spe
689 947 716 974 in
733 947 814 974 nobis
832 955 909 982 repo-

124 995 175 1021 sita
194 993 229 1021 de
253 994 400 1029 improviso
421 995 585 1028 respondere
607 993 711 1025 volunt,
729 993 839 1028 quando
863 993 910 1020 Dei

124 1048 219 1067 usores
238 1039 275 1067 illi
291 1040 418 1075 nngando
432 1039 534 1074 aliquid
559 1039 624 1067 huic
640 1039 787 1074 objiciunt.
804 1039 872 1066 Nam
884 1043 911 1066 et

125 1087 170 1113 ille
191 1094 297 1112 omnem
317 1086 471 1118 pharetram
488 1085 650 1117 exinanivit,
666 1085 810 1112 barbarica
827 1092 909 1112 manu

126 1139 250 1167 magnam
276 1132 435 1167 sagittarum
461 1131 514 1158 vim
532 1131 660 1158 ernittens
677 1139 684 1157 :
703 1138 772 1166 quas
800 1131 910 1166 quidem

127 1180 199 1208 Deus
217 1180 289 1208 leves
305 1188 337 1207 ac
353 1180 463 1207 hebetes
476 1180 557 1215 plane
572 1179 665 1207 clIecit
679 1188 685 1206 :
703 1184 730 1207 at
741 1179 911 1207 contrarium

127 1227 165 1254 illi
182 1227 292 1256 accidit.
307 1234 369 1253 nam
386 1226 512 1254 conﬁxus
529 1231 570 1254 est
588 1225 749 1261 sagittarius
764 1226 813 1254 iste
824 1226 913 1261 spicu-

127 1273 160 1300 lis
171 1273 291 1300 noslris:
309 1273 364 1299 imo
374 1277 401 1300 et
413 1272 483 1304 suis,
498 1271 570 1307 quod
581 1271 691 1306 quidem
711 1271 840 1299 acerbius
853 1279 913 1299 om-

128 1320 192 1346 nino
215 1319 339 1346 videtur:
354 1326 513 1353 quanquam
538 1317 685 1345 Sacr-arum
709 1316 913 1352 Scripturarum

130 1365 400 1399 interpretationibus
427 1364 646 1399 testimoniisque
669 1371 757 1398 neque
783 1368 913 1398 quantum

130 1412 227 1438 licebat
256 1419 342 1445 neque
366 1415 499 1446 quantum
523 1410 666 1444 oportebat
686 1417 782 1437 sumus
799 1411 914 1442 usi,sed

128 1463 260 1492 quantum
272 1462 298 1484 et
310 1457 419 1492 quando
435 1457 540 1484 velehal
555 1457 610 1484 ille.
626 1457 732 1492 Quippe
750 1465 840 1491 opera:
856 1464 916 1491 pre-

129 1505 197 1531 tium
211 1503 319 1539 quidem
335 1511 395 1531 esse
410 1503 527 1531 debebat
540 1504 591 1530 hoc
601 1503 691 1530 facere
703 1511 711 1530 :
724 1503 770 1530 scd
783 1503 914 1537 praeclaro

130 1550 182 1576 isto
202 1549 357 1583 invictoque
379 1548 480 1576 auxilio
506 1548 602 1575 lubens
618 1548 742 1582 privatus
765 1556 836 1580 sum.
851 1555 913 1575 cum

131 1596 194 1623 illud
211 1595 328 1630 primum
345 1590 436 1622 animo
450 1599 616 1629 reputarem,
631 1602 802 1629 quacunque
813 1594 916 1622 theolo-

130 1649 265 1678 gnmenon
277 1642 406 1669 librorum
417 1641 527 1668 oracula
536 1648 656 1668 errorem
667 1640 823 1673 Mahometi,
834 1649 917 1675 quan-

131 1695 174 1716 tus
183 1693 235 1722 est,
248 1688 315 1715 nihil
326 1688 378 1715 nisi
391 1695 495 1714 merum
512 1695 633 1714 errorem
647 1695 708 1714 esse
723 1692 849 1722 arguant,
859 1687 917 1714 haec

131 1734 164 1760 ab
175 1733 220 1765 iis.
236 1733 283 1768 qui
295 1737 391 1760 contra
411 1732 493 1759 istum
510 1731 690 1766 scripserunt,
703 1732 792 1766 etiam
807 1732 918 1759 inventa

131 1787 203 1810 esse.
222 1784 249 1806 et
263 1775 454 1813 disposita,‘et
467 1777 652 1804 ornatissimis
665 1776 757 1804 verbis
776 1784 917 1811 expressa.

132 1826 244 1858 Deinde.
260 1825 386 1861 quamvis
403 1825 474 1852 inter
486 1832 582 1852 omnes
598 1825 687 1852 etatis
700 1824 920 1860 gentisque-suae

133 1873 258 1900 homines
273 1880 388 1907 magnus
399 1876 471 1900 esset
482 1878 508 1899 et
525 1872 672 1899 haberetur
686 1878 770 1898 senex
781 1871 836 1902 ille,
847 1871 919 1905 quod

134 1918 242 1953 quidem
262 1918 294 1945 ad
313 1918 440 1945 liberales
453 1918 614 1952 disciplinas
631 1918 738 1948 attinet.
757 1923 783 1944 et
807 1917 841 1944 ad
860 1925 919 1944 eam

136 1973 195 1999 quae.
218 1964 290 1999 apud
306 1963 382 1999 ipsos
398 1964 469 1998 viget
486 1964 661 1999 sapientiam,
679 1964 812 1991 barbarus
829 1968 920 1990 tamen

135 2016 195 2039 erat
210 2020 217 2038 :
231 2010 346 2038 barbara
360 2018 469 2045 quoque
482 2018 549 2044 gens
563 2010 622 2045 ejus
630 2014 657 2037 et
671 2010 764 2037 dictio.
780 2009 922 2043 Quamob-

137 2065 204 2087 rem.
229 2061 258 2084 ut
279 2057 395 2084 debebat
409 2056 545 2089 accidere,
563 2064 617 2083 non
634 2063 693 2082 eam
708 2059 825 2082 mentem
839 2055 922 2082 habe-

138 2104 193 2133 hat,
209 2110 270 2136 qua:
285 2101 372 2129 sacris
385 2101 485 2128 litteris
505 2101 693 2128 absconditam
713 2101 868 2134 divinaque
880 2100 922 2126 in-

138 2149 293 2182 telligentia:
311 2147 519 2175 convenientem
547 2147 712 2174 sententiam
740 2151 811 2174 recte
833 2149 923 2180 posset

953 211 1076 244 ἠχήεσσα
1091 209 1142 244 (Ι),
1156 210 1224 244 ἡμῖν
1239 216 1271 242 γε
1284 206 1406 234 διῖστῶσι
1423 206 1458 233 τὰ
1472 205 1598 240 σώματα,
1615 204 1673 231 ἀλλ’
1691 204 1742 240 οὐχ

954 254 999 282 οἷά
1013 264 1042 282 τε
1063 256 1144 282 ταυτὶ
1161 255 1229 282 κάπὶ
1254 254 1301 289 τῆς
1324 253 1442 289 ἀληθοῦς
1466 251 1644 287 φιλαδελφίας
1662 250 1744 277 τοῦτο

955 301 1078 335 ποιῆσαν
1095 300 1248 327 ἀκάθεκτον
1261 300 1316 334 γὰρ
1328 299 1398 333 αὕτη
1413 298 1509 333 χρῆμα,
1523 297 1646 332 πέφυκεν
1660 294 1741 323 εἶναι.

957 348 1042 374 ’Ὅθεν
1057 347 1187 382 βούλομαί
1206 355 1235 373 σε
1250 347 1298 373 καὶ
1313 345 1416 380 ταύτης
1430 345 1478 380 τῆς
1495 344 1586 379 θοίνης
1602 345 1668 378 ἡμῖν
1684 351 1744 370 κοι-

956 391 1091 431 νωνεῖν,ᾖ
1116 395 1131 421 ό
1153 395 1203 429 μὲν
1230 395 1320 429 γέρων
1336 392 1470 428 λαμπρῶς
1497 391 1596 424 εἱστία,
1613 392 1695 426 ἡμεῖς
1714 391 1743 417 δὲ

955 438 1027 475 ἦμεν
1040 441 1064 466 οί
1077 441 1249 475 δαιτυμόνες.
1269 440 1419 475 ’Δὸροτὲρα
1433 438 1486 474 γάρ
1500 447 1541 465 σοι
1557 437 1638 473 τυχὸν
1649 438 1743 471 φανεῖ-

956 495 1013 518 ται,
1025 483 1059 522 ἦς
1074 486 1205 517 πολλάκις
1222 487 1357 520 ἑστιάτωρ
1377 487 1446 520 ἡμῖν
1461 486 1475 511 ὀ
1492 485 1656 519 σεμνότατος
1671 485 1744 511 ἐκεῖ·

957 543 1001 566 νος
1013 534 1160 569 Σατράπης
1173 534 1220 560 καὶ
1231 533 1462 568 ἐπιτριπτότατος
1476 531 1586 565 γέγονε,
1598 530 1744 566 τερατείαν

957 582 1018 608 τινὰ
1031 581 1211 616 διηγούμενος
1225 582 1254 607 ἐν
1265 581 1412 616 ὀνειράτων
1426 579 1579 614 πλάσματι,
1592 578 1639 605 καὶ
1655 578 1745 613 ἁρπα-

959 627 1011 662 γὴν
1039 627 1113 662 αὑτῷ
1144 628 1316 663 πρέπουσαν,
1349 628 1397 654 καὶ
1427 625 1592 660 παράδεισον
1624 625 1745 660 γέμοντα

960 672 1051 700 κυνῶν
1065 673 1111 700 καὶ
1126 673 1216 708 κορῶν
1232 673 1365 709 ἀπείρων,
1379 673 1487 704 κλάδοις
1503 672 1620 707 δένδρων
1638 671 1746 707 ἑφιδρυο

962 718 1060 751 μένων,
1075 719 1121 744 καὶ
1134 718 1219 753 ἄλλης
1237 718 1373 754 φλυαρίας
1390 718 1509 752 μακρᾶς.
1528 716 1609 751 Τάμὰ
1623 716 1651 743 δὲ
1665 715 1745 743 πάλιν

960 763 1108 796 ἀναγκαῖον
1125 763 1213 790 εἰπεῖν
1231 764 1305 790 δυοῖν
1325 764 1418 790 ἕνεκα.
1438 763 1549 798 Πρῶτον
1566 762 1615 797 μὲν
1628 761 1683 797 γὰρ
1697 761 1747 788 οὐκ

961 809 1107 835 ἀκόλουθον
1127 809 1189 836 οὑδι
1213 809 1301 844 θέμις,
1321 809 1446 845 διὰλογᾶν
1471 818 1532 836 τινα
1549 808 1691 844 γίγνεσθαι
1709 807 1746 843 μὴ

959 855 1005 882 καὶ
1031 855 1086 883 τῶν
1112 856 1386 892 προσδιαλεγομένων
1418 857 1481 888 τοὺς
1512 856 1609 890 λόγους
1637 855 1746 890 ἔχοντα.

963 901 1069 928 Ἐπειτ’
1087 901 1152 934 ἴσως
1169 902 1216 929 καί
1231 902 1257 929 τί
1273 911 1325 929 που
1349 903 1486 938 χρήσιμον
1503 903 1532 929 ὲν
1556 902 1647 934 αὐτοῖς
1668 901 1747 937 εὗρε-

962 948 1075 984 οήσεται
1091 951 1147 981 τοῖς
1163 950 1195 976 ἐκ
1208 949 1256 977 τοῦ
1271 950 1419 986 προχείρου
1439 950 1615 985 βουλομένοις
1630 949 1748 984 ἀποκρί-

942 1027 944 1030 ,
961 996 1055 1022 νεσθαι
1070 997 1136 1031 περὶ
1150 997 1200 1032 τῆς
1213 997 1241 1023 ἐν
1257 997 1324 1032 ἡμῖν
1339 997 1457 1029 ἑλπίδος,
1472 997 1584 1024 ἐπειδάν
1594 1005 1621 1023 τι
1636 995 1749 1031 ληροῦν-

962 1049 1008 1073 τες
1021 1041 1108 1077 ταύτῃ
1126 1042 1304 1077 προφέρωσιν
1318 1043 1343 1070 οἱ
1361 1043 1499 1078 θεομίσεις
1515 1042 1565 1078 (2).
1582 1043 1703 1074 Ἐκεῖνός
1719 1051 1749 1068 τε

963 1089 1018 1124 γὰρ
1033 1089 1125 1116 πᾶσαν
1146 1089 1197 1124 τὴν
1220 1089 1361 1124 φαρέτραν
1380 1089 1511 1122 ἑκένωσε,
1527 1089 1591 1124 βέλη
1616 1089 1700 1124 συχνὰ
1718 1090 1750 1116 ἐκ

963 1136 1012 1169 τῆς
1025 1135 1201 1170 βαρϐαρικῆς
1216 1135 1308 1170 χειρὸς
1323 1135 1425 1169 ἀφιείς·
1440 1135 1506 1167 Θεός
1519 1144 1548 1161 τε
1561 1135 1649 1163 ταῦτα
1661 1135 1750 1170 κοῦφα

963 1181 1063 1209 τελέως
1078 1180 1229 1215 ἀπέφηνεν
1247 1181 1277 1207 οὐ
1303 1180 1357 1216 μὴν
1371 1181 1405 1208 τὰ
1431 1181 1476 1207 ῐσα
1500 1180 1577 1215 ὤφθη
1596 1181 1749 1214 πεπονθὼς,

964 1228 1022 1255 ἀλλ’
1035 1228 1137 1263 ἐϐλήθη
1161 1227 1212 1263 μὲν
1226 1229 1283 1260 τοῖς
1303 1227 1453 1263 ἡμετέροις
1470 1228 1577 1263 βέλεσιν
1593 1229 1606 1255 ό
1627 1228 1749 1262 τοξότης·

965 1273 1067 1309 ἐϐλήθη
1082 1273 1109 1300 δὲ
1126 1274 1172 1300 καὶ
1188 1274 1243 1304 τοῖς
1259 1271 1354 1306 αὐτοῦ,
1366 1272 1381 1299 ὃ
1394 1272 1426 1308 δὴ
1442 1273 1489 1299 καὶ
1502 1272 1665 1308 πικρότερον
1680 1270 1752 1300 εἶναι

967 1320 1077 1351 πάντως
1089 1319 1172 1346 δοκεῖ·
1186 1319 1232 1345 καί
1247 1327 1289 1345 τοι
1300 1320 1451 1353 γραφικοῖς
1463 1319 1610 1355 ὲξηγήσεσι
1622 1321 1669 1346 καὶ
1684 1327 1754 1354 μαρ-

966 1365 1072 1401 τυρίαις
1088 1365 1136 1400 οὐχ
1158 1365 1220 1392 ὅσον
1240 1365 1304 1400 ἐξῆν
1324 1373 1353 1390 τε
1376 1367 1424 1391 καὶ
1445 1366 1539 1401 ἐχρῆν,
1563 1366 1751 1400 ἐχρησάμεθα,

967 1412 1024 1437 ἀλλ’
1042 1411 1106 1438 ὅσον
1123 1420 1152 1438 τε
1170 1413 1217 1438 καὶ
1235 1413 1279 1439 ὅτε
1294 1411 1381 1447 ,τοῦτο
1403 1413 1506 1443 ἐκεῖνος
1523 1412 1661 1440 ἐϐούλετο.
1677 1413 1752 1439 Ἔδει

967 1458 994 1484 δὲ
1017 1458 1096 1485 τοῦτο
1112 1458 1252 1493 προῦργου
1276 1459 1424 1486 ποιεῖσθαυ
1441 1459 1500 1486 ἀλλ’
1517 1459 1589 1486 ικὼν
1608 1459 1753 1494 ἀφῄρημαι

967 1504 1016 1538 τὴν
1034 1505 1140 1540 ἄμαχον
1157 1506 1271 1540 ταυτηνὶ
1294 1506 1342 1532 καὶ
1365 1505 1451 1541 καλὴν
1478 1505 1649 1540 συμμαχίαν,
1668 1507 1755 1533 ἐκεῖνο

969 1550 1077 1584 πρῶτον
1095 1551 1270 1586 ἐνθυμηθεὶς,
1287 1551 1323 1583 ὡς
1338 1552 1389 1578 ὅσα
1405 1551 1459 1578 τῶν
1473 1552 1572 1586 λογίων
1589 1551 1694 1588 ἐλέγχει
1706 1552 1754 1587 τὴν

968 1595 1016 1622 τοῦ
1035 1595 1157 1631 Μωάμεθ
1185 1597 1292 1631 πλάνην
1320 1597 1387 1624 αὐτὸ
1418 1597 1496 1623 τοῦτο
1525 1597 1630 1632 πλάνην
1659 1598 1755 1630 οὖσαν,

970 1641 1097 1676 εὕρηται,
1112 1642 1160 1669 καὶ
1171 1642 1315 1675 τέτακται,
1328 1644 1375 1669 καὶ
1387 1643 1562 1678 ἀπήγγελται
1575 1643 1613 1678 (5)
1633 1644 1755 1679 κοσμίως

970 1688 1026 1719 τοῖς
1039 1687 1099 1714 κατ’
1115 1687 1199 1714 αὑτοῦ
1215 1688 1396 1723 γεγραφόσιν.
1411 1688 1518 1715 Ἔπειθ’
1532 1689 1583 1721 ὅτι,
1601 1688 1702 1725 καίπερ
1719 1689 1757 1716 ὢν

970 1735 1017 1761 καὶ
1031 1734 1208 1769 νομιζόμενος
1235 1735 1323 1769 μέγας
1338 1735 1352 1760 ὁ
1369 1734 1459 1769 γέρων
1481 1736 1510 1762 ἂν
1525 1737 1580 1766 τοῖς
1597 1736 1657 1762 κατ’
1675 1737 1756 1763 αὑτὸν

971 1781 1084 1814 ἅπασιν,
1102 1780 1153 1807 ὅσα
1168 1789 1199 1815 γι
1217 1781 1257 1812 είς
1273 1780 1368 1815 λόγους
1386 1781 1434 1807 καὶ
1451 1781 1548 1814 σοφίαν
1563 1781 1612 1816 τὴν
1630 1782 1690 1807 κατ’
1707 1782 1756 1808 ab-

971 1827 1043 1859 τοὺς,
1060 1827 1199 1863 βάρϐαρος
1222 1827 1296 1862 ὅμως
1321 1825 1367 1862 ἦν·
1389 1827 1434 1854 ὅτε
1462 1828 1508 1853 καὶ
1528 1828 1558 1854 τὺ
1580 1828 1659 1862 γένος
1683 1828 1758 1862 αὐτῷ

973 1874 1057 1906 ἅπαν,
1072 1874 1119 1900 καὶ
1136 1874 1152 1908 ὴ
1167 1874 1255 1908 φωνή.
1277 1874 1332 1900 Καὶ
1346 1871 1419 1908 εἶχεν
1435 1874 1468 1900 ἂν
1483 1874 1594 1903 εἰκότως
1613 1875 1656 1900 διὰ
1673 1875 1758 1901 ταῦτα

972 1919 1017 1945 τὴν
1037 1919 1096 1946 νοῦν
1117 1919 1167 1954 οὐχ
1182 1916 1238 1946 οἷον
1259 1919 1404 1953 ἐφικέσθαι
1422 1919 1513 1950 καλῶς
1535 1919 1667 1946 δύνασθαι
1691 1921 1759 1955 πρὶς

973 1966 1022 1995 τὴν
1042 1966 1274 2001 ἒγκεκρυμμένην
1299 1967 1355 1998 τοῖς
1376 1967 1525 2002 γράμμασι
1549 1968 1687 2002 θεοπρεπῆ
1703 1969 1761 1995 διάη

973 2019 1059 2038 νοιαν·
1076 2011 1135 2037 ἀνθ’
1157 2008 1194 2037 ὧν
1211 2012 1258 2046 οὺχ
1275 2011 1313 2043 ὡς
1331 2012 1427 2047 ἐχρῆν,
1448 2013 1632 2047 διειλέγμεθα,
1651 2013 1710 2040 ἀλλ’
1723 2014 1761 2046 ὡς

975 2053 1030 2087 οἷός
1044 2057 1067 2082 τ’
1083 2052 1117 2091 ἦν
1140 2056 1244 2086 ἐκεῖνος
1266 2056 1395 2091 δέχεσθαι
1415 2058 1449 2083 τὰ
1469 2058 1615 2092 λεγόμενα.
1630 2058 1684 2084 Καὶ
1706 2059 1760 2094 γὰρ

976 2102 1021 2128 καὶ
1031 2101 1161 2136 ἑρμηνεῖς
1171 2103 1237 2138 ἡμῖν
1247 2103 1309 2134 τοὺς
1320 2103 1416 2137 λόγους
1424 2096 1672 2138 διαπορθμεύοντες
1681 2103 1761 2139 ἦσαν’

977 2147 990 2173 ὃ
1003 2147 1134 2179 πολλάκις
1151 2147 1308 2182 βουλομένῳ
1333 2158 1378 2183 μοι
1392 2149 1483 2181 λέγειν
1507 2149 1545 2182 μὴ
1564 2150 1651 2183 πάντη
1668 2151 1763 2184 γήϊνον

138 2195 265 2230 assequi:
287 2195 378 2229 itaque
396 2201 449 2221 non
467 2197 496 2220 ut
518 2194 673 2228 oportebat.
695 2193 742 2220 sed
765 2196 794 2219 ut
811 2199 843 2220 ea
863 2201 914 2227 qua

979 2194 1048 2229 μηδὲ
1058 2195 1213 2230 χαμερπὲς,
1226 2195 1294 2221 ἀλλὰ
1305 2194 1493 2228 γενναιότερόν
1502 2201 1528 2219 τι
1543 2194 1589 2220 καὶ
1597 2194 1764 2229 ὑψηλότερον

138 2241 311 2274 dicebantur,
331 2241 480 2275 intelligere
493 2245 608 2275 poterat,
629 2240 820 2266 disseruimus.
839 2239 926 2266 Erant

137 2286 220 2314 etiam
235 2287 404 2320 interpretes,
419 2287 469 2320 'qui
482 2293 623 2313 sermones
634 2290 742 2312 nostros
754 2285 826 2312 ultro
839 2285 926 2312 citro-

140 2341 194 2368 que
214 2333 430 2360 transmitterent
443 2340 450 2359 :
462 2340 523 2367 qua).
533 2339 577 2360 res
591 2332 691 2359 volenti
706 2331 773 2358 mihi
791 2338 862 2366 saepe
876 2331 927 2358 ali—

141 2380 205 2416 quid
219 2388 274 2407 non
287 2380 398 2407 omnino
409 2385 546 2407 terrenum
560 2386 649 2413 neque
659 2378 863 2413 abjectum,sed
877 2385 927 2404 no-

141 2427 223 2454 bilius
235 2431 260 2453 et
278 2426 424 2454 sublimius
437 2425 529 2460 eloqui
545 2425 619 2459 (nam
631 2431 692 2459 qua:
703 2427 866 2450 venerantes
881 2431 927 2450 co-

140 2474 234 2506 limus,
249 2480 279 2499 ea
294 2477 359 2500 sunt
372 2471 540 2507 huiusmodi)
554 2471 665 2499 obstare
676 2469 778 2504 ubique
788 2474 815 2496 et
826 2469 923 2497 adver-

139 2521 193 2548 sari
209 2519 352 2556 videbatur
368 2528 375 2546 :
389 2518 610 2553 quandoquidem
624 2517 664 2545 bis
681 2521 709 2544 et
720 2520 762 2544 ter
774 2516 870 2544 eadem
886 2516 928 2543 di-

141 2575 202 2595 cere
218 2566 372 2601 oportebat.
388 2570 418 2592 ut
437 2565 575 2592 intellectu
598 2557 720 2591 faciliora
738 2563 843 2596 tierent.
859 2562 928 2589 Pru-

143 2618 232 2647 pterca
248 2613 275 2640 in
293 2612 398 2643 multis.
414 2611 459 2639 ubi
477 2619 617 2639 sacrarum
635 2610 844 2645 Scripturarum
858 2617 928 2644 opus

143 2664 202 2687 erat
223 2660 356 2692 subsidio,
378 2663 491 2687 coaetus
518 2666 578 2686 sum
596 2657 698 2690 nudus,
716 2663 746 2686 ut
765 2658 800 2684 ita
816 2657 922 2692 loquar,

179 2764 217 2799 (I)
237 2764 342 2791 "outer.
358 2764 432 2792 Iliad.
450 2765 483 2792 Α.
500 2765 562 2791 157.

179 2801 220 2831 ('2)
237 2799 306 2826 Cod.
319 2799 432 2827 Coislin.
448 2800 598 2834 θεομισεῖς.

179 2836 218 2870 (3)
240 2835 367 2863 Alludcre
387 2833 502 2862 videtur
514 2836 546 2862 ad
574 2841 630 2862 tres
643 2834 711 2868 :illas
732 2835 839 2869 priores
865 2833 929 2862 Elo-

975 2239 1098 2273 (τοιαῦτα
1118 2241 1202 2276 γὰρᾶ
1220 2239 1432 2274 πρεσῦεύομεν),
1446 2239 1572 2274 ἐμποδὼν
1589 2241 1715 2274 ἐφαίνετό
1733 2250 1761 2268 τε
1804 2235 1814 2242 ’

977 2287 1102 2320 πανταχῆ
1117 2286 1165 2313 καὶ
1180 2286 1358 2319 προσίστατο”
1375 2286 1417 2317 δὶς
1432 2287 1486 2321 γὰρ
1500 2286 1553 2313 ἔδει
1566 2287 1613 2314 καὶ
1630 2287 1690 2321 τρὶς
1703 2289 1764 2314 ταύ-

977 2333 1011 2358 τὰ
1021 2332 1059 2365 (4)
1069 2332 1169 2365 λέγειν,
1180 2332 1213 2358 ἶν’
1222 2331 1345 2365 amoma
1355 2332 1472 2365 γένοιτο.
1480 2333 1529 2359 Διά
1537 2333 1568 2368 δὴ
1578 2333 1665 2360 ταῦτα
1674 2335 1701 2361 ἐν
1713 2335 1763 2362 οὐκ

977 2378 1089 2411 ὀλίγοις,
1098 2375 1138 2408 οἷς
1146 2377 1199 2403 ἔδει
1206 2377 1256 2412 τῆς
1267 2377 1320 2404 ἀπὸ
1328 2378 1378 2413 τῆς
1387 2379 1496 2414 γραφῆς
1506 2380 1674 2414 συμμαχίας,
1684 2381 1764 2412 abab;

977 2423 1064 2458 ψιλὸςν
1078 2423 1116 2454 ὡς
1132 2423 1231 2455 εἰπεῖν.
1244 2424 1293 2458 τῆς
1306 2425 1360 2450 ἀπὸ
1373 2425 1429 2451 τῶν
1442 2425 1540 2460 λογίων
1553 2426 1640 2461 ῥοπῆς
1656 2428 1702 2454 καὶ
1712 2429 1766 2454 τῶν

978 2470 1081 2497 ἐκεῖθεν
1095 2470 1185 2498 ὃπλων
1202 2471 1400 2507 συμπλακῆναι
1412 2472 1606 2507 ἠνάγκασμαι,
1623 2473 1767 2508 λογισμοῖς

979 2516 1001 2543 δ’
1017 2517 1077 2544 ἀντὶ
1106 2517 1202 2544 τούτου
1232 2518 1281 2545 καὶ
1299 2518 1534 2554 παραδείγμασιν,
1549 2519 1587 2550 ὡς
1612 2519 1647 2545 τὰ
1670 2520 1766 2552 πολλὰ,

981 2564 1100 2598 χρῆσθαι
1116 2564 1318 2600 διαλεγόμενος,
1341 2566 1389 2592 καὶ
1405 2565 1514 2595 τούτοις
1538 2565 1719 2600 καταλλήλοις
1735 2567 1768 2600 τῇ

982 2611 1036 2637 τῶν
1051 2611 1205 2638 ἀκουόντων
1221 2611 1305 2646 ῐσχύῖ.
1320 2611 1423 2647 Πολλὴν
1441 2612 1490 2646 μὲν
1500 2609 1548 2638 οὖν
1564 2621 1610 2647 μοι
1626 2612 1706 2640 τοῦτο
1720 2612 1769 2646 τὴν

981 2658 1084 2693 ζημίαν
1097 2657 1295 2693 προύξένησεν,
1308 2658 1409 2692 ἦνεγχε
1424 2657 1445 2684 δ’
1459 2655 1506 2684 οὖν
1520 2666 1547 2684 τι
1562 2659 1610 2685 καὶ
1623 2659 1768 2693 χρήσιμον.

986 2762 1104 2803 quemue
1119 2766 1226 2797 partes:
1240 2761 1664 2798 inventionem,dispositionem,
1680 2762 1773 2790 elocu-

986 2803 1100 2825 ιιιιιιθηὶ.

1021 2834 1058 2869 (εἰ)
1075 2833 1159 2862 Codd.
1177 2833 1270 2866 ambo,
1285 2832 1384 2860 ταῦτα.
