1929 3087
151 126 202 160 133

663 122 802 154 DlALOG
808 122 856 152 US
874 122 953 152 CUM
973 119 1107 151 ΜΟΠΛΜ
1114 118 1250 148 ΕΤΑΝΟ.

1732 113 1781 145 134

150 184 263 211 Δὺναιτο
279 182 333 217 γὰρ
356 181 388 209 ἄν
412 191 464 213 τις.
489 179 576 216 οἶμαι,
597 180 696 216 ῥᾳδίως
717 179 872 214 μεμνῆσθαι
891 179 938 205 καὶ

1000 177 1164 204 iracnlornm
1183 175 1285 202 nux-ilio
1297 179 1323 202 et
1338 174 1431 204 armis.
1452 181 1511 208 ane
1530 173 1592 201 inde
1607 174 1710 201 assumi
1730 182 1776 208 po-

149 230 236 262 λόγων
254 229 364 255 ἐκείνων
382 228 497 262 ἄπειρος
519 227 566 260 ὣν,
590 225 629 258 οἷς
653 235 685 260 γε
711 226 778 261 πρὸς
801 225 935 260 ἀλλήλους

151 275 341 310 ἐχρησάμεθα,
357 275 404 301 καὶ
427 274 547 309 χρῆσθαι
570 274 676 305 τούτοις
700 273 801 308 δεῆσαν
821 271 934 306 εὐχερέρ

152 322 247 355 στερόν
270 331 299 348 τε
323 322 371 349 κα)⁸
392 321 615 356 προχειρότερον,
632 320 648 355 ἦ
669 320 728 350 ταῖς
751 318 805 344 τῶν
821 317 937 352 Γραφῶν

152 370 308 404 ὲξηγήρεσι.
323 369 385 399 Τοῖς
399 368 454 403 γὰρ
467 368 521 394 ἀπὸ
535 367 639 394 τούτων
651 365 750 396 τελέως
765 364 937 398 διαλέγεσθαι

153 415 272 447 θέλουσι,
286 415 326 440 δεῖ
345 415 394 449 μὲν
410 413 499 445 καλῶς
518 414 625 444 ὲκείνας
645 411 839 447 ὲξησκηκένιιι,
856 410 895 436 δει
911 409 939 435 δὲ

153 461 261 495 φρενῶν
277 460 423 494 ὀξυτέρων,
438 460 478 486 δεῖ
495 460 523 486 δὲ
541 459 628 495 ῥοπῆς
642 458 795 492 θειοτέρας,
810 457 828 483 ἂ
844 456 938 482 συνελι

155 507 211 532 θεῖν
227 506 287 532 κατ’
302 506 367 531 αὐτὸ
389 505 518 540 χαλεπόν.
536 504 630 531 Ταῦτα
647 504 697 539 μὲν
715 503 772 534 οὖν,
787 499 809 529 ὦ
824 501 938 536 φιλτάτη

154 551 273 586 κεφαλὴ,
287 551 382 586 ὥσπερ
398 551 459 578 τινὰ
481 551 602 585 κρηπῖδα.
623 549 662 584 τῷ
682 549 756 584 λόγῳ
777 549 832 574 δεῖν
847 547 940 583 ᾠήθην

155 596 370 630 προῦποοὲσθαι,
386 596 419 622 ἵν’
435 596 508 631 ἔχοις
526 596 590 631 ῥᾷον
607 595 656 630 τὴν
671 593 727 620 τόθ’
741 592 819 628 ἡμῶν
837 593 941 627 συμϐᾶ-

156 651 205 668 σαν
221 642 338 674 διάλεξιν
352 642 549 677 ἐκλαμϐάνειν,
567 641 626 676 ἥτις
642 637 693 667 ὧδέ
706 648 763 670 πως
781 639 869 673 ἔσχεν.

989 225 1115 255 tuisseut,
1151 222 1307 255 confligere,
1328 226 1410 256 atque
1438 221 1519 255 hujus
1546 225 1690 247 armatura:
1714 221 1775 248 loco

990 269 1249 297 ratiocinationibus
1264 269 1291 296 in
1306 268 1487 302 enlloquendo
1503 266 1665 302 plerumque
1684 267 1732 298 uti,
1746 271 1774 293 et

990 317 1134 350 exemplis,
1151 316 1237 350 iisque
1254 315 1286 342 ad
1302 314 1470 341 audientium
1491 318 1602 348 captum
1621 309 1775 340 accommo-

991 361 1072 388 datis.
1086 361 1112 388 ιιι
1130 360 1194 387 mihi
1216 367 1342 394 magnum
1361 359 1471 393 quidem
1498 359 1641 390 damnum,
1658 358 1775 392 aliquam

993 415 1058 435 vero
1074 407 1157 435 etiam
1184 408 1327 434 utilitatem
1354 406 1454 432 attulit.
1485 404 1710 439 Quandoquidem
1737 405 1779 431 vel

995 454 1136 488 imperitus
1151 453 1287 487 quispiam
1302 452 1422 483 illorum,
1441 458 1510 486 quos
1526 450 1642 477 invicem
1659 450 1780 477 contuli-

996 506 1068 529 mus.
1094 498 1254 525 meminisse
1278 497 1366 532 possit
1394 504 1567 528 sermonum,
1589 495 1690 530 iisque.
1717 503 1779 522 cum

995 544 1158 579 oportuerit,
1170 544 1279 571 facilius
1294 542 1503 577 promptiusque
1517 542 1567 575 uti,
1582 549 1661 576 quant
1675 548 1689 568 e
1701 548 1780 568 sacra

997 590 1139 624 Scriptura
1157 591 1249 625 petitis
1268 590 1447 625 argumentis.
1464 589 1516 621 Qui
1533 589 1605 616 enim
1627 588 1735 615 divinos
1751 586 1782 613 Ii-

997 638 1060 665 bros
1081 638 1110 665 in
1132 638 1291 666 disserendo
1314 641 1387 664 recte
1411 636 1541 663 adhibere
1555 635 1650 666 velint,
1666 634 1698 660 iis
1718 640 1780 659 cum

155 689 284 722 prmclara
296 688 403 715 illorum
419 687 690 718 exercitatione,tnm
704 685 838 712 snbtiliori
851 689 940 712 mente
959 690 986 712 et
1001 685 1135 712 diviniore
1152 684 1310 718 adiumento
1324 689 1365 712 est
1379 691 1450 718 opus
1467 691 1474 709 :
1492 689 1551 717 qua:
1584 685 1659 708 certe
1690 678 1780 705 omnia

156 736 182 762 in
199 742 282 761 unttm
297 738 323 761 et
344 734 414 761 idem
429 733 536 760 diﬂicile
551 738 594 760 est
607 731 766 758 convenire.
784 730 885 761 Habes,
903 729 939 756 tui
960 730 1061 764 optime
1095 729 1190 762 frater,
1215 736 1277 763 qua:
1313 728 1390 763 quasi
1420 726 1544 761 qumdam
1567 724 1659 759 operis
1685 722 1780 750 funda-

156 785 245 807 menta
260 779 449 814 praestruenda
465 786 524 806 esse
544 777 710 807 existimavi.
731 782 760 803 nt
773 775 875 803 factum
890 780 953 803 tunc
973 776 1043 804 inter
1057 783 1107 802 nos
1127 775 1234 803 facilius
1251 775 1340 810 possis
1359 780 1514 801 sermonetu
1541 770 1703 805 intelligere,
1735 774 1782 802 qui

156 825 205 852 hoc
217 825 273 853 fere
286 824 367 852 modo
382 832 410 852 se
427 824 532 858 habuit,

165 919 1772 943 Μή...-

674 1010 973 1057 DIALOGUS
1021 999 1295 1053 PRIMUS.»

429 1130 442 1143 ι
752 1107 796 1138 De
812 1105 940 1145 Angelis
957 1108 986 1136 et
1005 1103 1186 1134 Animabus.

1037 1266 1062 1293 l.
1081 1263 1214 1292 Sedebant
1228 1263 1260 1290 ad
1278 1262 1366 1290 focum
1379 1265 1442 1296 post
1461 1267 1580 1292 caenam,
1600 1259 1725 1293 idemque
1737 1265 1786 1293 pro

1000 1319 1076 1338 more
1098 1310 1214 1337 faciebat
1235 1316 1329 1340 senex,
1347 1315 1401 1334 una
1419 1315 1480 1334 eum
1504 1306 1565 1333 aliis
1579 1313 1612 1333 ex
1634 1309 1729 1332 nostro
1740 1312 1786 1331 co-

1000 1357 1107 1388 mitatn,
1121 1361 1219 1383 etcum
1237 1355 1293 1382 suis
1308 1353 1387 1382 ﬁliis:
1400 1354 1426 1380 hi
1442 1357 1522 1381 erant
1533 1353 1598 1384 duo,
1618 1352 1728 1386 ingenio
1740 1359 1786 1378 sa-

193 1279 228 1304 a'.
253 1273 411 1308 Ἐκαθήμην
430 1273 498 1307 μετὰ
516 1272 622 1299 δεῖπνον
641 1269 709 1304 πρὸς
730 1269 762 1303 τῇ
788 1266 873 1302 πυρᾷ,
900 1265 947 1292 καὶ
964 1269 984 1295 Β

128 1344 132 1352 ,
157 1321 255 1348 ταυτὸν
269 1321 282 1346 ὁ
306 1319 396 1353 γέρων
419 1317 555 1345 εἰωθότως
578 1314 676 1346 ἐποίει,
699 1313 791 1344 ἄλλοις
808 1312 866 1346 ἃμα
891 1311 946 1337 τῶν

157 1367 313 1403 ἡμετέρων,
328 1367 376 1392 καὶ
397 1365 454 1396 τοῖς
477 1362 560 1390 αὐτοῦ
577 1361 683 1389 παισίν·
699 1357 770 1396 ἦσαν
784 1359 839 1393 γάρ
859 1359 883 1384 οἱ
898 1357 944 1384 δύο
961 1368 965 1371 ν

159 1415 236 1445 υἱεῖς,
252 1412 299 1440 νοῦ
312 1420 341 1438 τε
359 1412 405 1438 καὶ
418 1410 515 1444 σοφίας
533 1408 707 1444 μετέχοντες,
718 1406 765 1432 καὶ
780 1405 810 1432 οὐ
829 1403 945 1439 σμικρὸν

160 1460 245 1486 ἐνίοτε
271 1457 317 1484 τοῦ
342 1455 480 1491 πατρικοῦ
509 1451 824 1487 συναντιλαμὼνόμενοι
853 1449 944 1483 λόγου,

160 1505 214 1532 Kal
233 1505 277 1538 μοί
300 1511 384 1538 φησιν
397 1503 410 1528 ὁ
423 1500 591 1536 πρεσϐύτης·
607 1499 639 1526 Εἰ
657 1498 692 1533 μὴ
714 1497 840 1532 μέλλοιμι
860 1495 946 1525 δόξειν

160 1552 282 1586 ἐπαχθὴς
301 1551 350 1585 (1),
363 1547 498 1583 δεήσομαί
514 1554 562 1572 σου
583 1544 698 1572 ἀκοῦσαί
724 1551 787 1578 μου,
804 1543 850 1568 καὶ
868 1541 947 1574 λόγον

163 1596 336 1632 μεταδοῦναι,
362 1595 425 1628 περὶ
448 1591 485 1619 ὧν
505 1592 537 1619 ἂν
553 1591 678 1626 ἐροίμην·
702 1589 801 1624 σχολὴν
819 1587 874 1622 γὰρ
897 1586 947 1621 ἥδη

161 1646 249 1677 ἄγεις.
267 1643 357 1677 Ἕῳην
381 1641 403 1668 δ’
430 1639 495 1673 ἐγώ·
519 1637 588 1664 Ἀλλ’
606 1638 629 1663 εἰ
654 1636 700 1662 καὶ
727 1635 764 1670 μὴ
790 1632 946 1667 ἐσχόλαζον,

161 1691 248 1725 ἡδέως
263 1690 296 1716 ἂν
313 1697 360 1714 σου
377 1686 546 1718 ἀκούσαιμι·
562 1682 693 1718 βούλομαι
708 1681 761 1716 γάρ
781 1689 821 1707 σοι
835 1678 948 1714 χαρίζε-

162 1736 233 1762 σθαι.
254 1735 308 1762 Καὶ
323 1733 351 1766 ὃς
368 1733 520 1768 ἀρξάμενος
538 1730 590 1764 ἔφη
601 1735 610 1744 ⁸

197 1780 228 1816 β’.
245 1781 337 1815 Ἔρως
361 1777 395 1814 ἦν
421 1786 467 1811 μοι
491 1777 631 1810 διηνεκὴς,
656 1774 702 1800 τοῦ
724 1773 773 1808 τὴν
797 1772 860 1798 καθ’
876 1772 948 1806 ὑμᾶς

161 1826 291 1862 λατρείαν
306 1823 459 1856 διδάξοντός
481 1831 514 1856 με
531 1821 634 1856 τυχεῖν.
648 1820 703 1846 Καὶ
718 1818 891 1854 Χριστιανῶν
909 1817 947 1852 (2)

165 1875 214 1908 μὲν
227 1872 332 1898 οὐδέσιν
347 1868 515 1897 οὐδεπώποτ’
527 1868 663 1901 ἐνέτυχον,
677 1865 703 1892 οἳ
715 1865 797 1899 λόγου
813 1872 842 1890 τε
859 1864 948 1898 μετεῖ-

163 1929 220 1954 χον,
237 1918 284 1945 καὶ
303 1918 403 1951 πεῖραν
421 1915 524 1948 ταύτης
543 1914 678 1946 τοταύτην
704 1909 787 1946 εἶχον,
803 1911 874 1937 ὥστε
902 1910 947 1944 μοι

162 1948 189 1992 τι
204 1948 299 1998 οαφὲς,
316 1948 362 1989 και
377 1960 433 1988 οἷον
447 1961 479 1988 ἂν
498 1960 656 1995 βουλοίμην,
673 1957 805 1985 δύνασθαι
820 1957 946 1992 φράζειν.
964 1948 985 1975 c

164 2010 276 2046 Περσῶν
305 2010 345 2041 δὲ,
369 2009 416 2034 καὶ
435 2007 572 2041 Ἀράϐων,
597 2008 644 2031 καὶ
669 2002 852 2042 Τούρκων,ηοῖ
873 2002 948 2036 παρὰ

162 2057 215 2083 τῶν
226 2055 380 2090 ὑμετέρων,
392 2054 428 2084 ὼς
440 2053 545 2087 ἔλεγον,
555 2051 732 2086 ἐδιδάχθησαν
744 2049 762 2077 ἃ.
772 2048 947 2084 πρεσϐεύετε,

163 2101 269 2128 πολλῶν
297 2100 384 2127 πολλὰ
407 2099 541 2132 λεγόντων
565 2098 682 2132 ἀκήκοα·
701 2094 741 2126 οἷς
758 2096 788 2121 οὺ
812 2095 883 2120 πάνυ
907 2102 948 2119 τοι

163 2147 301 2174 πιστεύειν
313 2146 418 2180 ἠξίουν*
429 2145 510 2171 τοῦτο
528 2143 589 2178 μὲν,
602 2143 638 2173 ὼς
656 2142 780 2172 ἐναντίας
793 2138 870 2167 οὖσιν
884 2140 948 2174 ὑμῖν

163 2194 324 2230 θρησκείαις,
349 2192 429 2218 τοῦτο
443 2192 465 2218 δ’
483 2191 520 2221 ὼς
542 2189 721 2224 διαφωνοῦσι,
738 2188 786 2215 κλὶ
804 2187 842 2222 μὴ
862 2186 948 2212 ταυτὰ

164 2242 299 2275 λέγουσιν.
318 2238 415 2269 Ἀλλης
429 2238 483 2273 γὰρ
498 2237 562 2264 ἄλλο
575 2245 602 2262 τι
615 2235 679 2270 περὶ
696 2234 743 2261 τοῦ
760 2233 844 2260 αὐτοῦ
859 2234 949 2268 πράγ-

166 2296 249 2322 ματος
264 2286 413 2320 ἀκηκοέναι
430 2282 622 2317 διῖσχυρίζετο·
640 2281 741 2311 πάντες
758 2280 787 2306 δὲ
806 2279 948 2305 παντάπα-

166 2343 207 2360 σιν
235 2333 360 2366 ἀλλήλοις
388 2329 537 2364 «ia-31.16310.
564 2328 667 2362 ἔλεγον.
703 2327 774 2352 Ἀλλ’
802 2325 853 2360 ἤδη
879 2325 948 2360 τύχῃ

165 2379 253 2414 ἀγαθῇ
276 2377 399 2405 τοιούτου
423 2375 500 2408 ξένου
521 2383 567 2401 σου
591 2372 694 2412 τυχὼν,
712 2372 815 2406 σφόδρα
839 2370 949 2401 εὒελπίς

165 2427 234 2460 ειμι,
258 2424 304 2450 νῦν
332 2422 398 2457 γοῦν
424 2421 528 2447 ἐκείνου
557 2419 713 2451 τεύξεσθαι,
740 2414 827 2452 οὗπερ
845 2416 949 2443 ἄνωοεν

164 2475 248 2508 ἥρων.
263 2471 347 2498 ’Ὁοεν
368 2469 400 2504 δὴ
427 2469 474 2494 καὶ
499 2467 596 2503 δέομαί
621 2475 668 2493 σου
695 2466 732 2501 μὴ
757 2465 806 2500 τῆς
829 2464 949 2499 ἐφέσεως

166 2518 310 2554 ἁμαρτεῖν,
331 2516 399 2551 μηδὲ
419 2514 474 2541 τῶν
491 2513 607 2540 ἐλπίδων
631 2512 795 2547 ψευσθῆναι,
814 2510 881 2537 ἀλλὰ
898 2519 949 2537 κα-

165 2565 254 2602 θαρῶς
271 2563 386 2590 ἀκοῦσαι
412 2561 487 2597 παρὰ
509 2560 555 2587 σοῦ
579 2558 660 2586 πάνθ’
676 2558 693 2585 ἃ
717 2559 853 2594 φρονεῖτε·
870 2557 948 2592 κάγὼ

165 2613 191 2639 δὲ
207 2611 362 2647 βουλομένῳ
379 2618 419 2635 σοι
433 2609 511 2637 πάντ’
525 2607 578 2641 ὲρῶ
591 2607 625 2633 τὰ
636 2607 771 2647 ήμέτερᾳ,
784 2605 802 2632 ἃ
817 2605 888 2632 δοκῶ
903 2614 948 2640 μοι
967 2614 988 2642 ι)

166 2657 253 2688 καλῶς
270 2657 382 2683 εἰδέναι.
404 2654 557 2689 Ἐνδέχεται
580 2652 607 2680 δέ
632 2661 674 2678 σοι
697 2646 792 2686 μισ-σὺν
818 2652 946 2685 γενέσθαι

167 2703 218 2728 τῶν
236 2702 336 2732 πόνων,
351 2697 407 2726 οἷον
423 2700 456 2725 ἂν
471 2698 552 2728 αὐτὸς
566 2695 669 2728 εὔξαιο.
684 2696 712 2722 Ei
728 2695 781 2730 γὰρ
799 2694 829 2729 δὴ
845 2694 880 2720 τὰ
895 2703 948 2720 πα-

170 2749 202 2781 ρὰ
224 2747 270 2774 σοῦ
294 2745 485 2781 λεχῦηαόμενα
507 2743 638 2778 ἀληθείας
668 2741 785 2776 ἐχόμενα
811 2740 947 2775 φανεῖται,

207 2838 244 2874 (1)
258 2838 324 2865 Cod.
338 2837 420 2866 Coisl.
438 2836 579 2871 ἒππχθείς.

999 1404 1157 1438 pientiaque
1181 1398 1299 1437 prmditi,
1319 1408 1372 1428 nec
1398 1407 1494 1435 parum
1518 1400 1664 1434 aliquando
1682 1405 1787 1425 scrtum

1000 1457 1060 1477 nem
1076 1449 1162 1484 patris
1177 1447 1352 1483 adiuvabant.
1369 1446 1438 1473 Tum
1463 1453 1557 1479 sene-x,
1580 1445 1636 1473 Nisi
1654 1444 1787 1471 molestus

999 1503 1060 1522 esse
1075 1495 1179 1527 videar,
1191 1495 1290 1529 inquit,
1306 1499 1331 1520 te
1347 1493 1448 1527 rogabo
1464 1497 1494 1519 ut
1507 1500 1551 1519 me
1567 1492 1672 1525 audias,
1683 1498 1785 1518 sermo-

1000 1549 1118 1576 nemque
1137 1541 1170 1567 de
1183 1541 1283 1574 quibus
1303 1540 1475 1574 iuterrogaro
1496 1538 1671 1573 impeitiare:
1687 1543 1784 1565 nactus

999 1589 1071 1615 enim
1085 1593 1110 1614 te
1120 1594 1179 1614 sum
1193 1586 1323 1613 otiosum.
1338 1584 1562 1619 Atego,Etiamsi
1578 1592 1658 1619 quant
1673 1584 1785 1611 minime

1000 1635 1104 1660 otiosus
1114 1639 1214 1662 essem,
1226 1631 1349 1664 inquam,
1359 1634 1449 1657 tamen
1463 1630 1590 1656 lubenter
1603 1634 1627 1656 te
1641 1629 1764 1656 audirem
1778 1638 1784 1654 :

1002 1687 1051 1707 nec
1063 1679 1212 1714 quidquam
1234 1682 1339 1704 tantum
1355 1676 1447 1710 cupio,
1462 1683 1542 1709 quam
1562 1675 1609 1702 tibi
1625 1675 1784 1709 gratificari.

1001 1725 1079 1752 Tunc
1091 1725 1181 1752 dicere
1201 1730 1315 1751 exorsus
1331 1727 1373 1749 est
1390 1731 1397 1748 :

1035 1771 1063 1798 2.
1082 1771 1205 1804 Semper,
1224 1769 1321 1803 inquit,
1338 1775 1389 1803 ego
1411 1767 1512 1802 optavi,
1531 1771 1560 1794 ιιι
1577 1767 1603 1794 in
1631 1775 1716 1794 unum
1738 1767 1788 1794 aii-

1001 1827 1081 1854 quem
1095 1816 1309 1850 inciderem,qui
1323 1821 1440 1842 vestram
1459 1822 1502 1842 me
1517 1815 1675 1849 religionem
1691 1814 1788 1842 edoce-

1001 1869 1052 1892 ret.
1074 1863 1178 1891 Etenim
1196 1871 1211 1890 e
1226 1861 1394 1889 Christianis
1418 1860 1528 1895 quidem
1555 1860 1644 1888 nullos
1666 1869 1784 1895 unquam

1002 1911 1102 1945 reperi,
1119 1909 1165 1944 qtti
1178 1900 1284 1936 tantum
1302 1908 1414 1943 ingenii,
1435 1912 1593 1943 tantamque
1610 1916 1667 1936 sua:
1680 1909 1788 1943 religio-

1002 1956 1045 1983 nis
1059 1955 1181 1990 peritiam
1200 1955 1342 1986 haberent,
1369 1960 1399 1981 ut
1417 1954 1449 1981 de
1470 1954 1515 1981 illa
1533 1954 1600 1981 mihi
1616 1955 1720 1982 clarum
1737 1955 1784 1982 ali-

1000 2002 1076 2038 quid,
1090 2001 1170 2037 quale
1180 2001 1287 2032 vellem,
1296 2000 1386 2035 eloqui
1400 2005 1521 2038 possent.
1531 2000 1612 2028 Plura
1625 2009 1689 2029 vero
1702 2009 1716 2028 e
1727 2002 1787 2036 plu-

1001 2049 1077 2076 ribus
1086 2048 1189 2080 Persis,
1204 2048 1350 2078 Arabibus,
1364 2039 1516 2082 Turcisque
1527 2048 1629 2079 audivi,
1641 2049 1714 2082 quia
1726 2057 1787 2076 ves-

1001 2096 1061 2126 tris,
1072 2100 1100 2122 nt
1116 2094 1235 2126 aiebant,
1250 2093 1391 2129 religionis
1407 2099 1506 2121 vesti-te
1526 2094 1616 2128 capita
1632 2094 1788 2129 placitaque

1000 2142 1088 2169 edocti
1101 2141 1206 2168 fuerant
1217 2149 1224 2167 ι
1236 2140 1336 2175 quibus
1347 2143 1439 2167 tamen
1454 2147 1505 2166 non
1523 2140 1602 2174 plane
1614 2140 1726 2166 credere
1740 2147 1787 2168 vo-

1000 2188 1089 2216 lebam
1102 2197 1108 2214 :
1121 2193 1178 2214 tum
1196 2187 1260 2221 quia
1277 2187 1443 2213 contrariam
1454 2192 1554 2213 vestra:
1570 2186 1726 2220 religionem
1741 2194 1787 2213 co-

1000 2235 1070 2267 lunt,
1092 2239 1148 2261 tum
1162 2233 1226 2267 quia
1239 2233 1310 2259 inter
1328 2239 1357 2259 se
1369 2231 1548 2263 dissentiunt,
1562 2239 1612 2258 nec
1628 2232 1722 2258 eadem
1741 2232 1786 2258 di-

1000 2283 1076 2306 cunt.
1095 2277 1162 2305 Nam
1179 2278 1250 2304 alius
1263 2277 1336 2303 aliud
1346 2278 1438 2303 eadem
1453 2277 1486 2303 de
1499 2284 1528 2303 re
1546 2277 1656 2304 audisse
1672 2284 1701 2303 se
1716 2277 1786 2304 allii--

1000 2328 1108 2353 mabat:
1125 2332 1220 2352 omnes
1235 2329 1325 2351 autem
1342 2331 1372 2350 ea
1389 2323 1529 2356 dicebant,
1544 2330 1603 2358 qua:
1620 2323 1689 2350 inter
1701 2330 1730 2350 se
1743 2324 1786 2350 in-

1000 2373 1086 2400 vicem
1098 2372 1211 2398 omnino
1222 2371 1362 2398 cnhaarere
1374 2378 1428 2397 non
1439 2374 1562 2404 possent.
1573 2369 1626 2396 Sed
1637 2369 1706 2404 jam,
1714 2371 1786 2405 quad

1002 2419 1064 2446 felix
1079 2418 1256 2452 faustumque
1269 2419 1314 2447 sit,
1325 2417 1405 2443 talem
1419 2421 1444 2442 te
1456 2415 1592 2450 hospitem
1605 2421 1700 2443 nactus
1712 2416 1787 2442 valde

1001 2472 1081 2500 spero
1100 2465 1169 2497 fore,
1184 2468 1213 2490 ut
1225 2463 1364 2498 quod,jain
1380 2462 1483 2496 prident
1497 2461 1697 2495 desiderabam,
1713 2470 1786 2489 nunc

1002 2517 1075 2538 certe
1105 2517 1268 2543 consequar.
1287 2509 1361 2536 Unde
1391 2509 1517 2540 obsecro,
1544 2513 1573 2536 ut
1596 2511 1651 2536 voti
1676 2517 1787 2543 compos

1003 2557 1075 2588 liam,
1093 2562 1181 2589 neque
1197 2561 1254 2581 mea
1276 2561 1318 2580 me
1337 2561 1400 2588 spes
1409 2554 1495 2584 fallat,
1507 2555 1554 2582 sed
1573 2560 1599 2582 et
1612 2563 1672 2589 qua:
1684 2555 1788 2582 suntia-

1003 2603 1047 2632 tis.
1065 2609 1080 2628 a
1094 2606 1120 2628 te
1144 2600 1256 2627 omnino
1271 2600 1373 2635 liquido
1389 2601 1497 2628 audiam
1512 2609 1518 2628 :
1535 2603 1601 2635 quin
1620 2609 1670 2637 ego
1690 2601 1748 2634 tibi,
1763 2602 1787 2629 si

1002 2647 1111 2682 quidem
1131 2645 1207 2679 velis,
1223 2647 1314 2672 omnia
1336 2651 1429 2674 nostra
1453 2647 1575 2682 eloquar,
1596 2655 1657 2682 quae
1674 2647 1788 2683 pulchre

1003 2693 1068 2721 mihi
1082 2692 1175 2719 videor
1193 2692 1273 2719 scire.
1293 2691 1324 2719 Et
1341 2698 1429 2727 potest
1445 2693 1516 2725 fieri,
1543 2698 1573 2720 ut
1593 2701 1675 2728 quam
1693 2694 1787 2728 utique

1002 2743 1122 2774 optares,
1137 2745 1196 2765 eam
1215 2738 1317 2766 laboris
1340 2739 1379 2766 tui
1396 2739 1550 2767 mercedem
1571 2739 1653 2768 feras.
1671 2739 1700 2768 Si
1713 2741 1786 2768 enim

1042 2834 1079 2869 χΞ)
1101 2832 1168 2860 Cod.
1187 2832 1270 2860 Coisl.
1286 2834 1469 2868 Χριστιανοῖς.
