1929 3087
146 109 197 140 139

741 107 942 139 MANUELIS
962 105 1187 138 PALEOLOGI

1721 104 1737 136 1
1748 104 1781 137 10

143 165 332 202 (mihicrede)
350 170 466 193 vestram
484 165 659 200 apertissime
675 171 814 201 oppugnat
829 165 929 200 religio-

989 166 1075 193 πολλὰ
1091 167 1243 202 πράγματα
1256 173 1262 180 ’
1279 165 1429 201 διαρρήδην
1446 166 1499 200 γὰρ
1513 162 1554 200 (εὖ
1577 164 1641 200 ἴσθι)
1659 165 1779 200 μάχεται

143 221 216 239 nem.
231 212 317 245 Quam
335 213 473 247 quomodo
487 213 617 239 admirati
635 216 662 240 et
675 212 792 247 amplexi
806 213 839 239 ab
857 212 936 238 initio

142 258 260 291 fueritis,
270 258 321 285 etsi
334 258 411 285 multi
421 258 536 285 multum
547 259 692 290 mirentur,
703 258 769 286 mihi
781 263 870 286 tamen
881 266 935 286 non

142 306 213 332 idem
231 313 281 332 usu
297 305 384 332 venit.
396 305 461 332 Eam
476 305 548 332 enim
563 312 624 332 cum
642 305 762 340 plurium
772 305 884 332 deorum
897 305 935 332 si-

141 359 312 386 gnarumque
326 351 484 378 adoratioue
492 353 687 379 commutastis
701 359 708 378 :
724 351 795 379 unde
809 359 862 379 non
873 352 935 379 ideo

140 398 254 431 priecise
271 396 438 431 vituperandi
453 398 530 430 estis,
547 399 594 425 sed
608 398 670 433 quia
681 403 775 433 postea
790 405 844 424 non
854 405 932 425 eam-

140 444 200 470 dem
212 444 342 471 servastis
355 444 452 479 legem,
463 452 561 479 nempe
573 449 601 471 ut
617 445 714 472 iterum
729 445 763 472 ab
773 444 862 471 istliac
886 452 933 471 ve-

140 495 196 516 stra
213 490 344 525 religione
355 491 388 518 ad
398 492 617 526 przestantiorem
632 492 712 519 aliam
744 490 932 521 transilit-etis.

140 537 192 564 Sed
205 537 335 571 quoniam
353 537 504 572 Scripturis
519 538 598 565 ﬁdem
615 538 725 566 interim
739 539 864 571 derogas.
882 537 934 564 liae

140 583 198 617 lege
210 586 330 615 utamur,
346 587 375 610 ut
390 583 411 610 si
429 591 509 618 quem
524 583 672 617 Scriptura;
689 584 778 611 locum
796 583 829 610 ab
846 582 933 609 altero

139 629 250 656 allatum
268 629 338 656 alter
349 629 485 662 admittet,
502 634 576 656 recte
590 631 615 657 in
634 623 822 665 disputatione
837 633 932 656 nostra

137 683 152 701 e
164 675 250 703 sacris
264 675 384 703 oraculis
398 676 511 710 petitum
526 677 673 709 auxilium,
689 676 778 711 quoad
794 676 850 702 iieri
868 683 932 710 pos-

137 722 184 755 sit,
201 721 373 748 adhibeatur.
393 721 442 749 Ubi
456 722 537 749 aliter
553 722 670 754 accidet,
697 722 769 756 quod
794 721 931 755 reliquum

138 772 191 799 est,
211 767 423 794 ratiocinatione
437 768 570 795 utendum
588 768 642 795 erit
656 787 664 800 ,
680 775 785 803 proque
803 767 932 795 facultate

139 814 327 848 probabilibus
341 814 500 841 enitendum
513 805 682 850 argume‘utis
696 834 702 847 ,
718 819 748 842 ut
775 822 829 850 qua
855 820 931 850 parte

139 864 193 887 stet
206 860 306 887 veritas
323 860 491 894 reperiamus
507 869 513 887 :
527 861 549 888 si
567 866 669 893 tamen,
687 861 799 896 hospes,
815 861 868 888 hoc
880 861 928 888 tibi

139 914 247 941 quoque
261 905 297 932 ita
311 905 445 933 videatur.
459 906 524 939 Quae
533 915 593 934 cum
601 915 651 942 ego
664 907 809 940 dixissem,
829 908 928 935 annuit

139 953 195 985 ille,
207 957 234 980 el
259 952 363 991 liunrfm
377 954 487 981 modum
498 953 713 981 disserereinter
722 952 778 981 nos
788 954 929 980 convenit.

175 1000 203 1027 8.
223 991 299 1027 .Tum
324 1000 428 1033 is,Tibi
438 999 640 1034 etiam,inquit,
650 1004 744 1027 nostro
757 999 790 1026 de
803 1006 931 1027 sermone

138 1046 367 1074 cousideramlum
382 1051 435 1080 est,
449 1046 588 1082 quomodo
604 1053 667 1073 eum
684 1046 820 1080 integrum
836 1046 869 1073 ab
880 1054 930 1073 an-

139 1090 205 1125 gelis
222 1091 356 1125 incipiens
370 1096 513 1119 contexas.
530 1091 587 1126 Ego
602 1098 680 1123 vero,
698 1090 720 1118 si
735 1091 801 1125 quid
821 1096 929 1124 eorum,

138 1145 199 1172 qua:
212 1137 352 1172 dicuntur,
369 1146 423 1165 non
442 1139 605 1173 probavero,
622 1138 716 1165 statim
734 1144 880 1172 exponam,
903 1142 931 1165 et

142 1183 174 1209 de
187 1183 246 1218 illo,
259 1183 331 1218 quod
347 1184 450 1211 nostris
462 1184 570 1219 placitis
592 1176 735 1211 dissonum
763 1191 928 1218 cognovero,

138 1229 204 1264 quid
227 1230 279 1265 ipsi
305 1231 461 1259 sentiamus
486 1231 600 1266 insuper
624 1231 773 1259 enarrabo.
793 1230 868 1264 Esto,
890 1234 930 1258 tn-

137 1283 234 1311 quam,
248 1276 290 1304 vir
305 1276 407 1311 optime
423 1286 429 1304 :
448 1281 588 1312 utcunque
613 1277 691 1305 vobis
706 1277 827 1310 libuerit,
843 1277 932 1304 facere

137 1323 269 1350 conabor.
309 1323 342 1349 Et
375 1323 497 1358 primum
536 1323 647 1358 quidem
684 1323 795 1357 angelos
827 1323 932 1358 aliquid

137 1375 260 1397 creatum
288 1377 349 1397 esse
389 1369 523 1403 dicimus,
554 1373 597 1401 et,
632 1373 661 1396 ut
691 1374 788 1397 cznlera
821 1370 929 1403 omnia,

138 1416 174 1443 ob
202 1414 341 1443 Creatoris
368 1415 517 1443 bonitatem
550 1421 658 1444 creatos
677 1417 751 1451 (nam
769 1416 869 1451 quibus
898 1416 931 1443 ad

138 1461 341 1489 subsistendum
378 1469 431 1489 non
467 1462 627 1497 indigebat,
655 1470 703 1489 eos
722 1481 730 1494 ,
766 1462 817 1489 nisi
837 1462 930 1490 fuisset

138 1516 247 1536 summe
264 1509 363 1542 bonus,
373 1516 515 1543 nunquam
529 1509 679 1544 creasset),
691 1509 807 1544 simplici
820 1509 929 1536 eadem-
942 1500 964 1531 C

137 1562 191 1589 que
208 1560 304 1582 natura
319 1555 448 1589 praeditos
458 1555 677 1588 omnes,etiamsi
688 1555 796 1589 ordine,
808 1560 835 1582 et
850 1556 930 1582 initii-

137 1600 322 1635 steriigradu,
337 1606 365 1629 et
399 1602 434 1629 ad
460 1601 544 1629 Deum
566 1602 830 1636 appropinquatione
860 1601 929 1629 alius

137 1648 221 1675 alium
244 1649 398 1680 antecedat,
418 1648 571 1676 luminosos
599 1649 775 1682 etlumen,et
787 1649 844 1676 sive
860 1648 928 1675 diﬂi-

136 1695 223 1722 culter
237 1695 352 1722 mobiles
365 1695 399 1722 ad
412 1695 525 1728 malum,
541 1695 598 1722 sive
616 1696 697 1722 etiam
716 1699 777 1730 post
797 1695 928 1724 daemonis

138 1740 320 1768 defectionem
333 1741 495 1775 lapsumque
515 1739 634 1777 οιιιιιίηο¹
658 1748 710 1767 non
734 1740 858 1768 mobiles.
883 1740 929 1767 Et-

140 1788 213 1815 enim
243 1787 377 1815 motoillo
410 1787 496 1821 (scitis
510 1787 566 1822 jam
579 1786 801 1821 istud,opinor),
815 1786 929 1817 liiplane

137 1834 245 1861 immoti
267 1837 478 1868 permanserunt
500 1841 507 1860 :
531 1833 683 1866 meritoque
711 1840 777 1859 sane
801 1833 929 1867 conjiciat

137 1879 209 1914 quis,
224 1879 452 1913 quemadmodum
469 1879 543 1913 juste
561 1878 685 1905 derelicti
712 1878 802 1906 sintet
826 1879 858 1906 ad
881 1887 929 1913 pe-

135 1925 194 1958 jora
204 1929 336 1959 perpetuo
348 1924 479 1957 ferantur,
490 1925 536 1960 qui
546 1925 631 1953 semel
642 1926 713 1952 male
723 1927 790 1953 moti
803 1926 860 1953 l'uet
868 1926 925 1961 int;

139 1970 175 1996 ita
192 1970 253 2002 hos,
267 1969 338 2004 quod
361 1969 432 1996 ﬁrmi
463 1970 625 2002 manserint,
645 1970 697 1997 hoc
722 1970 836 2004 majoris
864 1979 927 2005 pro-

138 2024 251 2049 gressus
266 2015 370 2042 donum
384 2023 397 2042 ο
412 2015 467 2042 Deo
484 2015 636 2050 accepisse,
653 2020 681 2043 ut
697 2024 854 2051 quanquam
878 2025 926 2045 eo-

139 2071 199 2090 rum
216 2067 313 2090 natura
326 2070 375 2090 suo
389 2063 449 2089 loco
460 2063 655 2098 maneret,ipsi
670 2068 760 2090 tamen
774 2063 844 2091 idem
855 2065 927 2099 quod

138 2109 206 2144 lapsi
225 2117 365 2144 nunquam
382 2108 438 2144 pati
453 2114 573 2143 possent.
587 2108 680 2144 Neque
691 2110 717 2136 id
747 2114 864 2143 tantum,
878 2112 925 2138 sed

136 2160 164 2183 et
179 2156 266 2183 bonos
279 2163 339 2183 esse
355 2156 405 2182 lioe
417 2154 694 2183 existimamus.Nam
707 2163 784 2183 suam
800 2163 925 2185 naturam
944 2172 968 2202 Β

139 2207 242 2230 natura:
254 2202 360 2237 opificis
373 2202 497 2229 omnium
516 2201 562 2228 Dei
587 2202 672 2237 magis
692 2207 832 2237 cognatam
865 2211 926 2232 esse

138 2248 316 2288 intelligimus
332 2256 414 2283 quam
443 2252 558 2275 caeteras
569 2255 614 2275 res
632 2248 666 2275 ab
689 2248 783 2276 eadem
806 2254 925 2276 creatas.
944 2260 947 2263 -

137 2294 227 2326 Quare
242 2293 411 2331 immortales
423 2293 505 2320 etiam
518 2300 578 2319 esse
594 2292 740 2324 credimus,
756 2297 786 2320 ut
805 2293 926 2327 illorum,

137 2339 236 2374 quibus
252 2340 283 2366 ad
294 2339 376 2366 vitam
388 2338 551 2373 indigemus,
567 2338 677 2365 minime
694 2337 810 2373 indiges.

171 2385 199 2413 9.
219 2384 269 2412 llic
282 2392 376 2418 senex,
389 2384 528 2419 Est_istud
551 2384 662 2420 quidem
694 2391 800 2418 verum,
825 2384 925 2420 inquit,

175 2452 212 2486 (l)
227 2452 254 2479 In
265 2452 338 2479 hunc
354 2452 410 2479 fere
430 2451 539 2479 modum
559 2453 592 2479 de
606 2459 660 2478 non
676 2452 845 2480 credentium
861 2461 924 2487 per-
955 2470 958 2473 π

137 2488 268 2516 suasione
284 2488 397 2514 Photius
422 2487 596 2520 Amphiloch.
623 2492 735 2521 qnmst.‘
753 2495 825 2519 xeix,
851 2489 920 2518 Cod.

137 2523 250 2550 Coislin.
268 2522 332 2554 270,
351 2522 397 2565 ςοί.
414 2523 471 2565 1045‘
480 2528 571 2565 rectq:
589 2522 651 2565 Tol;
665 2531 695 2565 τε
713 2523 835 2565 γὰρηδη
856 2524 921 2565 χρός

136 2568 174 2592 ψρ
190 2557 401 2594 πεπιστευκόσι,
429 2558 480 2594 καὶ,
499 2557 634 2594 μηδεμίαν
666 2557 834 2594 ἀμφιϐολίαν
857 2557 922 2594 τιέερὶ

139 2593 184 2621 τοῦ
194 2593 256 2621 καθ’
269 2593 344 2627 ἡμᾶς
362 2593 513 2627 μυστηρίου
526 2592 772 2627 πλραὸεχομένοις,
790 2592 921 2624 ὡσαύτως

138 2629 166 2654 δὲ
177 2630 222 2655 καὶ
238 2630 293 2659 τοῖς
305 2627 414 2658 τελείως
429 2629 461 2663 τῇ
481 2628 595 2663 ἀπιστίᾳ
615 2628 845 2662 κεκρατημένοις,
874 2630 922 2655 καὶ

141 2663 178 2697 μὴ
197 2664 302 2690 θέλουσι
320 2663 363 2689 διὰ.
385 2662 439 2689 τῶν
457 2662 587 2697 σημείων
613 2663 681 2696 πρὸς
711 2664 759 2696 τὴν
780 2663 923 2690 εὐσέϐειαν

139 2697 389 2732 χειραγωγηθῆναι,
407 2698 484 2724 κενὸν
498 2698 544 2724 καὶ
558 2698 672 2731 μάταιον
693 2699 708 2732 ἡ
732 2698 786 2733 τῶν
801 2699 924 2733 σημείων

111 2744 117 2752 ι
139 2733 281 2767 ἐπίδειξις.
298 2733 361 2764 Τοῖς
376 2733 404 2760 δέ
421 2742 452 2765 γε
472 2735 502 2760 ἐν
519 2735 551 2767 τῇ
567 2732 682 2766 ἀπιστία
707 2732 922 2767 τεθραμμένοις,

139 2765 200 2793 εἶτα
214 2768 307 2803 ἡρέμα
322 2775 380 2799 πως
396 2770 458 2799 τοὺς
476 2765 622 2801 λογισμοὺς
641 2765 709 2801 πρὸς
722 2765 769 2802 τὴν
782 2765 925 2795 εὖσὲὅειαν

139 2803 270 2830 ἐνδιδόναι
289 2803 641 2839 διανισταμένοιςητοὺτοις
656 2803 745 2829 οἰκεία
766 2804 812 2830 καὶ
838 2804 925 2839 πρόσ-

140 2845 223 2872 φορος
250 2839 304 2866 τῶν
333 2839 492 2874 παραδόξων
522 2838 611 2874 ἔργων
638 2839 834 2874 ήιξανέρωσις.
862 2842 928 2867 Atu-

988 213 1021 238 τὰ
1037 212 1086 248 τῆς
1099 212 1213 247 Γρσφῆς
1228 212 1316 238 πάντα
1337 213 1369 246 τῇ
1390 211 1452 238 καθ’
1468 211 1540 246 ὑμᾶς
1561 210 1705 246 θρησκείᾳ.
1726 212 1779 237 Ἢν

987 258 1061 289 ὅπως
1091 267 1120 285 τε
1147 258 1289 294 ἠγάσθητε
1315 259 1363 285 καὶ
1392 258 1581 293 παρειλήφατε
1606 257 1656 291 τὴν
1678 257 1777 291 ἀρχὴν,

987 306 1094 332 πολλῶν
1115 306 1182 332 πολὺ
1198 305 1406 340 θαυμαζόντων,
1423 305 1505 336 αὐτὸς
1522 305 1553 331 οὺ
1571 304 1650 331 τοῦτο
1668 303 1777 338 πάσχω.

987 352 1137 384 Πολυθεῖας
1153 353 1207 388 γάρ
1223 361 1264 380 τοι
1285 353 1333 380 και
1357 351 1474 379 εἰδώλων
1490 342 1694 386 ἀντηλλάξαεῖθε
1710 351 1778 376 ταύ-

985 406 1052 432 την·
1069 399 1127 425 ἀνθ’
1143 395 1180 425 ὧν
1195 399 1225 425 οὐ
1252 398 1329 433 παρὰ
1345 397 1424 425 τοῦτο
1449 398 1548 424 δίκαιοι
1570 396 1774 427 διαϐάλλεσθαι,

986 441 1099 468 ἀλλ’ὅτι
1132 441 1170 477 μὴ
1196 442 1242 468 τὸν
1257 442 1339 470 αὑτὸν
1363 443 1518 477 ὲτηρήσατε
1538 442 1632 476 νόμον,
1657 441 1695 472 ὡς
1720 441 1775 468 ἀπὸ

985 489 1088 524 ταύτης
1106 489 1298 524 μεταπηδήσαι
1317 488 1398 516 πάλιν
1414 489 1459 515 ἐπὶ
1473 488 1521 524 τὴν
1537 488 1664 523 κρείττω.
1686 487 1776 513 Ἐπει-

984 535 1016 570 δὴ
1030 535 1057 561 δὲ
1073 536 1135 566 ταῖς
1147 536 1271 571 Γραφαῖς
1287 536 1317 561 οὐ
1339 535 1428 569 βούλει
1454 533 1597 561 πείθεσθαι
1612 533 1691 565 τέως,
1710 533 1776 559 ἔνθα
1804 535 1805 539 ‘

986 581 1036 615 μέν
1067 589 1094 606 τι
1120 581 1248 613 λέγοντος
1276 580 1392 616 θατέρου
1420 580 1471 615 τῆς
1498 580 1621 614 Γραφῆς,
1638 580 1652 605 ὁ
1681 578 1777 613 ἕτερος

985 627 1063 662 ἡμῶν
1090 627 1260 662 ἀποδέχοιτο,
1278 628 1362 654 καλὸν
1382 627 1432 662 τῆς
1447 627 1502 654 τῶν
1527 626 1626 660 λογίων
1647 625 1775 661 βοηθείας

985 675 1134 709 μετασχεῖν
1148 675 1224 709 ἡμῖν,
1244 674 1284 706 ὡς
1297 671 1354 701 οἷόν
1369 682 1410 707 τε,
1434 674 1484 708 τὴν
1500 672 1630 705 διάλεξιν.
1647 671 1731 698 ΙῈνθα
1752 670 1768 698 δ

984 722 1017 748 ἂν
1047 721 1136 752 ἄλλως
1164 721 1247 747 τοῦτο
1278 721 1414 756 συμϐαίη,
1444 719 1458 746 ὃ
1487 718 1592 752 λοιπὸν,
1622 719 1678 750 τοῖς
1704 718 1778 751 λογι-

985 769 1063 802 σμοῖς
1082 767 1121 803 (1)
1150 768 1295 803 χρηστέον,
1317 768 1364 794 καὶ
1385 767 1424 802 τῷ
1444 766 1534 793 »εἰκότι
1560 765 1707 800 πειρατέον
1734 764 1776 795 εις

982 813 1110 848 δύναμιν,
1126 814 1178 848 ὅπη
1202 813 1236 840 ἂν
1252 813 1301 850 ἔχῃ
1324 813 1441 848 τάληθὲς
1460 813 1551 848 εὑρεῖν
1563 820 1571 829 ·
1587 812 1633 838 ὲάν
1646 809 1676 848 ᾖ,
1691 811 1774 846 φημὶ,

983 861 1029 886 καὶ
1051 860 1093 887 σοὶ
1117 860 1193 887 τουτὶ
1217 861 1352 895 ἡδομένῳ.
1373 861 1427 888 Καὶ
1445 860 1475 890 ὃς
1501 859 1617 894 ἐπῄνεσε
1632 859 1663 885 τὸ
1678 857 1773 893 ῥηθὲν,

982 905 1030 932 καὶ
1048 905 1201 940 συνέὸημεν
1219 906 1265 932 τὸν
1279 905 1380 940 τρόπον
1397 905 1492 932 τοῦτον
1505 903 1690 939 διαλεχθῆναι.

1017 1001 1053 1032 η’.
1068 997 1123 1025 Καί
1140 1006 1180 1024 σοι
1196 997 1340 1029 σκεπτέον,
1355 996 1421 1031 ἐφη,
1441 995 1506 1030 περὶ
1523 995 1570 1022 τοῦ
1590 995 1682 1028 λόγου,
1698 995 1773 1026 ὅπως

981 1044 1062 1071 τοῦτο
1080 1045 1190 1078 ὑφανεῐς
1211 1044 1316 1079 ἄρτιον,
1330 1043 1384 1070 ἀπὺ
1396 1042 1451 1069 τῶν
1464 1042 1588 1077 ἀγγέλων
1606 1041 1772 1076 ἀρξάμενος.

988 1091 1060 1124 Ἐγὼ
1074 1090 1103 1117 δὲ
1118 1091 1132 1118 ὅ
1146 1099 1174 1117 τι
1187 1090 1241 1118 τῶν
1257 1090 1413 1124 λεγομένων
1427 1089 1478 1116 οὐκ
1493 1088 1676 1123 ἀποδέξομαι,
1691 1087 1772 1119 λέξω,

982 1139 1029 1165 καὶ
1046 1138 1195 1173 προσθήσω
1207 1137 1258 1172 τὴν
1272 1137 1412 1172 ἡμετέραν
1426 1136 1504 1169 δόξαν
1518 1136 1605 1162 εἰπεῖν
1617 1133 1684 1170 περὶ
1699 1133 1773 1160 ὲκεί-

982 1194 1027 1212 νου
1041 1193 1083 1216 γε,
1094 1185 1162 1220 ὅπερ
1180 1184 1213 1211 ἂν
1225 1184 1330 1219 ἀπᾷδον
1339 1183 1438 1217 ,γνοίην
1449 1182 1504 1209 τῶν
1516 1182 1658 1217 ἡμετέρων
1668 1180 1773 1214 δογμά-

982 1240 1046 1258 των.
1063 1229 1136 1262 Εἷεν,
1156 1231 1234 1265 ἔφην,
1251 1227 1273 1257 ὧ
1289 1229 1414 1264 βέλτιστε
1427 1237 1434 1245 ·
1458 1228 1496 1260 ὡς
1511 1229 1544 1255 ἂν
1598 1227 1772 1262 βουλομένοις

984 1278 1047 1311 ὑμῖν
1061 1277 1163 1311 πρᾶξαι
1181 1276 1361 1311 πειράσομαι.
1381 1275 1436 1303 Καὶ
1462 1275 1530 1311 δῆτα
1555 1275 1619 1306 τοὺς
1637 1273 1773 1308 ἀγγέλους

983 1324 1064 1358 ἡμεῖς
1078 1323 1108 1348 τὸ
1135 1323 1242 1357 πρῶτον
1269 1320 1339 1349 εἷναι
1362 1321 1479 1357 λέγομεν
1500 1320 1708 1356 δημιούργημα,
1725 1320 1774 1347 καὶ

983 1370 1095 1401 τούτους
1110 1370 1138 1396 δὲ
1163 1370 1211 1397 καὶ
1234 1370 1324 1396 πάντα
1347 1368 1598 1405 δεδημιουργῆσθαι
1616 1367 1650 1394 δι’
1670 1367 1771 1401 ἁγαθό-

983 1426 1051 1452 τητα
1074 1416 1120 1443 τοῦ
1141 1415 1314 1450 Δημιουργοῦ
1331 1413 1380 1451 (ὧν
1397 1415 1452 1450 γὰρ
1474 1416 1525 1442 οὐκ
1549 1415 1634 1442 ὲδεῐτο
1649 1414 1718 1449 πρὸς
1741 1413 1772 1440 τδ

986 1463 1173 1495 συνίστασθαι,
1193 1462 1242 1488 οὐκ
1259 1462 1292 1489 ἄν
1308 1463 1366 1489 ποτ’
1380 1462 1491 1496 ἐγένετο
1505 1461 1608 1488 τούτων
1633 1461 1770 1495 δημιουρ-

981 1510 1038 1544 γὸς,
1059 1509 1097 1544 μὴ
1117 1507 1291 1541 ὐπεράγαθος
1305 1506 1352 1542 ὢν)
1369 1506 1472 1544 ἁπλοῦς
1488 1507 1538 1540 τὴν
1554 1505 1634 1540 φύσιν
1650 1505 1770 1537 πάντας,

982 1557 1029 1583 καὶ
1042 1557 1092 1591 τὴν
1107 1556 1194 1591 αὐτὴν
1207 1555 1329 1589 ἔχοντας,
1349 1555 1401 1582 κᾶν
1416 1554 1496 1586 ἄλλος
1515 1553 1597 1580 ἄλλου
1611 1553 1686 1586 τάξει
1700 1561 1765 1587 «po.

981 1603 1041 1638 ἑχῃ,
1065 1602 1114 1630 καὶ
1140 1602 1237 1638 βαθμῷ
1256 1601 1406 1634 διακονίας,
1419 1600 1466 1627 καὶ
1480 1602 1512 1635 τῇ
1534 1599 1602 1635 πρὸς
1627 1600 1657 1626 τὸ
1688 1599 1765 1626 Θεῖον

980 1650 1125 1685 ὲγγύτητι,
1144 1649 1311 1684 φωτοειδεῖς,
1328 1649 1376 1675 καὶ
1391 1648 1480 1682 φῶτα,
1501 1647 1551 1674 καὶ
1565 1647 1624 1681 ἦτοι
1639 1647 1768 1681 δυσκινή-
1779 1669 1785 1680 ,

980 1705 1044 1728 τους
1064 1696 1132 1731 πρὸς
1143 1695 1172 1722 τὸ
1185 1694 1280 1728 κακὸν,
1297 1695 1313 1729 ἢ
1328 1694 1475 1729 ἀκινήτους
1500 1694 1569 1728 μετὰ
1583 1693 1633 1728 τὴν
1647 1693 1694 1719 τοῦ
1714 1693 1768 1719 Σα-

979 1743 1030 1769 τὰν
1046 1742 1216 1769 ἀποστασίαν
1233 1741 1281 1768 καὶ
1296 1741 1446 1767 ἔκπτωσιν.
1466 1739 1540 1766 Ἀνθ”
1551 1735 1589 1766 ὤν
1605 1739 1711 1766 ἐκείνου
1727 1747 1769 1765 κι-

980 1789 1109 1824 νηθέντος
1138 1789 1207 1823 (τοτε
1223 1788 1288 1822 γὰρ,
1313 1787 1350 1818 ὡς
1380 1784 1500 1822 ἐγῷμαι)
1519 1786 1644 1820 ἀκίνητοι
1668 1785 1768 1817 τελέως

980 1833 1054 1863 οὗτοι
1079 1834 1238 1869 διέμειναν·
1259 1833 1381 1860 εἰκάσειε
1401 1833 1455 1867 γὰρ
1472 1832 1505 1859 ιν
1525 1840 1567 1864 τις
1589 1831 1714 1864 δικαίως,
1728 1832 1768 1862 ὡς

980 1881 1108 1916 καθάπερ
1135 1881 1160 1907 οι
1182 1879 1275 1912 κακῶς
1299 1879 1458 1914 κινηθέντες
1475 1879 1588 1910 δικαίως
1615 1879 1771 1913 ἐγκατελεί-

980 1928 1098 1962 φθησαν,
1127 1927 1173 1954 καὶ
1195 1927 1264 1961 πρὶς
1287 1926 1320 1953 τὰ
1347 1926 1432 1961 χείρω
1456 1924 1594 1952 κινοῦνται
1624 1925 1769 1960 διηνεκῶς,

979 1972 1066 2004 οὕτως
1085 1972 1158 1999 οὗτοι
1184 1972 1278 2005 πάγιοι
1295 1971 1438 2006 μείναντες
1452 1970 1538 2005 δῶρον
1561 1970 1654 1997 θεόθεν
1672 1970 1769 1997 ἔλαϐον

979 2018 1139 2054 ἐπιδόσεως,
1155 2019 1205 2052 τῆς
1231 2017 1340 2051 φύσεως
1355 2017 1445 2044 αὐτῶν
1469 2018 1539 2044 κατὰ
1561 2016 1654 2051 χώραν
1673 2017 1769 2051 μενού-

980 2072 1040 2099 σης,
1059 2063 1096 2099 μὴ
1118 2062 1202 2090 ταυτὸ
1214 2065 1270 2094 τοῖς
1287 2058 1438 2091 ὲπταικόσί
1455 2063 1521 2090 ποτὲ
1538 2063 1645 2091 παθεῖν.
1660 2064 1698 2090 Οὐ
1718 2064 1769 2104 μό-

979 2118 1024 2137 νον
1041 2110 1080 2142 δὲ,
1095 2109 1164 2136 ἀλλὰ
1190 2109 1239 2137 καὶ
1255 2110 1378 2144 ἀγαθοὺς
1394 2110 1506 2142 τούτους
1520 2109 1678 2144 δοξάζομεν,
1697 2111 1770 2144 Σογ-

981 2155 1146 2190 γενεστέραν
1170 2155 1223 2190 γὰρ
1239 2155 1321 2190 φύσιν
1337 2157 1369 2190 τῇ
1396 2156 1506 2182 πάντων
1526 2155 1690 2190 δημιουργῷ
1715 2157 1770 2183 τῶν

981 2203 1069 2230 ἄλλων
1085 2203 1138 2230 τῶν
1155 2203 1207 2230 ὑπὸ
1222 2202 1325 2236 ταύτης
1342 2201 1507 2228 κτισθέντων
1522 2201 1647 2235 νοοῦμεν.
1663 2203 1709 2229 Διὸ
1721 2205 1769 2230 καὶ

980 2250 1131 2280 ἀθανάτους
1146 2247 1216 2275 εἶναι
1231 2247 1405 2283 πιστεύομεν,
1417 2247 1552 2278 ἀνενδεείς
1569 2247 1669 2280 τελέως
1682 2249 1771 2283 ὑπάρ-

981 2304 1077 2331 χοντας
1094 2292 1131 2322 ὧν
1147 2295 1228 2329 ἡμεῖς
1244 2293 1360 2328 δεόμεθα
1376 2293 1445 2328 πρὸς
1459 2293 1489 2320 τδ
1502 2293 1561 2329 ζῇν.

1016 2385 1049 2413 0'.
1064 2385 1156 2411 Πάντα
1175 2384 1238 2420 μὲν,
1253 2383 1266 2410 ὁ
1282 2383 1372 2419 γέρων
1388 2383 1452 2420 ἔφη,
1468 2385 1503 2412 τὰ
1526 2385 1661 2420 εἰρημένα
1678 2387 1750 2414 καλά
1761 2396 1768 2404 ·

975 2452 1112 2490 pliiloeliia
1138 2452 1266 2484 Pholii,a
1290 2452 1511 2490 multisl'rlaudata
1541 2458 1568 2481 et
1601 2456 1770 2486 teutata,sed

977 2485 1010 2517 ad
1028 2490 1079 2517 hoc
1090 2493 1197 2522 tempus
1214 2496 1355 2522 nunquam
1372 2485 1457 2521 edita,
1470 2495 1580 2517 exstant
1604 2490 1629 2516 in
1652 2485 1772 2523 quatuor
1801 2485 1810 2494 ⁶

976 2525 1055 2552 boais
1080 2524 1223 2551 codicibus
1244 2524 1423 2552 Bibliotheca:
1447 2525 1550 2552 Caesar.
1581 2525 1768 2554 PIrFisicnsis:

974 2559 1144 2595 Coisliniano
1159 2558 1259 2595 n.j270.
1270 2559 1379 2595 optima:
1400 2564 1481 2591 notae,
1493 2559 1591 2595 Pliotip
1602 2560 1657 2587 fcie
1666 2569 1770 2595 eoaevo,

975 2594 1009 2622 de
1021 2603 1076 2629 quo
1092 2593 1288 2622 Monlefalcon.
1308 2593 1437 2621 Biblioth.
1457 2595 1542 2622 Coisl.
1570 2594 1661 2622 Paris.
1687 2593 1770 2628 1715,

975 2630 1023 2656 fol.
1036 2638 1099 2664 pag.
1114 2629 1167 2657 525
1185 2638 1192 2659 ;
1209 2629 1294 2656 altero
1311 2630 1393 2663 Regio
1408 2638 1434 2656 ιι.
1447 2629 1525 2662 1228,
1547 2630 1655 2662 333e,)“
1669 2639 1675 2657 :
1690 2633 1770 2659 tertio

976 2665 1039 2691 item
1051 2665 1134 2699 Regio
1143 2664 1223 2697 1229,
1235 2664 1371 2699 desrripto
1386 2672 1418 2691 ex
1430 2666 1490 2692 cod.
1504 2667 1606 2694 montis
1615 2666 1771 2700 Atltojussu

976 2699 1140 2736 Cltrysantlii
1159 2700 1275 2736 Amarae,
1285 2702 1330 2733 qui
1344 2705 1402 2727 erat
1416 2699 1771 2736 Hierosolymispatriarcha

976 2734 1128 2771 a._17707>:
1150 2735 1205 2761 vid.
1234 2734 1272 2762 Le
1295 2735 1381 2768 Quieu
1408 2735 1514 2764 Orient.
1539 2734 1635 2764 L'Iin‘sl.
1657 2739 1685 2771 rt.
1708 2735 1770 2771 111,

976 2769 1030 2796 col.
1053 2769 1105 2796 5'26
1126 2778 1133 2796 ε
1155 2774 1254 2804 quarto
1270 2778 1296 2796 η.
1323 2771 1356 2796 60
1384 2771 1586 2805 supplementi,
1599 2770 1708 2798 duobus
1730 2769 1772 2798 to-

978 2805 1041 2841 mis,
1054 2805 1192 2839 descripto
1210 2813 1323 2832 avorum
1351 2811 1508 2835 nostrorum
1531 2811 1611 2835 atate
1635 2813 1671 2841 cx
1687 2807 1771 2841 [legio

978 2840 1056 2874 1228,
1069 2848 1150 2878 quem
1161 2847 1241 2876 supra
1258 2841 1325 2868 dixi.
1635 2839 1638 2842 ’
