1929 3087
116 154 166 190 1H

592 150 782 184 DIALOGUS
805 150 818 179 Ι
841 148 922 179 CUM
941 148 1224 180 ΜΟΙἸΛΜΕῙἈΝΟ.
1247 182 1252 184 ν

1692 147 1741 182 ΜΞ

115 213 185 248 πλὴν
199 213 238 240 ἔτι
256 213 401 248 βουλοῐμην
413 219 440 239 τι
457 210 561 239 τούτων
576 210 692 237 ἀκοῦσαι
709 209 894 244 σαφέστερον·
910 232 912 235 ,

969 207 1136 242 uodcunque
1152 208 1242 236 dicis:
1258 209 1311 236 nisi
1327 209 1400 242 quod
1417 216 1498 236 unam
1523 217 1578 237 rem
1601 210 1743 245 aliquanto

115 259 187 286 ἀλλὰ
210 259 289 286 τοῦτο
306 260 356 292 μὲν
379 257 432 293 6δῷ
460 257 576 293 βαδίζων
601 257 616 283 ὸ
633 256 713 290 λόγος
738 255 820 290 τυχδν
838 255 903 290 ἡμῖν

116 305 264 332 ἀποδώσει.
286 305 454 334 ’ΔΘανάτους
480 303 572 338 μινιοι
589 303 700 335 τούτους
717 303 776 334 πῶς
798 302 843 336 ἄρ’
860 302 904 327 ὲν-

116 351 225 386 δὲχιται
242 349 312 378 εἶναι
325 359 333 384 ;
348 351 393 377 Δεῖ
406 350 462 385 γὰρ
486 349 568 384 φύσιν
581 350 703 382 ἃπασαν,
718 349 779 384 ἥτις
793 349 823 375 οὐ
841 347 904 383 μέλ-

116 396 160 423 λει
182 396 271 431 πάντη
294 396 543 431 διαφθαρήσεσθαι,
563 395 650 431 ἀρχὴν
673 394 810 422 λαϐοῦσαν
826 402 904 426 ποτε,

117 443 167 470 καὶ
183 442 261 474 τέλος
286 445 390 477 ταύτην
413 442 509 469 λαϐεῖν
520 450 528 458 ’
545 442 578 469 ἵν’
595 442 690 476 ὥσπερ
708 441 738 468 ὲν
763 440 858 476 κύκλῳ
870 441 903 475 τῇ

119 488 237 522 γενέσει,
252 489 301 515 καὶ
323 489 425 522 φθίσει,
443 489 490 516 καὶ
505 487 653 515 ἁναόιὼσει
670 490 711 519 εις
730 488 828 514 ταυτὸν
846 487 906 513 ποτ’

118 535 246 566 ἐλθοῦσα,
268 534 449 562 ἀλλοιωθείσά
468 543 499 561 τε
525 534 573 561 καὶ
592 534 770 566 ἀναστάσεως
784 533 906 569 κρείττο-

118 590 164 612 νος
177 581 365 613 ἀπολαύσασα,
388 581 491 615 φθορᾶς
513 581 623 616 ἁπάσης
647 581 773 615 ἀνωτὲρα
791 579 905 614 γένηται

118 626 167 653 τοῦ
182 627 288 654 λοιποῦ.
304 626 421 658 Οὐκοῦν,
439 626 519 661 ἔφην,
533 623 555 653 ὦ
575 626 663 659 ’γαθὲ,
682 627 729 654 καὶ
744 627 807 658 τοὺς
821 627 906 661 ἀγγέ-

118 673 183 704 λους
207 673 307 705 αὐτοὺς
320 673 436 707 θνητοὺς
454 671 524 699 εἶναι
547 673 696 706 δοξάζετες
720 674 776 701 Καὶ
797 673 826 705 ὃς
841 673 906 708 ἔφη,

119 721 188 749 Ναί.
205 719 242 749 Ἥ
262 721 330 748 πολύ
356 730 409 755 τοι,
426 721 496 756 ἔφην
518 721 586 755 ἐγὼ,
610 721 741 753 ἐναντίως
757 721 850 757 ἔχουσι
874 730 906 755 γε

120 769 188 804 ἡμῖν
202 769 230 795 αἱ
257 768 393 804 περὶτῶν
417 768 543 803 ἀγγέλων
565 768 640 801 δόξαι
653 777 660 784 ’
679 768 751 804 ζωῆς
778 769 834 804 γὰρ
860 769 908 796 καὶ

121 814 238 841 θανάτου
254 815 297 845 τίς
316 814 348 841 ἂν
362 814 469 848 γένοιτο
485 814 586 847 μείζων
601 815 717 850 διαφορά
730 823 737 847 ;
752 815 800 845 Τις
818 814 864 840 οὖν
877 823 906 841 σε

119 861 213 900 πεῖσαι
228 860 385 893 δυνήσεται,
402 860 440 892 ὡς
453 860 541 891 ἄλλως
554 859 621 894 ἔχει,
638 859 656 887 ἃ.
673 859 775 894 λέγεις,
794 861 907 888 πιθανόν
924 877 945 906 Β

119 914 151 932 τε
168 905 257 940 λέγειν
280 905 420 938 δοκοῦντα,
443 905 491 931 καὶ
514 905 562 940 τὴν
583 905 637 931 ἀπὸ
653 905 708 931 τῶν
723 905 840 940 Γραφῶν
856 906 906 932 οὐκ

119 950 247 976 ἐθέλοντα
273 950 402 982 δέξασθαι
427 950 592 984 μαρτυρίαν,
619 949 666 976 καὶ
690 949 804 984 προσέτι
829 949 907 984 φωνῇ

118 994 325 1030 διαλεγόμενον,
343 994 404 1030 ἥτις
421 993 550 1029 ἀλλοτρία
574 991 640 1021 οὖσα
655 994 694 1027 τῷ
715 993 908 1028 προσδιαλεγο-

120 1041 197 1076 μὲνῳ
214 1049 267 1073 σοι,
293 1041 327 1067 τὰ
352 1040 545 1075 λεχθησόμενα
561 1041 692 1074 παραινεῖ
712 1039 837 1074 ἒπίτηδες
860 1047 908 1066 τα-

119 1084 281 1119 πεινότερα,
300 1084 373 1120 ἢπερ
389 1084 460 1118 ἐστὶ,
479 1086 567 1112 ποιεῖν
581 1084 737 1118 φαίνεσθαι.

152 1211 187 1248 λιν.
210 1219 359 1255 Πειρατέον
376 1219 423 1251 καὶ
452 1219 549 1253 οὕτως,
573 1218 638 1254 ἔφη,
661 1219 778 1253 τάληθὲς
805 1220 908 1256 εὑρεῖν.

121 1263 227 1292 Πολλοῦ
247 1265 296 1299 μὲν
313 1264 379 1300 γὰρ,
403 1264 434 1291 εὖ
455 1264 520 1297 ῐσθι,
545 1266 682 1300 πριαίμην
698 1265 742 1298 ἂν,
763 1266 791 1292 si
805 1266 846 1297 τις
866 1275 908 1300 μοι

124 1312 258 1345 παρεῖχεν
285 1311 396 1345 ἀμέσως
412 1318 453 1337 σοι
473 1310 604 1337 δύνασθαι
629 1310 810 1346 διαλέγεσθαι.
838 1311 911 1346 Πλὴν

123 1358 309 1393 ὲγχωρηξέον.
327 1358 365 1390 ὡς
382 1359 511 1394 ἐγχωρεῖ,
534 1359 582 1386 καὶ
595 1359 694 1391 οὕτως,
709 1358 762 1394 ὅπη
791 1360 825 1386 ἄν
843 1359 910 1394 ἔχοι,

123 1403 243 1438 τάληθὲς
273 1404 462 1439 εὑρεθήσεται.
499 1404 658 1440 Ἀπόκριναι
685 1405 717 1440 δή
744 1413 799 1440 μοι,
831 1405 910 1439 ἔφην.

126 1451 265 1486 Ἀναρχον
279 1448 351 1477 εἶναι
367 1451 457 1484 λέγεις
470 1451 560 1478 πᾶσαν
575 1451 675 1486 ψυχὴν,
692 1451 738 1478 καὶ
754 1451 823 1486 μηδὲ
836 1452 912 1478 ιχτί-

125 1497 190 1523 σθαι
206 1497 283 1529 ποτὲ,
301 1496 363 1532 μηδ’
375 1494 457 1531 εἶναι,
471 1497 516 1524 ὅτε
526 1499 576 1524 οὐκ
591 1495 626 1532 ἦν
637 1498 671 1533 ;ἢ
693 1498 835 1531 γεγονέναι
847 1497 914 1524 ταύ-

124 1552 177 1579 την
195 1544 271 1576 ποτὲ,
286 1544 334 1570 καὶ
349 1543 452 1579 κτίσμα
469 1541 550 1577 εῖναι,
573 1545 619 1570 καὶ
636 1543 724 1579 ἀρχὴν
746 1544 887 1579 εἰληφέναι
901 1553 907 1577 ;
925 1543 946 1573 C

125 1591 176 1622 Τίς
192 1590 216 1617 δ’
229 1589 262 1617 ἂν
279 1590 312 1616 τὺ
329 1590 437 1625 πρῶτον
461 1590 554 1623 sinat;
580 1590 673 1625 φησίν.
691 1590 789 1622 Καλῶς
809 1590 910 1624 λέγεις,

126 1637 197 1671 ἔφην
210 1644 217 1651 ”
231 1636 301 1663 δοκῶ
314 1635 341 1662 δέ
356 1645 412 1671 μοι,
428 1635 466 1668 ὥς
478 1637 525 1662 καὶ
539 1637 666 1671 πρώτους
680 1637 734 1663 τῶν
747 1637 837 1664 ἄλλων
848 1638 913 1664 πάνο

126 1691 181 1709 των
199 1683 357 1716 κτισμάτων
383 1681 505 1714 δοξάζεις
527 1682 591 1714 τοὺς
615 1682 749 1717 ἀγγέλους
776 1683 912 1716 ἐκτίσθαι,

127 1729 175 1756 καὶ
192 1728 312 1764 κρείττω
334 1727 416 1763 φύσιν
439 1726 510 1755 εἶναι
528 1729 624 1755 πασῶν
647 1729 701 1756 τῶν
729 1730 787 1764 μετ’
814 1730 914 1760 αὐτοὺς

125 1775 348 1810 γεγεννημένων,
375 1776 422 1802 καὶ
446 1775 665 1810 συγγενεστέραν
685 1776 719 1811 τῇ
747 1775 845 1811 πρώτῃ
864 1776 912 1811 (Ι).

131 1823 212 1857 Ἀρτι
232 1822 282 1856 γὰρ
301 1821 362 1856 ἐμοὶ
376 1820 448 1848 τοῦτ’
467 1821 580 1854 εἰπόντι,
598 1817 639 1853 οἷς
659 1821 709 1848 οὐκ
731 1823 861 1857 ἁντέφης,
876 1820 914 1849 οἴ-

132 1877 193 1903 μαι,
213 1867 336 1894 συνέθου.
351 1867 405 1894 Ναὶ
428 1865 527 1899 οὕτως,
547 1866 600 1902 ἔφη
612 1867 627 1894 ό
646 1868 745 1902 γέρων,
759 1867 826 1902 ἔχει.
844 1868 916 1894 Οὐκ-

130 1902 190 1946 οῦν,
206 1909 228 1939 ὦ
246 1912 379 1947 βέλτιστε,
396 1911 474 1947 ἔφην,
502 1902 554 1938 καὶ.
571 1911 622 1947 τὴν
640 1912 733 1947 ψυχήν
758 1921 806 1939 σοι)
824 1913 915 1940 θανεῖν

129 1960 180 1991 δεῖ,
196 1959 244 1985 καὶ
260 1959 351 1985 πᾶσαν
365 1958 459 1993 ἄλλην,
474 1957 522 1984 καὶ
544 1957 635 1993 πολλῷ
649 1966 681 1992 γε
699 1958 800 1993 μᾶλλον
814 1959 917 1991 ταύτας

131 2004 227 2040 ἧτοὺς
252 2004 397 2038 ἀγγέλους.
422 2004 483 2030 ἐπεὶ
508 2004 607 2031 πολλοῦ
633 2012 665 2039 γι
695 2005 741 2032 καὶ
766 2004 806 2031 δεῖ
828 2005 917 2041 ψυχὰς

132 2051 260 2085 ἀγγέλοις
288 2050 499 2085 παρισωθῆναι·
527 2049 594 2077 πολὺ
619 2051 675 2086 γὰρ
704 2050 790 2086 δήπου
816 2051 917 2083 ταύτας

133 2098 247 2124 ἐκείνων
272 2097 371 2132 ἥττους
389 2095 571 2130 γνωρίζομεν.
586 2095 668 2123 Καὶό
698 2097 825 2132 Πέρσης⁸
847 2098 918 2124 Ἀλλ’

134 2145 162 2170 οὺ
177 2143 301 2176 δοξάζειν
328 2143 539 2178 παρειλήφαμεν
562 2141 655 2170 οὕτω⁸
670 2143 718 2170 καὶ
742 2144 798 2178 γάρ
824 2152 864 2170 τοι
890 2144 918 2171 αι

135 2190 219 2225 ψυχαὶ
245 2189 421 2224 διαμένουσιν
436 2188 577 2222 ἀθάνατοι,
604 2188 674 2223 μετὰ
694 2188 724 2216 τὸ
739 2189 842 2221 ταύτας
865 2189 919 2216 τῶν

138 2236 273 2271 σωμάτων
300 2235 506 2270 ἀπαλλαγῆναι.
532 2232 570 2261 Εὖ
596 2234 682 2261 ποιῶν
707 2234 793 2262 ταῦτα
819 2235 920 2269 λέγεις,

138 2281 216 2309 εἷπον
231 2281 296 2316 ἐγώ.
326 2281 411 2316 Πλὴν,
440 2280 498 2312 πῶς
513 2278 594 2308 αὗται
609 2279 671 2316 μὶν,
693 2281 797 2318 καῑπερ
823 2282 922 2314 ἐνδεῶς

138 2329 206 2363 πρὸς
220 2328 270 2362 τὴν
288 2327 341 2354 τῶν
363 2326 487 2361 ἀγγέλων
500 2325 610 2361 ἔχουσαι
627 2326 796 2362 τελειότητα,
820 2327 923 2362 φθορᾶς

138 2375 206 2400 εἰσιν
223 2373 389 2408 ὑψηλότεραι
403 2381 410 2405 ;
426 2372 442 2408 ἢ
471 2371 500 2398 δὲ
516 2371 620 2399 τούτων
645 2372 808 2406 ὑπέρκειται
831 2372 924 2407 φύσις,

139 2419 244 2454 φθορὰν
258 2419 304 2445 καὶ
317 2418 434 2445 θάνατον
449 2417 651 2452 ὑποστήσεται;
664 2418 700 2444 Τὸ
712 2418 767 2453 γὰρ
780 2418 812 2445 τὺ
830 2418 923 2445 δεύτε-

143 2466 186 2500 ρόν
203 2473 232 2491 τε
247 2465 294 2491 καὶ
309 2461 391 2499 ἧττόν
406 2473 432 2490 τι
446 2463 574 2499 πάσχειν,
589 2463 660 2498 ὅπερ
671 2463 701 2490 οὐ
715 2463 746 2490 τὸ
756 2464 864 2499 πρῶτον
876 2466 923 2492 καὶ

143 2512 266 2546 κρεῖττον
291 2510 418 2545 φαίνεται
437 2511 552 2545 πάσχον,
565 2504 643 2536 οὺδέν
665 2509 840 2545 θαυμαστόν·
855 2508 886 2538 οὗ
901 2512 923 2538 δ’
948 2513 955 2520 ’

142 2556 174 2582 ἂν
189 2557 231 2592 εῐη
251 2556 281 2583 τὸ
309 2556 437 2591 δεύτερόν
453 2564 484 2582 τε
514 2557 562 2583 καὶ
580 2554 662 2592 ἧττον
681 2556 749 2588 ὅλως
771 2557 924 2594 ἐλεύθερον,

145 2604 225 2638 σχολῇ
241 2603 266 2636 γ’
282 2603 316 2629 ἂν
341 2603 429 2637 τούτῳ
452 2602 623 2630 δουλεύσειεν
637 2602 652 2629 ὃ
674 2603 740 2629 πολύ
765 2612 805 2630 τοι
820 2605 927 2632 ἐκείνου

143 2649 336 2682 εὐγενέστερον
349 2649 532 2684 ὡμολόγηται.
552 2649 587 2675 Ἢ
601 2649 632 2675 οὐ
654 2649 729 2676 δοκεῖ
746 2659 807 2683 σοι;

954 253 1056 282 eiarius
1069 254 1149 282 velim
1163 255 1314 290 intelligere
1326 264 1333 282 :
1346 256 1396 283 sed
1406 256 1470 283 illud
1484 256 1511 283 in
1526 258 1662 284 sermonis
1680 265 1744 291 pro-

954 307 1050 333 gressu
1065 301 1180 329 fortasse
1192 302 1272 329 nobis
1287 303 1436 338 continget.
1447 302 1586 335 Attamen.
1600 305 1739 338 quomodo

956 346 1014 373 ﬁeri
1025 351 1162 380 potest,ut
1173 348 1262 382 angeli
1276 349 1330 376 sint
1344 349 1535 376 immortales?
1546 348 1660 384 Oportet
1669 350 1743 376 enim

955 392 1047 420 hercle
1062 400 1170 421 omnem
1187 399 1326 427 naturam,
1352 403 1414 430 quae
1434 403 1487 422 non
1512 395 1624 422 omnino
1650 395 1745 422 interi-

956 443 1017 466 tura
1031 440 1076 471 sit,
1089 441 1323 474 quemadmodum
1338 441 1485 476 aliquando
1499 442 1606 468 initium
1624 441 1744 476 accepit.

956 484 993 512 ita
1006 485 1086 513 tinem
1101 487 1181 514 etiam
1195 487 1313 522 aliquem
1325 488 1424 515 habere
1440 496 1447 514 :
1461 492 1490 515 ut
1505 488 1582 522 quasi
1597 487 1624 514 in
1639 487 1745 514 circulo

956 539 1006 566 per
1030 534 1246 567 generationem.
1259 534 1398 561 interitum
1415 537 1441 561 et
1459 535 1687 562 resurrectionem
1710 535 1744 560 ad

962 576 1034 604 idem
1064 578 1172 605 tandem
1196 579 1344 612 aliquando
1365 579 1513 613 perveniat,
1531 583 1558 606 et
1590 580 1744 610 immutata.

957 623 1196 658 praestantiorique
1213 625 1414 653 resurrectione
1427 625 1533 658 fruens,
1548 625 1658 652 interitu
1669 627 1744 652 omni

957 670 1083 704 superior
1096 670 1122 697 in
1136 676 1273 705 posterum
1289 671 1395 700 evadat.
1421 671 1490 698 Tum
1519 679 1581 707 ego,
1608 672 1703 706 Igitur,
1728 680 1745 698 o

958 715 1039 748 bone,
1055 717 1169 751 angelos
1182 716 1254 751 ipsos
1266 717 1347 744 etiam
1359 718 1489 745 mortales
1498 725 1557 745 esse
1572 718 1720 752 opinamini
1735 719 1747 745 ?

957 761 1012 806 Nos
1027 770 1092 790 vero
1110 764 1349 797 maxime.inquit.
1372 763 1418 790 Na:
1434 764 1550 791 multum
1575 765 1677 796 diﬂ'ert,
1706 765 1748 791 in-

958 817 1053 843 quam,
1070 815 1163 837 nostra
1179 810 1322 845 deangelis
1339 811 1433 845 opinio
1451 811 1679 845 :quidnamenim
1691 812 1749 838 dis-

959 855 1062 882 crimen
1076 863 1139 882 csse
1157 856 1242 890 possit
1257 856 1346 890 majus
1361 856 1408 883 illo
1421 875 1428 888 ,
1442 856 1514 891 quod
1527 857 1599 883 inter
1614 858 1697 884 vitam
1719 863 1748 884 et

959 906 1073 929 mortem
1090 901 1236 928 intercedit
1247 902 1299 928 ?Et
1313 903 1387 936 quis,
1401 903 1685 937 quaeso.persuadere
1698 904 1746 930 tibi

959 948 1068 982 poterit,
1081 948 1159 975 aliter
1174 956 1204 975 se
1217 948 1316 976 habere
1339 956 1372 976 ea
1391 956 1452 983 quze
1471 949 1550 981 dicis,
1588 950 1742 984 praesertim

958 1002 1020 1021 eum
1033 999 1060 1021 tu
1078 995 1124 1021 tibi
1140 994 1280 1029 probabile
1291 995 1396 1029 aliquid
1405 996 1494 1023 dicere
1506 996 1634 1026 videaris.
1647 1004 1748 1024 sacra;-

959 1047 1012 1074 que
1028 1039 1177 1074 Scriptura:
1193 1039 1378 1067 testimonium
1410 1040 1481 1067 nolis
1503 1039 1750 1074 admittere?pr:e-

961 1091 1084 1120 terquam
1100 1085 1272 1120 quodlingua
1286 1085 1371 1113 uteris
1385 1085 1451 1112 mihi
1466 1090 1556 1112 tecum
1583 1086 1747 1119 colloquenti

961 1132 1130 1166 alienaque
1150 1131 1240 1158 nativa
1256 1132 1280 1158 vi
1296 1138 1346 1159 sua
1365 1130 1455 1164 etiicil,
1466 1135 1495 1159 ut
1506 1139 1549 1159 res
1567 1132 1689 1159 dicendae
1699 1131 1750 1159 ltu-

961 1176 1093 1210 miliores,
1108 1185 1189 1212 quam
1206 1184 1300 1204 revera
1320 1182 1395 1208 sunt,
1419 1184 1480 1204 esse
1506 1177 1662 1204 videantur.

998 1224 1043 1251 10.
1071 1224 1116 1251 Sic
1133 1225 1226 1255 etiam,
1244 1224 1344 1258 inquit,
1364 1224 1506 1251 veritatem
1523 1231 1655 1251 conemur
1673 1224 1749 1251 inve-

962 1271 1033 1298 nire.
1052 1271 1118 1297 Nam
1139 1277 1238 1303 magno
1254 1269 1375 1304 quidem,
1394 1269 1460 1296 mibi
1475 1269 1566 1300 crede.
1582 1276 1711 1300 emerem,
1728 1270 1751 1295 si

961 1318 1023 1353 quis
1033 1317 1084 1344 hoc
1097 1315 1164 1343 mibi
1175 1315 1319 1348 tribueret,
1334 1321 1363 1342 ut
1376 1316 1480 1350 absque
1499 1315 1581 1343 ullius
1597 1315 1751 1342 interventu

961 1363 1081 1398 colloqui
1101 1368 1188 1390 tecum
1204 1369 1324 1397 possem.
1342 1362 1395 1389 Sed
1412 1366 1514 1393 tamen,
1529 1362 1618 1396 quoad
1638 1363 1697 1396 ejus
1714 1362 1755 1388 [ιι--

962 1416 1024 1438 cere
1043 1410 1202 1444 poterimus,
1215 1416 1270 1436 rem
1285 1409 1393 1444 aggredi
1410 1416 1459 1444 par
1473 1413 1524 1441 est,
1539 1413 1567 1436 et
1584 1408 1625 1436 sic
1640 1409 1753 1441 veritas,

962 1457 1208 1492 quomodocunqne
1226 1463 1255 1483 se
1273 1455 1382 1488 babeat,
1408 1455 1570 1490 reperietur.
1604 1455 1659 1490 Age
1677 1463 1754 1486 vero,

964 1503 1075 1537 inquam
1092 1510 1099 1529 :
1116 1491 1263 1537 responde,
1278 1501 1299 1529 si
1313 1501 1359 1529 tibi
1372 1501 1490 1529 videtur.
1503 1501 1616 1529 Omnem
1635 1501 1755 1528 animam

964 1553 1054 1576 utrum
1077 1548 1146 1576 initii
1173 1552 1310 1583 expertem
1329 1542 1390 1576 esse
1413 1548 1493 1579 dicis,
1520 1555 1609 1582 neque
1633 1554 1753 1581 unquam

963 1597 1095 1626 creatam,
1110 1600 1158 1620 nec
1175 1593 1259 1620 ullum
1279 1593 1391 1619 omnino
1402 1592 1534 1627 assignari
1554 1592 1578 1618 ei
1594 1597 1756 1632 pussc'lcm-

964 1646 1026 1673 pus,
1044 1645 1098 1673 quo
1113 1646 1167 1665 non
1187 1638 1277 1665 esset?
1298 1645 1331 1664 an
1349 1642 1442 1664 contra
1468 1638 1532 1664 olim
1557 1637 1655 1664 fartam
1679 1645 1756 1664 crea—

965 1689 1074 1718 tamque
1089 1691 1160 1716 esse,
1174 1683 1355 1711 etexsistcndi
1371 1683 1521 1717 sumpsisse
1538 1682 1645 1709 initium
1658 1681 1758 1715 ‘IQuis.

965 1731 1063 1766 inquit,
1083 1730 1159 1765 prius
1176 1729 1240 1756 illud
1267 1729 1393 1756 dixerit?
1408 1728 1523 1763 Opinor,
1547 1729 1657 1763 inquam
1673 1737 1680 1755 :
1699 1729 1758 1767 sed.

966 1782 996 1806 ut
1009 1777 1075 1805 mibi
1094 1777 1212 1809 videtur,
1227 1781 1388 1804 cmterarum
1413 1776 1495 1804 etiam
1511 1775 1633 1802 omnium
1650 1779 1760 1802 creatu-

966 1833 1058 1853 rarum
1081 1826 1183 1860 primos
1201 1825 1311 1859 angelos
1333 1828 1440 1851 creatos
1455 1823 1542 1850 fuisse
1567 1823 1690 1857 opinare,
1713 1829 1761 1848 (ιο.

967 1878 1083 1905 rumque
1110 1875 1236 1897 naturam
1264 1869 1390 1897 omnibus
1408 1876 1468 1904 qua:
1490 1873 1553 1903 post
1581 1869 1656 1902 ipsos
1683 1868 1761 1895 fat-tte

968 1921 1033 1944 sunt
1050 1917 1268 1951 praestantiorem
1293 1923 1364 1947 esse.
1387 1916 1536 1950 primmque
1560 1915 1597 1942 illi
1612 1915 1698 1950 magis
1714 1922 1761 1942 co-

968 1967 1089 1997 gnatam.
1107 1962 1187 1990 Modo
1201 1961 1273 1988 enim
1287 1961 1339 1988 hoc
1351 1961 1416 1987 mibi
1430 1956 1531 1988 dicenti
1547 1968 1609 1988 cum
1627 1968 1680 1987 non
1695 1967 1762 1987 con—

970 2009 1128 2038 tradixcris.
1151 2015 1282 2035 assensus
1295 2014 1336 2038 es,
1352 2007 1480 2033 arbitror.
1498 2006 1582 2034 Recte
1607 2010 1635 2034 tu
1652 2006 1761 2041 quidem

961 2055 1116 2093 arbitrare,
1134 2054 1236 2088 inquit..
1249 2052 1326 2084 Vide,
1344 2052 1467 2086 inquam,
1489 2051 1591 2086 optime
1610 2050 1661 2081 Vir,
1676 2058 1764 2085 quan-

971 2105 1028 2127 tum
1052 2100 1147 2126 fallare
1165 2107 1215 2126 :an
1231 2106 1285 2126 non
1303 2104 1375 2124 tuam
1392 2097 1473 2124 etiam
1496 2097 1626 2127 animam,
1640 2103 1763 2123 omnem-

971 2154 1024 2182 que
1042 2147 1122 2174 aliam
1150 2145 1263 2173 interire
1287 2144 1412 2180 oportet?
1437 2143 1577 2177 multoque
1603 2142 1690 2177 magis
1714 2142 1764 2169 bas

973 2201 1054 2228 quam
1071 2192 1192 2227 angelos,
1208 2192 1337 2226 quoniam
1353 2190 1438 2218 multo
1455 2189 1544 2217 hercle
1562 2189 1647 2217 abest.
1665 2192 1694 2214 ut
1706 2187 1765 2214 ani-

974 2248 1025 2267 mm
1041 2239 1143 2274 angelis
1157 2242 1334 2272 exaequentur
1350 2245 1358 2263 :
1379 2237 1427 2264 has
1441 2235 1514 2265 enim
1532 2235 1585 2261 illis
1601 2232 1764 2268 longeinfe-

974 2276 1061 2314 riores
1077 2292 1137 2312 esse
1150 2288 1269 2311 constat.
1286 2281 1345 2309 Non
1365 2287 1456 2309 tamen
1471 2282 1506 2308 ita
1521 2284 1572 2313 est,
1589 2279 1694 2314 inquit:
1710 2285 1764 2305 non

972 2332 1047 2360 illam
1062 2339 1111 2359 nos
1124 2330 1297 2364 disciplinam
1314 2336 1329 2355 a
1342 2328 1493 2361 majoribus
1509 2325 1666 2363 accepimus
1681 2333 1688 2352 :
1706 2324 1766 2351 ani-

974 2386 1037 2415 mae,
1056 2381 1199 2412 postquam
1217 2374 1379 2408 corporibus
1403 2373 1524 2400 liberatae
1552 2375 1626 2403 sunt,
1655 2378 1766 2405 perma-

976 2429 1040 2452 nent
1055 2423 1232 2451 immortales.
1253 2423 1325 2451 Bene
1341 2421 1420 2453 facis,
1439 2419 1645 2454 inquam,quud
1661 2419 1713 2446 boc
1725 2417 1767 2445 di-

976 2469 1026 2496 cis.
1036 2468 1100 2499 Sed.
1108 2475 1162 2502 quo
1176 2467 1283 2495 tandem
1294 2466 1375 2493 modo
1385 2465 1483 2492 anima
1493 2465 1613 2500 quidem.
1623 2464 1674 2492 etsi
1687 2470 1768 2499 ange-

978 2515 1066 2543 lorum
1080 2514 1246 2549 perl‘cctionc
1260 2511 1413 2543 inferiores,
1423 2517 1506 2544 supra
1520 2516 1628 2537 onmem
1641 2508 1769 2536 interitus

979 2561 1066 2588 aleam
1095 2560 1189 2594 posita:
1205 2562 1278 2589 sunt,
1289 2556 1388 2584 animis
1404 2561 1496 2583 autem
1522 2555 1648 2590 superior
1670 2558 1768 2581 natura

981 2607 1183 2641 corruptionem
1201 2608 1371 2638 mortemque
1388 2602 1530 2637 patietur?
1553 2601 1651 2628 Mirum
1668 2600 1771 2636 quippe

980 2660 1034 2680 non
1051 2656 1103 2683 est,
1119 2649 1266 2678 secundam
1284 2649 1495 2684 inferioremque
1509 2646 1690 2676 substantiam
1713 2645 1771 2680 pati

145 2695 256 2730 aliquid,
273 2696 343 2730 quod
359 2695 446 2730 prima
464 2700 492 2723 et
506 2695 632 2731 superior
646 2703 699 2723 non
719 2697 838 2731 patiatur
854 2708 860 2726 :
879 2701 926 2728 sed
947 2707 1000 2734 qua
1017 2699 1052 2726 ab
1074 2705 1104 2725 re
1121 2695 1242 2724 secunda
1259 2695 1428 2730 inferiut‘qtte
1445 2699 1544 2721 natura
1575 2693 1668 2720 soluta
1698 2691 1734 2719 sit
1745 2698 1773 2722 οι

146 2742 238 2774 libera,
254 2743 279 2770 ei
296 2742 347 2776 ipsi
367 2742 405 2770 rei
421 2750 492 2778 aegre
505 2743 625 2770 obnoxia
642 2750 703 2771 esse
718 2744 804 2778 possit
839 2750 948 2778 natura,
987 2751 1068 2780 quam
1093 2743 1171 2778 longe
1190 2743 1309 2770 secunda
1332 2741 1493 2769 nobiliorem
1514 2746 1576 2767 esse
1597 2738 1772 2767 conﬁtemur.

147 2787 243 2815 Annon
260 2788 307 2815 tibi
325 2789 362 2816 ita
380 2788 505 2816 videtur?

181 2879 218 2913 (ί)
234 2879 335 2913 Nempe
352 2880 463 2908 divinus.
