  <div class='ocr_page' id='page_1' title='image "/cluster/home/n/w/nwhite01/storage/ocr_20150623/156/njp.32101077773214/077.png"; bbox 0 0 1929 3087; ppageno 0'>
   <div class='ocr_carea' id='block_1_1' title="bbox 152 142 205 174">
    <p class='ocr_par' dir='ltr' id='par_1_1' title="bbox 152 142 205 174">
     <span class='ocr_line' id='line_1_1' title="bbox 152 142 205 174; baseline -0.038 0"><span class='ocrx_word' id='word_1_1' title='bbox 152 142 205 174; x_wconf 75' lang='lat' dir='ltr'><strong>H3</strong></span> 
     </span>
    </p>
   </div>
   <div class='ocr_carea' id='block_1_2' title="bbox 187 193 984 231">
    <p class='ocr_par' dir='ltr' id='par_1_2' title="bbox 187 193 984 231">
     <span class='ocr_line' id='line_1_2' title="bbox 187 193 984 231; baseline -0.006 -6"><span class='ocrx_word' id='word_1_2' title='bbox 187 198 230 225; x_wconf 85' lang='lat' dir='ltr'><strong>tl.</strong></span> <span class='ocrx_word' id='word_1_3' title='bbox 247 195 444 231; x_wconf 76' lang='lat' dir='ltr'><strong>Mihiquidem,</strong></span> <span class='ocrx_word' id='word_1_4' title='bbox 459 193 560 229; x_wconf 88' lang='lat' dir='ltr'><strong>inquit,</strong></span> <span class='ocrx_word' id='word_1_5' title='bbox 577 200 684 222; x_wconf 82' lang='lat' dir='ltr'><strong>summa</strong></span> <span class='ocrx_word' id='word_1_6' title='bbox 696 194 803 221; x_wconf 77' lang='lat' dir='ltr'><strong>ratione</strong></span> <span class='ocrx_word' id='word_1_7' title='bbox 820 193 892 222; x_wconf 88' lang='lat' dir='ltr'><strong>dicta</strong></span> <span class='ocrx_word' id='word_1_8' title='bbox 907 194 946 220; x_wconf 79' lang='lat' dir='ltr'><strong>vi-</strong></span> <span class='ocrx_word' id='word_1_9' title='bbox 961 196 984 225; x_wconf 82' lang='grc' dir='ltr'><strong>Α</strong></span> 
     </span>
    </p>
   </div>
   <div class='ocr_carea' id='block_1_3' title="bbox 150 241 945 276">
    <p class='ocr_par' dir='ltr' id='par_1_3' title="bbox 150 241 945 276">
     <span class='ocr_line' id='line_1_3' title="bbox 150 241 945 276; baseline -0.006 -4"><span class='ocrx_word' id='word_1_10' title='bbox 150 245 261 276; x_wconf 83' lang='lat' dir='ltr'><strong>dentur,</strong></span> <span class='ocrx_word' id='word_1_11' title='bbox 279 249 339 276; x_wconf 61' lang='lat' dir='ltr'><strong>qua;</strong></span> <span class='ocrx_word' id='word_1_12' title='bbox 353 242 458 269; x_wconf 77' lang='lat' dir='ltr'><strong>dixisti.</strong></span> <span class='ocrx_word' id='word_1_13' title='bbox 474 241 601 268; x_wconf 82' lang='lat' dir='ltr'><strong>Animam</strong></span> <span class='ocrx_word' id='word_1_14' title='bbox 626 244 689 275; x_wconf 78' lang='lat' dir='ltr'><strong>post</strong></span> <span class='ocrx_word' id='word_1_15' title='bbox 707 242 907 276; x_wconf 81' lang='lat' dir='ltr'><strong>separationem</strong></span> <span class='ocrx_word' id='word_1_16' title='bbox 931 248 945 267; x_wconf 91' lang='lat' dir='ltr'><strong>a</strong></span> 
     </span>
    </p>
   </div>
   <div class='ocr_carea' id='block_1_4' title="bbox 150 286 947 325">
    <p class='ocr_par' dir='ltr' id='par_1_4' title="bbox 150 286 947 325">
     <span class='ocr_line' id='line_1_4' title="bbox 150 286 947 325; baseline -0.004 -8"><span class='ocrx_word' id='word_1_17' title='bbox 150 297 267 325; x_wconf 87' lang='lat' dir='ltr'><strong>corpore</strong></span> <span class='ocrx_word' id='word_1_18' title='bbox 283 296 337 315; x_wconf 90' lang='lat' dir='ltr'><strong>non</strong></span> <span class='ocrx_word' id='word_1_19' title='bbox 358 287 475 320; x_wconf 80' lang='lat' dir='ltr'><strong>amplius</strong></span> <span class='ocrx_word' id='word_1_20' title='bbox 491 287 655 314; x_wconf 85' lang='lat' dir='ltr'><strong>morituram</strong></span> <span class='ocrx_word' id='word_1_21' title='bbox 670 293 732 314; x_wconf 77' lang='lat' dir='ltr'><strong>esse</strong></span> <span class='ocrx_word' id='word_1_22' title='bbox 749 286 878 319; x_wconf 81' lang='lat' dir='ltr'><strong>dicimus,</strong></span> <span class='ocrx_word' id='word_1_23' title='bbox 896 286 947 314; x_wconf 84' lang='lat' dir='ltr'><strong>hoc</strong></span> 
     </span>
    </p>
   </div>
   <div class='ocr_carea' id='block_1_5' title="bbox 151 331 948 370">
    <p class='ocr_par' dir='ltr' id='par_1_5' title="bbox 151 331 948 370">
     <span class='ocr_line' id='line_1_5' title="bbox 151 331 948 370; baseline -0.005 -7"><span class='ocrx_word' id='word_1_24' title='bbox 151 335 324 370; x_wconf 85' lang='lat' dir='ltr'><strong>potissimum</strong></span> <span class='ocrx_word' id='word_1_25' title='bbox 341 337 507 366; x_wconf 77' lang='lat' dir='ltr'><strong>argumento</strong></span> <span class='ocrx_word' id='word_1_26' title='bbox 523 332 645 365; x_wconf 75' lang='lat' dir='ltr'><strong>adducti,</strong></span> <span class='ocrx_word' id='word_1_27' title='bbox 661 332 733 367; x_wconf 88' lang='lat' dir='ltr'><strong>quod</strong></span> <span class='ocrx_word' id='word_1_28' title='bbox 747 335 896 366; x_wconf 88' lang='lat' dir='ltr'><strong>utrumque</strong></span> <span class='ocrx_word' id='word_1_29' title='bbox 910 331 948 359; x_wconf 86' lang='lat' dir='ltr'><strong>si-</strong></span> 
     </span>
    </p>
   </div>
   <div class='ocr_carea' id='block_1_6' title="bbox 151 379 945 418">
    <p class='ocr_par' dir='ltr' id='par_1_6' title="bbox 151 379 945 418">
     <span class='ocr_line' id='line_1_6' title="bbox 151 379 945 418; baseline -0.004 -10"><span class='ocrx_word' id='word_1_30' title='bbox 151 382 218 418; x_wconf 70' lang='lat' dir='ltr'><strong>mul,</strong></span> <span class='ocrx_word' id='word_1_31' title='bbox 229 381 320 408; x_wconf 83' lang='lat' dir='ltr'><strong>anima</strong></span> <span class='ocrx_word' id='word_1_32' title='bbox 333 379 459 407; x_wconf 70' lang='lat' dir='ltr'><strong>videlicet</strong></span> <span class='ocrx_word' id='word_1_33' title='bbox 472 384 499 407; x_wconf 87' lang='lat' dir='ltr'><strong>et</strong></span> <span class='ocrx_word' id='word_1_34' title='bbox 513 387 623 414; x_wconf 83' lang='lat' dir='ltr'><strong>corpus,</strong></span> <span class='ocrx_word' id='word_1_35' title='bbox 639 386 693 406; x_wconf 91' lang='lat' dir='ltr'><strong>non</strong></span> <span class='ocrx_word' id='word_1_36' title='bbox 704 379 802 406; x_wconf 90' lang='lat' dir='ltr'><strong>horum</strong></span> <span class='ocrx_word' id='word_1_37' title='bbox 818 379 945 412; x_wconf 88' lang='lat' dir='ltr'><strong>alterum,</strong></span> 
     </span>
    </p>
   </div>
   <div class='ocr_carea' id='block_1_7' title="bbox 150 425 947 460">
    <p class='ocr_par' dir='ltr' id='par_1_7' title="bbox 150 425 947 460">
     <span class='ocr_line' id='line_1_7' title="bbox 150 425 947 460; baseline -0.004 -6"><span class='ocrx_word' id='word_1_38' title='bbox 150 431 192 454; x_wconf 86' lang='lat' dir='ltr'><strong>est</strong></span> <span class='ocrx_word' id='word_1_39' title='bbox 211 427 293 454; x_wconf 89' lang='lat' dir='ltr'><strong>homo</strong></span> <span class='ocrx_word' id='word_1_40' title='bbox 312 435 320 454; x_wconf 86' lang='lat'><strong>:</strong></span> <span class='ocrx_word' id='word_1_41' title='bbox 340 426 385 460; x_wconf 88' lang='lat' dir='ltr'><strong>qui</strong></span> <span class='ocrx_word' id='word_1_42' title='bbox 408 426 472 453; x_wconf 92' lang='lat' dir='ltr'><strong>dum</strong></span> <span class='ocrx_word' id='word_1_43' title='bbox 491 429 616 454; x_wconf 89' lang='lat' dir='ltr'><strong>mortuus</strong></span> <span class='ocrx_word' id='word_1_44' title='bbox 631 429 684 458; x_wconf 82' lang='lat' dir='ltr'><strong>est,</strong></span> <span class='ocrx_word' id='word_1_45' title='bbox 700 425 797 452; x_wconf 88' lang='lat' dir='ltr'><strong>mortis</strong></span> <span class='ocrx_word' id='word_1_46' title='bbox 811 425 947 459; x_wconf 88' lang='lat' dir='ltr'><strong>quodam-</strong></span> 
     </span>
    </p>
   </div>
   <div class='ocr_carea' id='block_1_8' title="bbox 151 471 945 507">
    <p class='ocr_par' dir='ltr' id='par_1_8' title="bbox 151 471 945 507">
     <span class='ocr_line' id='line_1_8' title="bbox 151 471 945 507; baseline -0.004 -7"><span class='ocrx_word' id='word_1_47' title='bbox 151 473 233 501; x_wconf 88' lang='lat' dir='ltr'><strong>modo</strong></span> <span class='ocrx_word' id='word_1_48' title='bbox 246 472 383 507; x_wconf 78' lang='lat' dir='ltr'><strong>particeps</strong></span> <span class='ocrx_word' id='word_1_49' title='bbox 397 472 425 499; x_wconf 80' lang='lat' dir='ltr'><strong>lit</strong></span> <span class='ocrx_word' id='word_1_50' title='bbox 440 472 545 499; x_wconf 81' lang='lat' dir='ltr'><strong>anima.</strong></span> <span class='ocrx_word' id='word_1_51' title='bbox 563 471 590 498; x_wconf 91' lang='lat' dir='ltr'><strong>Si</strong></span> <span class='ocrx_word' id='word_1_52' title='bbox 605 472 678 499; x_wconf 80' lang='lat' dir='ltr'><strong>enim</strong></span> <span class='ocrx_word' id='word_1_53' title='bbox 694 471 746 499; x_wconf 84' lang='lat' dir='ltr'><strong>hoc</strong></span> <span class='ocrx_word' id='word_1_54' title='bbox 766 471 845 498; x_wconf 82' lang='lat' dir='ltr'><strong>aliter</strong></span> <span class='ocrx_word' id='word_1_55' title='bbox 858 471 945 503; x_wconf 83' lang='lat' dir='ltr'><strong>fleret,</strong></span> 
     </span>
    </p>
   </div>
   <div class='ocr_carea' id='block_1_9' title="bbox 153 517 945 553">
    <p class='ocr_par' dir='ltr' id='par_1_9' title="bbox 153 517 945 553">
     <span class='ocr_line' id='line_1_9' title="bbox 153 517 945 553; baseline -0.003 -8"><span class='ocrx_word' id='word_1_56' title='bbox 153 519 291 545; x_wconf 78' lang='lat' dir='ltr'><strong>hominem</strong></span> <span class='ocrx_word' id='word_1_57' title='bbox 304 523 441 544; x_wconf 84' lang='lat' dir='ltr'><strong>mortuum</strong></span> <span class='ocrx_word' id='word_1_58' title='bbox 455 525 515 545; x_wconf 86' lang='lat' dir='ltr'><strong>esse</strong></span> <span class='ocrx_word' id='word_1_59' title='bbox 530 525 703 553; x_wconf 78' lang='lat' dir='ltr'><strong>nequaquam</strong></span> <span class='ocrx_word' id='word_1_60' title='bbox 716 522 789 545; x_wconf 88' lang='lat' dir='ltr'><strong>recte</strong></span> <span class='ocrx_word' id='word_1_61' title='bbox 797 517 945 549; x_wconf 74' lang='lat' dir='ltr'><strong>diceretur,</strong></span> 
     </span>
    </p>
   </div>
   <div class='ocr_carea' id='block_1_10' title="bbox 151 562 979 600">
    <p class='ocr_par' dir='ltr' id='par_1_10' title="bbox 151 562 979 600">
     <span class='ocr_line' id='line_1_10' title="bbox 151 562 979 600; baseline -0.004 -7"><span class='ocrx_word' id='word_1_62' title='bbox 151 566 196 594; x_wconf 81' lang='lat' dir='ltr'><strong>sed</strong></span> <span class='ocrx_word' id='word_1_63' title='bbox 228 565 310 600; x_wconf 86' lang='lat' dir='ltr'><strong>hujus</strong></span> <span class='ocrx_word' id='word_1_64' title='bbox 337 569 383 591; x_wconf 83' lang='lat' dir='ltr'><strong>aut</strong></span> <span class='ocrx_word' id='word_1_65' title='bbox 400 564 473 591; x_wconf 90' lang='lat' dir='ltr'><strong>illius</strong></span> <span class='ocrx_word' id='word_1_66' title='bbox 492 564 611 591; x_wconf 85' lang='lat' dir='ltr'><strong>hominis</strong></span> <span class='ocrx_word' id='word_1_67' title='bbox 633 571 745 598; x_wconf 80' lang='lat' dir='ltr'><strong>corpus.</strong></span> <span class='ocrx_word' id='word_1_68' title='bbox 762 562 840 590; x_wconf 85' lang='lat' dir='ltr'><strong>Nunc</strong></span> <span class='ocrx_word' id='word_1_69' title='bbox 854 568 944 591; x_wconf 82' lang='lat' dir='ltr'><strong>autem</strong></span> <span class='ocrx_word' id='word_1_70' title='bbox 976 598 979 599; x_wconf 22' lang='grc' dir='ltr'><em>ν</em></span> 
     </span>
    </p>
   </div>
   <div class='ocr_carea' id='block_1_11' title="bbox 151 610 945 641">
    <p class='ocr_par' dir='ltr' id='par_1_11' title="bbox 151 610 945 641">
     <span class='ocr_line' id='line_1_11' title="bbox 151 610 945 641; baseline -0.004 -2"><span class='ocrx_word' id='word_1_71' title='bbox 151 618 206 639; x_wconf 76' lang='lat' dir='ltr'><strong>non</strong></span> <span class='ocrx_word' id='word_1_72' title='bbox 220 611 272 639; x_wconf 85' lang='lat' dir='ltr'><strong>hoc</strong></span> <span class='ocrx_word' id='word_1_73' title='bbox 289 611 413 641; x_wconf 88' lang='lat' dir='ltr'><strong>omnino.</strong></span> <span class='ocrx_word' id='word_1_74' title='bbox 431 610 478 637; x_wconf 78' lang='lat' dir='ltr'><strong>sed</strong></span> <span class='ocrx_word' id='word_1_75' title='bbox 490 610 625 637; x_wconf 81' lang='lat' dir='ltr'><strong>hominem</strong></span> <span class='ocrx_word' id='word_1_76' title='bbox 643 615 780 637; x_wconf 88' lang='lat' dir='ltr'><strong>mortuum</strong></span> <span class='ocrx_word' id='word_1_77' title='bbox 800 617 861 637; x_wconf 85' lang='lat' dir='ltr'><strong>esse</strong></span> <span class='ocrx_word' id='word_1_78' title='bbox 876 610 945 636; x_wconf 88' lang='lat' dir='ltr'><strong>dici-</strong></span> 
     </span>
    </p>
   </div>
   <div class='ocr_carea' id='block_1_12' title="bbox 150 657 946 693">
    <p class='ocr_par' dir='ltr' id='par_1_12' title="bbox 150 657 946 693">
     <span class='ocr_line' id='line_1_12' title="bbox 150 657 946 693; baseline -0.001 -9"><span class='ocrx_word' id='word_1_79' title='bbox 150 666 221 690; x_wconf 83' lang='lat' dir='ltr'><strong>mus,</strong></span> <span class='ocrx_word' id='word_1_80' title='bbox 243 657 316 693; x_wconf 85' lang='lat' dir='ltr'><strong>quod</strong></span> <span class='ocrx_word' id='word_1_81' title='bbox 340 663 487 692; x_wconf 82' lang='lat' dir='ltr'><strong>utrumque</strong></span> <span class='ocrx_word' id='word_1_82' title='bbox 510 657 591 684; x_wconf 88' lang='lat' dir='ltr'><strong>simul</strong></span> <span class='ocrx_word' id='word_1_83' title='bbox 608 657 743 690; x_wconf 76' lang='lat' dir='ltr'><strong>signiﬁcat</strong></span> <span class='ocrx_word' id='word_1_84' title='bbox 761 666 767 684; x_wconf 85' lang='lat'><strong>:</strong></span> <span class='ocrx_word' id='word_1_85' title='bbox 787 657 889 691; x_wconf 79' lang='lat' dir='ltr'><strong>itaque,</strong></span> <span class='ocrx_word' id='word_1_86' title='bbox 917 660 946 683; x_wconf 89' lang='lat' dir='ltr'><strong>ut</strong></span> 
     </span>
    </p>
   </div>
   <div class='ocr_carea' id='block_1_13' title="bbox 147 703 944 740">
    <p class='ocr_par' dir='ltr' id='par_1_13' title="bbox 147 703 944 740">
     <span class='ocr_line' id='line_1_13' title="bbox 147 703 944 740; baseline -0.001 -9"><span class='ocrx_word' id='word_1_87' title='bbox 147 705 203 739; x_wconf 82' lang='lat' dir='ltr'><strong>jam</strong></span> <span class='ocrx_word' id='word_1_88' title='bbox 219 712 301 740; x_wconf 86' lang='lat' dir='ltr'><strong>supra</strong></span> <span class='ocrx_word' id='word_1_89' title='bbox 314 705 380 737; x_wconf 75' lang='lat' dir='ltr'><strong>dixi,</strong></span> <span class='ocrx_word' id='word_1_90' title='bbox 393 705 515 731; x_wconf 88' lang='lat' dir='ltr'><strong>omnium</strong></span> <span class='ocrx_word' id='word_1_91' title='bbox 531 711 592 738; x_wconf 75' lang='lat' dir='ltr'><strong>quae</strong></span> <span class='ocrx_word' id='word_1_92' title='bbox 605 704 714 738; x_wconf 82' lang='lat' dir='ltr'><strong>corpori</strong></span> <span class='ocrx_word' id='word_1_93' title='bbox 727 703 858 731; x_wconf 87' lang='lat' dir='ltr'><strong>accidunt</strong></span> <span class='ocrx_word' id='word_1_94' title='bbox 873 703 944 730; x_wconf 89' lang='lat' dir='ltr'><strong>facta</strong></span> 
     </span>
    </p>
   </div>
   <div class='ocr_carea' id='block_1_14' title="bbox 149 750 943 788">
    <p class='ocr_par' dir='ltr' id='par_1_14' title="bbox 149 750 943 788">
     <span class='ocr_line' id='line_1_14' title="bbox 149 750 943 788; baseline -0.003 -9"><span class='ocrx_word' id='word_1_95' title='bbox 149 752 284 788; x_wconf 70' lang='lat' dir='ltr'><strong>particeps</strong></span> <span class='ocrx_word' id='word_1_96' title='bbox 300 751 403 783; x_wconf 85' lang='lat' dir='ltr'><strong>anima,</strong></span> <span class='ocrx_word' id='word_1_97' title='bbox 420 754 535 778; x_wconf 88' lang='lat' dir='ltr'><strong>mortem</strong></span> <span class='ocrx_word' id='word_1_98' title='bbox 553 758 663 784; x_wconf 89' lang='lat' dir='ltr'><strong>quoque</strong></span> <span class='ocrx_word' id='word_1_99' title='bbox 676 750 720 777; x_wconf 90' lang='lat' dir='ltr'><strong>illa</strong></span> <span class='ocrx_word' id='word_1_100' title='bbox 742 758 795 785; x_wconf 89' lang='lat' dir='ltr'><strong>qua</strong></span> <span class='ocrx_word' id='word_1_101' title='bbox 826 750 943 778; x_wconf 89' lang='lat' dir='ltr'><strong>demon-</strong></span> 
     </span>
    </p>
   </div>
   <div class='ocr_carea' id='block_1_15' title="bbox 153 795 943 826">
    <p class='ocr_par' dir='ltr' id='par_1_15' title="bbox 153 795 943 826">
     <span class='ocr_line' id='line_1_15' title="bbox 153 795 943 826; baseline -0.005 0"><span class='ocrx_word' id='word_1_102' title='bbox 153 802 269 826; x_wconf 85' lang='lat' dir='ltr'><strong>stratum</strong></span> <span class='ocrx_word' id='word_1_103' title='bbox 282 801 323 826; x_wconf 83' lang='lat' dir='ltr'><strong>est</strong></span> <span class='ocrx_word' id='word_1_104' title='bbox 338 797 444 824; x_wconf 84' lang='lat' dir='ltr'><strong>ratione</strong></span> <span class='ocrx_word' id='word_1_105' title='bbox 459 804 520 823; x_wconf 87' lang='lat' dir='ltr'><strong>cum</strong></span> <span class='ocrx_word' id='word_1_106' title='bbox 540 803 573 823; x_wconf 88' lang='lat' dir='ltr'><strong>eo</strong></span> <span class='ocrx_word' id='word_1_107' title='bbox 591 803 763 822; x_wconf 90' lang='lat' dir='ltr'><strong>communem</strong></span> <span class='ocrx_word' id='word_1_108' title='bbox 783 795 874 823; x_wconf 83' lang='lat' dir='ltr'><strong>habet.</strong></span> <span class='ocrx_word' id='word_1_109' title='bbox 891 795 943 823; x_wconf 85' lang='lat' dir='ltr'><strong>Sed</strong></span> 
     </span>
    </p>
   </div>
   <div class='ocr_carea' id='block_1_16' title="bbox 736 139 1203 170">
    <p class='ocr_par' dir='ltr' id='par_1_16' title="bbox 736 139 1203 170">
     <span class='ocr_line' id='line_1_16' title="bbox 736 139 1203 170; baseline 0.002 -1"><span class='ocrx_word' id='word_1_110' title='bbox 736 139 937 170; x_wconf 67' lang='lat' dir='ltr'><strong>MANUELIS</strong></span> <span class='ocrx_word' id='word_1_111' title='bbox 977 140 1203 170; x_wconf 74' lang='lat' dir='ltr'><strong>PALIEOLOGI</strong></span> 
     </span>
    </p>
   </div>
   <div class='ocr_carea' id='block_1_17' title="bbox 1035 192 1788 229">
    <p class='ocr_par' dir='ltr' id='par_1_17' title="bbox 1035 192 1788 229">
     <span class='ocr_line' id='line_1_17' title="bbox 1035 192 1788 229; baseline 0.004 -9"><span class='ocrx_word' id='word_1_112' title='bbox 1035 197 1081 220; x_wconf 88' lang='grc' dir='ltr'>ια’.</span> <span class='ocrx_word' id='word_1_113' title='bbox 1101 194 1206 229; x_wconf 75' lang='grc' dir='ltr'>Σφόδρα</span> <span class='ocrx_word' id='word_1_114' title='bbox 1230 203 1274 229; x_wconf 81' lang='grc' dir='ltr'><strong>μοι</strong></span> <span class='ocrx_word' id='word_1_115' title='bbox 1299 194 1375 221; x_wconf 84' lang='grc' dir='ltr'>δοκεῖ</span> <span class='ocrx_word' id='word_1_116' title='bbox 1393 194 1506 228; x_wconf 78' lang='grc' dir='ltr'>εὔλογον</span> <span class='ocrx_word' id='word_1_117' title='bbox 1533 192 1614 226; x_wconf 76' lang='grc' dir='ltr'>εἶναι,</span> <span class='ocrx_word' id='word_1_118' title='bbox 1631 194 1698 229; x_wconf 76' lang='grc' dir='ltr'>ἔφη,</span> <span class='ocrx_word' id='word_1_119' title='bbox 1718 196 1732 222; x_wconf 77' lang='grc' dir='ltr'><strong>δ</strong></span> <span class='ocrx_word' id='word_1_120' title='bbox 1746 197 1788 223; x_wconf 86' lang='grc' dir='ltr'><strong>λέ-</strong></span> 
     </span>
    </p>
   </div>
   <div class='ocr_carea' id='block_1_18' title="bbox 998 239 1790 276">
    <p class='ocr_par' dir='ltr' id='par_1_18' title="bbox 998 239 1790 276">
     <span class='ocr_line' id='line_1_18' title="bbox 998 239 1790 276; baseline 0.004 -10"><span class='ocrx_word' id='word_1_121' title='bbox 998 248 1068 274; x_wconf 85' lang='grc' dir='ltr'>γεις.</span> <span class='ocrx_word' id='word_1_122' title='bbox 1086 239 1142 275; x_wconf 81' lang='grc' dir='ltr'><strong>Τὴν</strong></span> <span class='ocrx_word' id='word_1_123' title='bbox 1153 239 1181 266; x_wconf 80' lang='grc' dir='ltr'>δὲ</span> <span class='ocrx_word' id='word_1_124' title='bbox 1194 239 1282 275; x_wconf 82' lang='grc' dir='ltr'><strong>ψυχὴν</strong></span> <span class='ocrx_word' id='word_1_125' title='bbox 1295 240 1366 274; x_wconf 87' lang='grc' dir='ltr'>μετὰ</span> <span class='ocrx_word' id='word_1_126' title='bbox 1378 240 1422 267; x_wconf 81' lang='grc' dir='ltr'>τὸν</span> <span class='ocrx_word' id='word_1_127' title='bbox 1436 239 1484 266; x_wconf 80' lang='grc' dir='ltr'>τοῦ</span> <span class='ocrx_word' id='word_1_128' title='bbox 1503 240 1632 274; x_wconf 81' lang='grc' dir='ltr'>σώματος</span> <span class='ocrx_word' id='word_1_129' title='bbox 1647 242 1790 276; x_wconf 79' lang='grc' dir='ltr'>χωρισμόν</span> 
     </span>
    </p>
   </div>
   <div class='ocr_carea' id='block_1_19' title="bbox 1000 286 1789 321">
    <p class='ocr_par' dir='ltr' id='par_1_19' title="bbox 1000 286 1789 321">
     <span class='ocr_line' id='line_1_19' title="bbox 1000 286 1789 321; baseline 0.004 -9"><span class='ocrx_word' id='word_1_130' title='bbox 1000 294 1092 320; x_wconf 88' lang='grc' dir='ltr'>φαμεν</span> <span class='ocrx_word' id='word_1_131' title='bbox 1109 286 1209 321; x_wconf 80' lang='grc' dir='ltr'><strong>μηκέτι</strong></span> <span class='ocrx_word' id='word_1_132' title='bbox 1223 286 1415 321; x_wconf 78' lang='grc' dir='ltr'>τεθνήξεσθαι,</span> <span class='ocrx_word' id='word_1_133' title='bbox 1428 287 1472 314; x_wconf 81' lang='grc' dir='ltr'>διὰ</span> <span class='ocrx_word' id='word_1_134' title='bbox 1488 286 1563 313; x_wconf 80' lang='grc' dir='ltr'>τόνδε</span> <span class='ocrx_word' id='word_1_135' title='bbox 1577 286 1622 313; x_wconf 68' lang='grc' dir='ltr'><strong>τὸν</strong></span> <span class='ocrx_word' id='word_1_136' title='bbox 1641 286 1731 321; x_wconf 83' lang='grc' dir='ltr'>λόγον,</span> <span class='ocrx_word' id='word_1_137' title='bbox 1746 288 1789 315; x_wconf 82' lang='grc' dir='ltr'><strong>ὅτι</strong></span> 
     </span>
    </p>
   </div>
   <div class='ocr_carea' id='block_1_20' title="bbox 998 331 1790 369">
    <p class='ocr_par' dir='ltr' id='par_1_20' title="bbox 998 331 1790 369">
     <span class='ocr_line' id='line_1_20' title="bbox 998 331 1790 369; baseline 0.001 -11"><span class='ocrx_word' id='word_1_138' title='bbox 998 331 1030 358; x_wconf 86' lang='grc' dir='ltr'><strong>τδ</strong></span> <span class='ocrx_word' id='word_1_139' title='bbox 1055 332 1260 367; x_wconf 83' lang='grc' dir='ltr'>συναμφότερόν</span> <span class='ocrx_word' id='word_1_140' title='bbox 1282 333 1357 359; x_wconf 77' lang='grc' dir='ltr'>ἐστιν</span> <span class='ocrx_word' id='word_1_141' title='bbox 1382 332 1539 368; x_wconf 76' lang='grc' dir='ltr'>ἄνθρωπος,</span> <span class='ocrx_word' id='word_1_142' title='bbox 1563 332 1636 367; x_wconf 80' lang='grc' dir='ltr'>ψυχὴ</span> <span class='ocrx_word' id='word_1_143' title='bbox 1666 333 1790 369; x_wconf 76' lang='grc' dir='ltr'>δηλονότι</span> 
     </span>
    </p>
   </div>
   <div class='ocr_carea' id='block_1_21' title="bbox 999 376 1790 413">
    <p class='ocr_par' dir='ltr' id='par_1_21' title="bbox 999 376 1790 413">
     <span class='ocr_line' id='line_1_21' title="bbox 999 376 1790 413; baseline 0.001 -10"><span class='ocrx_word' id='word_1_144' title='bbox 999 377 1046 403; x_wconf 72' lang='grc' dir='ltr'>καὶ</span> <span class='ocrx_word' id='word_1_145' title='bbox 1060 376 1151 412; x_wconf 81' lang='grc' dir='ltr'>σῶμα,</span> <span class='ocrx_word' id='word_1_146' title='bbox 1169 377 1229 410; x_wconf 69' lang='grc' dir='ltr'><strong>οὐχὶ</strong></span> <span class='ocrx_word' id='word_1_147' title='bbox 1241 377 1272 403; x_wconf 79' lang='grc' dir='ltr'><strong>τὸ</strong></span> <span class='ocrx_word' id='word_1_148' title='bbox 1289 377 1386 413; x_wconf 67' lang='grc' dir='ltr'>ἕτερον</span> <span class='ocrx_word' id='word_1_149' title='bbox 1401 377 1508 404; x_wconf 80' lang='grc' dir='ltr'><strong>τούτοιν</strong></span> <span class='ocrx_word' id='word_1_150' title='bbox 1520 385 1528 393; x_wconf 79' lang='grc'><strong><em>⁸</em></strong></span> <span class='ocrx_word' id='word_1_151' title='bbox 1551 378 1580 409; x_wconf 86' lang='grc' dir='ltr'>ὃς</span> <span class='ocrx_word' id='word_1_152' title='bbox 1596 378 1708 405; x_wconf 82' lang='grc' dir='ltr'>ἐπειδὰν</span> <span class='ocrx_word' id='word_1_153' title='bbox 1721 379 1790 404; x_wconf 82' lang='grc' dir='ltr'>ἀπο-</span> 
     </span>
    </p>
   </div>
   <div class='ocr_carea' id='block_1_22' title="bbox 998 422 1789 459">
    <p class='ocr_par' dir='ltr' id='par_1_22' title="bbox 998 422 1789 459">
     <span class='ocr_line' id='line_1_22' title="bbox 998 422 1789 459; baseline 0.001 -10"><span class='ocrx_word' id='word_1_154' title='bbox 998 422 1079 458; x_wconf 77' lang='grc' dir='ltr'>θάνῃ,</span> <span class='ocrx_word' id='word_1_155' title='bbox 1091 424 1219 450; x_wconf 79' lang='grc' dir='ltr'>κοινωνεῖ</span> <span class='ocrx_word' id='word_1_156' title='bbox 1234 432 1293 455; x_wconf 83' lang='grc' dir='ltr'>πως</span> <span class='ocrx_word' id='word_1_157' title='bbox 1305 423 1353 450; x_wconf 83' lang='grc' dir='ltr'>τοῦ</span> <span class='ocrx_word' id='word_1_158' title='bbox 1366 422 1482 450; x_wconf 82' lang='grc' dir='ltr'>θανάτου</span> <span class='ocrx_word' id='word_1_159' title='bbox 1497 423 1545 450; x_wconf 77' lang='grc' dir='ltr'><strong>καὶ</strong></span> <span class='ocrx_word' id='word_1_160' title='bbox 1558 423 1574 458; x_wconf 82' lang='grc' dir='ltr'><strong>ἡ</strong></span> <span class='ocrx_word' id='word_1_161' title='bbox 1590 423 1675 459; x_wconf 81' lang='grc' dir='ltr'><strong>ψυχή.</strong></span> <span class='ocrx_word' id='word_1_162' title='bbox 1690 423 1723 451; x_wconf 81' lang='lat' dir='ltr'><strong>El</strong></span> <span class='ocrx_word' id='word_1_163' title='bbox 1734 423 1789 458; x_wconf 75' lang='grc' dir='ltr'>γὰρ</span> 
     </span>
    </p>
   </div>
   <div class='ocr_carea' id='block_1_23' title="bbox 998 467 1787 505">
    <p class='ocr_par' dir='ltr' id='par_1_23' title="bbox 998 467 1787 505">
     <span class='ocr_line' id='line_1_23' title="bbox 998 467 1787 505; baseline 0.001 -10"><span class='ocrx_word' id='word_1_164' title='bbox 998 469 1087 501; x_wconf 77' lang='grc' dir='ltr'>ἄλλως</span> <span class='ocrx_word' id='word_1_165' title='bbox 1100 467 1135 502; x_wconf 84' lang='grc' dir='ltr'>ἦν</span> <span class='ocrx_word' id='word_1_166' title='bbox 1151 469 1241 503; x_wconf 69' lang='grc' dir='ltr'>τοῦτο,</span> <span class='ocrx_word' id='word_1_167' title='bbox 1258 470 1386 505; x_wconf 71' lang='grc' dir='ltr'>οὐδαμῶς</span> <span class='ocrx_word' id='word_1_168' title='bbox 1398 467 1433 505; x_wconf 82' lang='grc' dir='ltr'>ἦν</span> <span class='ocrx_word' id='word_1_169' title='bbox 1444 469 1557 504; x_wconf 76' lang='grc' dir='ltr'>εὒλογον</span> <span class='ocrx_word' id='word_1_170' title='bbox 1572 470 1665 504; x_wconf 79' lang='grc' dir='ltr'>λέγειν</span> <span class='ocrx_word' id='word_1_171' title='bbox 1679 470 1726 497; x_wconf 81' lang='grc' dir='ltr'>τὸν</span> <span class='ocrx_word' id='word_1_172' title='bbox 1739 471 1787 498; x_wconf 74' lang='grc' dir='ltr'><strong>ἇν-</strong></span> 
     </span>
    </p>
   </div>
   <div class='ocr_carea' id='block_1_24' title="bbox 999 515 1788 552">
    <p class='ocr_par' dir='ltr' id='par_1_24' title="bbox 999 515 1788 552">
     <span class='ocr_line' id='line_1_24' title="bbox 999 515 1788 552; baseline 0 -9"><span class='ocrx_word' id='word_1_173' title='bbox 999 516 1109 551; x_wconf 83' lang='grc' dir='ltr'>θρωπον</span> <span class='ocrx_word' id='word_1_174' title='bbox 1128 516 1302 551; x_wconf 78' lang='grc' dir='ltr'><strong>τεθνηκέναι,</strong></span> <span class='ocrx_word' id='word_1_175' title='bbox 1315 517 1394 550; x_wconf 79' lang='grc' dir='ltr'>ἀλλὰ,</span> <span class='ocrx_word' id='word_1_176' title='bbox 1410 517 1441 543; x_wconf 76' lang='grc' dir='ltr'><strong>τὸ</strong></span> <span class='ocrx_word' id='word_1_177' title='bbox 1458 516 1539 552; x_wconf 88' lang='grc' dir='ltr'>σῶμα</span> <span class='ocrx_word' id='word_1_178' title='bbox 1551 515 1600 543; x_wconf 82' lang='grc' dir='ltr'>τοῦ</span> <span class='ocrx_word' id='word_1_179' title='bbox 1613 517 1712 548; x_wconf 75' lang='grc' dir='ltr'>δεῖνος.</span> <span class='ocrx_word' id='word_1_180' title='bbox 1729 516 1788 544; x_wconf 82' lang='grc' dir='ltr'><strong>Νῦν</strong></span> 
     </span>
    </p>
   </div>
   <div class='ocr_carea' id='block_1_25' title="bbox 997 562 1788 598">
    <p class='ocr_par' dir='ltr' id='par_1_25' title="bbox 997 562 1788 598">
     <span class='ocr_line' id='line_1_25' title="bbox 997 562 1788 598; baseline 0 -8"><span class='ocrx_word' id='word_1_181' title='bbox 997 564 1026 590; x_wconf 80' lang='grc' dir='ltr'>δὲ</span> <span class='ocrx_word' id='word_1_182' title='bbox 1043 563 1153 594; x_wconf 82' lang='grc' dir='ltr'>πάντως</span> <span class='ocrx_word' id='word_1_183' title='bbox 1179 563 1209 589; x_wconf 79' lang='grc' dir='ltr'>οὐ</span> <span class='ocrx_word' id='word_1_184' title='bbox 1229 563 1320 595; x_wconf 85' lang='grc' dir='ltr'>τοῦτο,</span> <span class='ocrx_word' id='word_1_185' title='bbox 1340 563 1408 590; x_wconf 79' lang='grc' dir='ltr'>ἀλλὰ</span> <span class='ocrx_word' id='word_1_186' title='bbox 1428 563 1474 590; x_wconf 73' lang='grc' dir='ltr'>τὸν</span> <span class='ocrx_word' id='word_1_187' title='bbox 1498 562 1645 598; x_wconf 72' lang='grc' dir='ltr'>ἄνθρωπον</span> <span class='ocrx_word' id='word_1_188' title='bbox 1670 563 1788 598; x_wconf 81' lang='grc' dir='ltr'>λέγομεν</span> 
     </span>
    </p>
   </div>
   <div class='ocr_carea' id='block_1_26' title="bbox 997 609 1788 645">
    <p class='ocr_par' dir='ltr' id='par_1_26' title="bbox 997 609 1788 645">
     <span class='ocr_line' id='line_1_26' title="bbox 997 609 1788 645; baseline -0.001 -8"><span class='ocrx_word' id='word_1_189' title='bbox 997 610 1170 644; x_wconf 77' lang='grc' dir='ltr'><strong>τεθνηκέναι,</strong></span> <span class='ocrx_word' id='word_1_190' title='bbox 1192 609 1207 636; x_wconf 80' lang='grc' dir='ltr'><strong>ὃ</strong></span> <span class='ocrx_word' id='word_1_191' title='bbox 1230 609 1262 644; x_wconf 79' lang='grc' dir='ltr'>δὴ</span> <span class='ocrx_word' id='word_1_192' title='bbox 1281 610 1408 645; x_wconf 79' lang='grc' dir='ltr'><strong>σημαίνει</strong></span> <span class='ocrx_word' id='word_1_193' title='bbox 1431 609 1463 636; x_wconf 80' lang='grc' dir='ltr'><strong>τὺ</strong></span> <span class='ocrx_word' id='word_1_194' title='bbox 1481 610 1706 645; x_wconf 72' lang='grc' dir='ltr'>συναμφότερον·</span> <span class='ocrx_word' id='word_1_195' title='bbox 1721 609 1788 636; x_wconf 75' lang='grc' dir='ltr'>ὥσθ’</span> 
     </span>
    </p>
   </div>
   <div class='ocr_carea' id='block_1_27' title="bbox 998 656 1789 693">
    <p class='ocr_par' dir='ltr' id='par_1_27' title="bbox 998 656 1789 693">
     <span class='ocr_line' id='line_1_27' title="bbox 998 656 1789 693; baseline -0.001 -10"><span class='ocrx_word' id='word_1_196' title='bbox 998 657 1067 693; x_wconf 79' lang='grc' dir='ltr'>ὅπερ</span> <span class='ocrx_word' id='word_1_197' title='bbox 1084 657 1171 692; x_wconf 70' lang='grc' dir='ltr'>ἔφθην</span> <span class='ocrx_word' id='word_1_198' title='bbox 1187 656 1283 688; x_wconf 79' lang='grc' dir='ltr'>εἰπὼν,</span> <span class='ocrx_word' id='word_1_199' title='bbox 1298 657 1409 684; x_wconf 82' lang='grc' dir='ltr'>πάντων</span> <span class='ocrx_word' id='word_1_200' title='bbox 1426 657 1442 692; x_wconf 86' lang='grc' dir='ltr'><strong>ή</strong></span> <span class='ocrx_word' id='word_1_201' title='bbox 1460 656 1536 692; x_wconf 79' lang='grc' dir='ltr'><strong>ψυχὴ</strong></span> <span class='ocrx_word' id='word_1_202' title='bbox 1548 656 1587 692; x_wconf 85' lang='grc' dir='ltr'><strong>τῷ</strong></span> <span class='ocrx_word' id='word_1_203' title='bbox 1607 656 1715 691; x_wconf 87' lang='grc' dir='ltr'>σώματι</span> <span class='ocrx_word' id='word_1_204' title='bbox 1732 665 1789 683; x_wconf 84' lang='grc' dir='ltr'>κοι-</span> 
     </span>
    </p>
   </div>
   <div class='ocr_carea' id='block_1_28' title="bbox 998 702 1789 738">
    <p class='ocr_par' dir='ltr' id='par_1_28' title="bbox 998 702 1789 738">
     <span class='ocr_line' id='line_1_28' title="bbox 998 702 1789 738; baseline -0.001 -8"><span class='ocrx_word' id='word_1_205' title='bbox 998 703 1121 730; x_wconf 73' lang='grc' dir='ltr'>νωνοῦσα</span> <span class='ocrx_word' id='word_1_206' title='bbox 1138 704 1264 730; x_wconf 85' lang='grc' dir='ltr'>κοινωνεῖ</span> <span class='ocrx_word' id='word_1_207' title='bbox 1288 711 1347 735; x_wconf 74' lang='grc' dir='ltr'><strong>πως</strong></span> <span class='ocrx_word' id='word_1_208' title='bbox 1367 703 1455 738; x_wconf 81' lang='grc' dir='ltr'>τούτῳ</span> <span class='ocrx_word' id='word_1_209' title='bbox 1477 702 1588 729; x_wconf 75' lang='grc' dir='ltr'>καὶτοῦ</span> <span class='ocrx_word' id='word_1_210' title='bbox 1610 702 1728 730; x_wconf 79' lang='grc' dir='ltr'>θανάτου</span> <span class='ocrx_word' id='word_1_211' title='bbox 1742 702 1789 729; x_wconf 81' lang='grc' dir='ltr'>τὸν</span> 
     </span>
    </p>
   </div>
   <div class='ocr_carea' id='block_1_29' title="bbox 999 748 1788 785">
    <p class='ocr_par' dir='ltr' id='par_1_29' title="bbox 999 748 1788 785">
     <span class='ocr_line' id='line_1_29' title="bbox 999 748 1788 785; baseline -0.003 -8"><span class='ocrx_word' id='word_1_212' title='bbox 999 750 1146 785; x_wconf 71' lang='grc' dir='ltr'>εἰρημένον</span> <span class='ocrx_word' id='word_1_213' title='bbox 1169 750 1281 785; x_wconf 82' lang='grc' dir='ltr'>τρόπον.</span> <span class='ocrx_word' id='word_1_214' title='bbox 1296 749 1353 777; x_wconf 81' lang='grc' dir='ltr'><strong>Καὶ</strong></span> <span class='ocrx_word' id='word_1_215' title='bbox 1375 749 1469 776; x_wconf 82' lang='grc' dir='ltr'>λοιπὸν</span> <span class='ocrx_word' id='word_1_216' title='bbox 1485 748 1621 780; x_wconf 80' lang='grc' dir='ltr'>ἀθάνατος</span> <span class='ocrx_word' id='word_1_217' title='bbox 1646 748 1696 775; x_wconf 81' lang='grc' dir='ltr'>καὶ</span> <span class='ocrx_word' id='word_1_218' title='bbox 1717 748 1788 783; x_wconf 80' lang='grc' dir='ltr'>αὕτη</span> 
     </span>
    </p>
   </div>
   <div class='ocr_carea' id='block_1_30' title="bbox 1000 793 1790 830">
    <p class='ocr_par' dir='ltr' id='par_1_30' title="bbox 1000 793 1790 830">
     <span class='ocr_line' id='line_1_30' title="bbox 1000 793 1790 830; baseline -0.003 -8"><span class='ocrx_word' id='word_1_219' title='bbox 1000 795 1134 830; x_wconf 82' lang='grc' dir='ltr'>διαμένει.</span> <span class='ocrx_word' id='word_1_220' title='bbox 1148 795 1208 821; x_wconf 74' lang='grc' dir='ltr'>ἀνθ’</span> <span class='ocrx_word' id='word_1_221' title='bbox 1224 793 1261 822; x_wconf 82' lang='grc' dir='ltr'><strong>ὦν</strong></span> <span class='ocrx_word' id='word_1_222' title='bbox 1276 796 1306 821; x_wconf 69' lang='grc' dir='ltr'>ὲν</span> <span class='ocrx_word' id='word_1_223' title='bbox 1317 795 1357 830; x_wconf 76' lang='grc' dir='ltr'>τῷ</span> <span class='ocrx_word' id='word_1_224' title='bbox 1371 794 1418 821; x_wconf 76' lang='grc' dir='ltr'>τοῦ</span> <span class='ocrx_word' id='word_1_225' title='bbox 1435 795 1563 829; x_wconf 87' lang='grc' dir='ltr'>σώματος</span> <span class='ocrx_word' id='word_1_226' title='bbox 1579 794 1726 829; x_wconf 74' lang='grc' dir='ltr'><strong>ἠλλοίωται</strong></span> <span class='ocrx_word' id='word_1_227' title='bbox 1741 794 1790 820; x_wconf 85' lang='grc' dir='ltr'>θα-</span> 
     </span>
    </p>
   </div>
   <div class='ocr_carea' id='block_1_31' title="bbox 150 838 939 878">
    <p class='ocr_par' dir='ltr' id='par_1_31' title="bbox 150 841 939 878">
     <span class='ocr_line' id='line_1_31' title="bbox 150 841 939 878; baseline -0.004 -7"><span class='ocrx_word' id='word_1_228' title='bbox 150 845 212 872; x_wconf 89' lang='lat' dir='ltr'><strong>inde</strong></span> <span class='ocrx_word' id='word_1_229' title='bbox 227 850 314 878; x_wconf 77' lang='lat' dir='ltr'><strong>usque</strong></span> <span class='ocrx_word' id='word_1_230' title='bbox 337 844 429 870; x_wconf 83' lang='lat' dir='ltr'><strong>anima</strong></span> <span class='ocrx_word' id='word_1_231' title='bbox 446 841 611 869; x_wconf 83' lang='lat' dir='ltr'><strong>immortalis</strong></span> <span class='ocrx_word' id='word_1_232' title='bbox 636 846 789 875; x_wconf 81' lang='lat' dir='ltr'><strong>permanet,</strong></span> <span class='ocrx_word' id='word_1_233' title='bbox 813 841 939 876; x_wconf 83' lang='lat' dir='ltr'><strong>quoniam</strong></span> 
     </span>
    </p>
   </div>
   <div class='ocr_carea' id='block_1_32' title="bbox 994 838 1788 878">
    <p class='ocr_par' dir='ltr' id='par_1_32' title="bbox 1000 838 1788 877">
     <span class='ocr_line' id='line_1_32' title="bbox 1000 838 1788 877; baseline -0.004 -8"><span class='ocrx_word' id='word_1_234' title='bbox 1000 843 1083 877; x_wconf 81' lang='grc' dir='ltr'>νάτῳ.</span> <span class='ocrx_word' id='word_1_235' title='bbox 1112 841 1253 873; x_wconf 81' lang='grc' dir='ltr'>Ποικίλον,</span> <span class='ocrx_word' id='word_1_236' title='bbox 1277 840 1356 876; x_wconf 73' lang='grc' dir='ltr'>ἔφην,</span> <span class='ocrx_word' id='word_1_237' title='bbox 1382 840 1492 874; x_wconf 79' lang='grc' dir='ltr'>λέγεις’</span> <span class='ocrx_word' id='word_1_238' title='bbox 1510 840 1581 876; x_wconf 80' lang='grc' dir='ltr'><strong>πλὴν</strong></span> <span class='ocrx_word' id='word_1_239' title='bbox 1605 838 1683 875; x_wconf 70' lang='grc' dir='ltr'>οἶμαι</span> <span class='ocrx_word' id='word_1_240' title='bbox 1708 840 1788 866; x_wconf 85' lang='grc' dir='ltr'>τοῦτο</span> 
     </span>
    </p>
   </div>
   <div class='ocr_carea' id='block_1_33' title="bbox 149 888 945 924">
    <p class='ocr_par' dir='ltr' id='par_1_33' title="bbox 149 888 945 924">
     <span class='ocr_line' id='line_1_33' title="bbox 149 888 945 924; baseline -0.003 -6"><span class='ocrx_word' id='word_1_241' title='bbox 149 890 177 918; x_wconf 89' lang='lat' dir='ltr'><strong>in</strong></span> <span class='ocrx_word' id='word_1_242' title='bbox 193 890 316 924; x_wconf 83' lang='lat' dir='ltr'><strong>corporis</strong></span> <span class='ocrx_word' id='word_1_243' title='bbox 339 893 426 917; x_wconf 89' lang='lat' dir='ltr'><strong>morte</strong></span> <span class='ocrx_word' id='word_1_244' title='bbox 446 889 499 916; x_wconf 89' lang='lat' dir='ltr'><strong>fuit</strong></span> <span class='ocrx_word' id='word_1_245' title='bbox 517 888 673 916; x_wconf 83' lang='lat' dir='ltr'><strong>immutata.</strong></span> <span class='ocrx_word' id='word_1_246' title='bbox 690 888 805 915; x_wconf 83' lang='lat' dir='ltr'><strong>Versuta</strong></span> <span class='ocrx_word' id='word_1_247' title='bbox 821 888 866 915; x_wconf 88' lang='lat' dir='ltr'><strong>illa</strong></span> <span class='ocrx_word' id='word_1_248' title='bbox 884 889 945 924; x_wconf 91' lang='lat' dir='ltr'><strong>qui-</strong></span> 
     </span>
    </p>
   </div>
   <div class='ocr_carea' id='block_1_34' title="bbox 148 933 944 968">
    <p class='ocr_par' dir='ltr' id='par_1_34' title="bbox 148 933 944 968">
     <span class='ocr_line' id='line_1_34' title="bbox 148 933 944 968; baseline -0.001 -6"><span class='ocrx_word' id='word_1_249' title='bbox 148 935 222 967; x_wconf 76' lang='lat' dir='ltr'><strong>dem,</strong></span> <span class='ocrx_word' id='word_1_250' title='bbox 247 934 371 968; x_wconf 87' lang='lat' dir='ltr'><strong>inquam,</strong></span> <span class='ocrx_word' id='word_1_251' title='bbox 396 935 442 961; x_wconf 86' lang='lat' dir='ltr'><strong>sed</strong></span> <span class='ocrx_word' id='word_1_252' title='bbox 470 933 550 960; x_wconf 83' lang='lat' dir='ltr'><strong>fallax</strong></span> <span class='ocrx_word' id='word_1_253' title='bbox 571 937 671 965; x_wconf 86' lang='lat' dir='ltr'><strong>tamen,</strong></span> <span class='ocrx_word' id='word_1_254' title='bbox 693 934 802 967; x_wconf 85' lang='lat' dir='ltr'><strong>opinor,</strong></span> <span class='ocrx_word' id='word_1_255' title='bbox 833 935 944 962; x_wconf 88' lang='lat' dir='ltr'><strong>conclu-</strong></span> 
     </span>
    </p>
   </div>
   <div class='ocr_carea' id='block_1_35' title="bbox 149 978 945 1012">
    <p class='ocr_par' dir='ltr' id='par_1_35' title="bbox 149 978 945 1012">
     <span class='ocr_line' id='line_1_35' title="bbox 149 978 945 1012; baseline 0.001 -6"><span class='ocrx_word' id='word_1_256' title='bbox 149 979 284 1007; x_wconf 77' lang='lat' dir='ltr'><strong>siuncula.</strong></span> <span class='ocrx_word' id='word_1_257' title='bbox 300 978 367 1006; x_wconf 86' lang='lat' dir='ltr'><strong>Nam</strong></span> <span class='ocrx_word' id='word_1_258' title='bbox 386 979 449 1012; x_wconf 79' lang='lat' dir='ltr'><strong>quid</strong></span> <span class='ocrx_word' id='word_1_259' title='bbox 466 979 574 1006; x_wconf 90' lang='lat' dir='ltr'><strong>demum</strong></span> <span class='ocrx_word' id='word_1_260' title='bbox 591 979 714 1007; x_wconf 78' lang='lat' dir='ltr'><strong>dicemus</strong></span> <span class='ocrx_word' id='word_1_261' title='bbox 729 987 790 1007; x_wconf 82' lang='lat' dir='ltr'><strong>esse</strong></span> <span class='ocrx_word' id='word_1_262' title='bbox 807 981 945 1007; x_wconf 84' lang='lat' dir='ltr'><strong>mortem?</strong></span> 
     </span>
    </p>
   </div>
   <div class='ocr_carea' id='block_1_36' title="bbox 148 1025 945 1062">
    <p class='ocr_par' dir='ltr' id='par_1_36' title="bbox 148 1025 945 1062">
     <span class='ocr_line' id='line_1_36' title="bbox 148 1025 945 1062; baseline 0.001 -10"><span class='ocrx_word' id='word_1_263' title='bbox 148 1026 213 1061; x_wconf 90' lang='lat' dir='ltr'><strong>quid</strong></span> <span class='ocrx_word' id='word_1_264' title='bbox 233 1026 336 1052; x_wconf 84' lang='lat' dir='ltr'><strong>vitam?</strong></span> <span class='ocrx_word' id='word_1_265' title='bbox 351 1025 445 1052; x_wconf 80' lang='lat' dir='ltr'><strong>Nonne</strong></span> <span class='ocrx_word' id='word_1_266' title='bbox 461 1025 513 1053; x_wconf 85' lang='lat' dir='ltr'><strong>hoc</strong></span> <span class='ocrx_word' id='word_1_267' title='bbox 526 1025 635 1060; x_wconf 85' lang='lat' dir='ltr'><strong>quidem</strong></span> <span class='ocrx_word' id='word_1_268' title='bbox 649 1026 742 1059; x_wconf 76' lang='lat' dir='ltr'><strong>vitam,</strong></span> <span class='ocrx_word' id='word_1_269' title='bbox 758 1027 866 1062; x_wconf 87' lang='lat' dir='ltr'><strong>corpori</strong></span> <span class='ocrx_word' id='word_1_270' title='bbox 886 1028 945 1053; x_wconf 88' lang='lat' dir='ltr'><strong>ani-</strong></span> 
     </span>
    </p>
   </div>
   <div class='ocr_carea' id='block_1_37' title="bbox 148 1071 954 1104">
    <p class='ocr_par' dir='ltr' id='par_1_37' title="bbox 148 1071 954 1104">
     <span class='ocr_line' id='line_1_37' title="bbox 148 1071 954 1104; baseline 0.002 -6"><span class='ocrx_word' id='word_1_271' title='bbox 148 1081 219 1099; x_wconf 77' lang='lat' dir='ltr'><strong>mam</strong></span> <span class='ocrx_word' id='word_1_272' title='bbox 237 1072 336 1104; x_wconf 62' lang='lat' dir='ltr'><strong>inesse,</strong></span> <span class='ocrx_word' id='word_1_273' title='bbox 352 1072 416 1099; x_wconf 84' lang='lat' dir='ltr'><strong>illm]</strong></span> <span class='ocrx_word' id='word_1_274' title='bbox 434 1076 559 1104; x_wconf 87' lang='lat' dir='ltr'><strong>mortem,</strong></span> <span class='ocrx_word' id='word_1_275' title='bbox 584 1071 665 1099; x_wconf 86' lang='lat' dir='ltr'><strong>ambo</strong></span> <span class='ocrx_word' id='word_1_276' title='bbox 682 1072 738 1099; x_wconf 77' lang='lat' dir='ltr'><strong>iure</strong></span> <span class='ocrx_word' id='word_1_277' title='bbox 752 1079 766 1098; x_wconf 69' lang='grc' dir='ltr'><strong>ει</strong></span> <span class='ocrx_word' id='word_1_278' title='bbox 782 1080 812 1099; x_wconf 88' lang='lat' dir='ltr'><strong>se</strong></span> <span class='ocrx_word' id='word_1_279' title='bbox 826 1073 954 1100; x_wconf 63' lang='lat' dir='ltr'><strong>invieenL</strong></span> 
     </span>
    </p>
   </div>
   <div class='ocr_carea' id='block_1_38' title="bbox 148 1114 942 1153">
    <p class='ocr_par' dir='ltr' id='par_1_38' title="bbox 148 1114 942 1153">
     <span class='ocr_line' id='line_1_38' title="bbox 148 1114 942 1153; baseline 0.001 -8"><span class='ocrx_word' id='word_1_280' title='bbox 148 1125 209 1145; x_wconf 78' lang='lat' dir='ltr'><strong>esse</strong></span> <span class='ocrx_word' id='word_1_281' title='bbox 229 1114 389 1150; x_wconf 78' lang='lat' dir='ltr'><strong>disiuncta?</strong></span> <span class='ocrx_word' id='word_1_282' title='bbox 404 1118 431 1145; x_wconf 88' lang='lat' dir='ltr'><strong>ld</strong></span> <span class='ocrx_word' id='word_1_283' title='bbox 449 1118 549 1152; x_wconf 86' lang='lat' dir='ltr'><strong>ipsum,</strong></span> <span class='ocrx_word' id='word_1_284' title='bbox 565 1118 665 1152; x_wconf 80' lang='lat' dir='ltr'><strong>inquit,</strong></span> <span class='ocrx_word' id='word_1_285' title='bbox 683 1119 704 1145; x_wconf 86' lang='lat' dir='ltr'><strong>si</strong></span> <span class='ocrx_word' id='word_1_286' title='bbox 723 1119 832 1153; x_wconf 88' lang='lat' dir='ltr'><strong>proprie</strong></span> <span class='ocrx_word' id='word_1_287' title='bbox 847 1119 942 1153; x_wconf 79' lang='lat' dir='ltr'><strong>loqua-</strong></span> 
     </span>
    </p>
   </div>
   <div class='ocr_carea' id='block_1_39' title="bbox 146 1164 941 1197">
    <p class='ocr_par' dir='ltr' id='par_1_39' title="bbox 146 1164 941 1197">
     <span class='ocr_line' id='line_1_39' title="bbox 146 1164 941 1197; baseline 0 -5"><span class='ocrx_word' id='word_1_288' title='bbox 146 1172 230 1197; x_wconf 86' lang='lat' dir='ltr'><strong>mur;</strong></span> <span class='ocrx_word' id='word_1_289' title='bbox 250 1165 296 1192; x_wconf 78' lang='lat' dir='ltr'><strong>sed</strong></span> <span class='ocrx_word' id='word_1_290' title='bbox 314 1164 397 1192; x_wconf 87' lang='lat' dir='ltr'><strong>multa</strong></span> <span class='ocrx_word' id='word_1_291' title='bbox 411 1165 492 1191; x_wconf 82' lang='lat' dir='ltr'><strong>etiam</strong></span> <span class='ocrx_word' id='word_1_292' title='bbox 512 1165 565 1192; x_wconf 90' lang='lat' dir='ltr'><strong>alia</strong></span> <span class='ocrx_word' id='word_1_293' title='bbox 582 1165 676 1192; x_wconf 85' lang='lat' dir='ltr'><strong>multis</strong></span> <span class='ocrx_word' id='word_1_294' title='bbox 689 1165 751 1192; x_wconf 85' lang='lat' dir='ltr'><strong>aliis</strong></span> <span class='ocrx_word' id='word_1_295' title='bbox 766 1165 854 1192; x_wconf 86' lang='lat' dir='ltr'><strong>modis</strong></span> <span class='ocrx_word' id='word_1_296' title='bbox 872 1167 941 1193; x_wconf 79' lang='lat' dir='ltr'><strong>merl</strong></span> 
     </span>
    </p>
   </div>
   <div class='ocr_carea' id='block_1_40' title="bbox 148 1211 943 1246">
    <p class='ocr_par' dir='ltr' id='par_1_40' title="bbox 148 1211 943 1246">
     <span class='ocr_line' id='line_1_40' title="bbox 148 1211 943 1246; baseline 0.001 -8"><span class='ocrx_word' id='word_1_297' title='bbox 148 1211 278 1244; x_wconf 74' lang='lat' dir='ltr'><strong>dicimus,</strong></span> <span class='ocrx_word' id='word_1_298' title='bbox 304 1219 364 1246; x_wconf 65' lang='lat' dir='ltr'><strong>quae</strong></span> <span class='ocrx_word' id='word_1_299' title='bbox 389 1212 516 1238; x_wconf 90' lang='lat' dir='ltr'><strong>nimirum</strong></span> <span class='ocrx_word' id='word_1_300' title='bbox 538 1212 596 1239; x_wconf 85' lang='lat' dir='ltr'><strong>sive</strong></span> <span class='ocrx_word' id='word_1_301' title='bbox 619 1216 744 1246; x_wconf 87' lang='lat' dir='ltr'><strong>tempore</strong></span> <span class='ocrx_word' id='word_1_302' title='bbox 768 1216 943 1240; x_wconf 89' lang='lat' dir='ltr'><strong>veteraseuut</strong></span> 
     </span>
    </p>
   </div>
   <div class='ocr_carea' id='block_1_41' title="bbox 147 1254 942 1292">
    <p class='ocr_par' dir='ltr' id='par_1_41' title="bbox 147 1254 942 1292">
     <span class='ocr_line' id='line_1_41' title="bbox 147 1254 942 1292; baseline 0.001 -8"><span class='ocrx_word' id='word_1_303' title='bbox 147 1254 306 1292; x_wconf 74' lang='lat' dir='ltr'><strong>sensimque</strong></span> <span class='ocrx_word' id='word_1_304' title='bbox 327 1262 354 1284; x_wconf 91' lang='lat' dir='ltr'><strong>et</strong></span> <span class='ocrx_word' id='word_1_305' title='bbox 378 1258 494 1285; x_wconf 81' lang='lat' dir='ltr'><strong>latenter</strong></span> <span class='ocrx_word' id='word_1_306' title='bbox 515 1263 727 1290; x_wconf 88' lang='lat' dir='ltr'><strong>consumuntur,</strong></span> <span class='ocrx_word' id='word_1_307' title='bbox 753 1258 810 1285; x_wconf 82' lang='lat' dir='ltr'><strong>sive</strong></span> <span class='ocrx_word' id='word_1_308' title='bbox 831 1259 942 1286; x_wconf 78' lang='lat' dir='ltr'><strong>casibus</strong></span> 
     </span>
    </p>
   </div>
   <div class='ocr_carea' id='block_1_42' title="bbox 145 1305 940 1339">
    <p class='ocr_par' dir='ltr' id='par_1_42' title="bbox 145 1305 940 1339">
     <span class='ocr_line' id='line_1_42' title="bbox 145 1305 940 1339; baseline -0.003 -7"><span class='ocrx_word' id='word_1_309' title='bbox 145 1305 309 1339; x_wconf 85' lang='lat' dir='ltr'><strong>quihusdam</strong></span> <span class='ocrx_word' id='word_1_310' title='bbox 340 1310 525 1337; x_wconf 85' lang='lat' dir='ltr'><strong>marcescunt,</strong></span> <span class='ocrx_word' id='word_1_311' title='bbox 554 1305 680 1339; x_wconf 83' lang='lat' dir='ltr'><strong>ideoque,</strong></span> <span class='ocrx_word' id='word_1_312' title='bbox 704 1305 775 1338; x_wconf 88' lang='lat' dir='ltr'><strong>quod</strong></span> <span class='ocrx_word' id='word_1_313' title='bbox 800 1305 940 1332; x_wconf 87' lang='lat' dir='ltr'><strong>accedenti</strong></span> 
     </span>
    </p>
   </div>
   <div class='ocr_carea' id='block_1_43' title="bbox 145 1349 942 1384">
    <p class='ocr_par' dir='ltr' id='par_1_43' title="bbox 145 1349 942 1384">
     <span class='ocr_line' id='line_1_43' title="bbox 145 1349 942 1384; baseline 0.001 -9"><span class='ocrx_word' id='word_1_314' title='bbox 145 1350 316 1384; x_wconf 79' lang='lat' dir='ltr'><strong>rorruplioni</strong></span> <span class='ocrx_word' id='word_1_315' title='bbox 331 1349 357 1375; x_wconf 91' lang='lat' dir='ltr'><strong>in</strong></span> <span class='ocrx_word' id='word_1_316' title='bbox 375 1353 534 1383; x_wconf 74' lang='lat' dir='ltr'><strong>perpetuum</strong></span> <span class='ocrx_word' id='word_1_317' title='bbox 546 1350 675 1377; x_wconf 81' lang='lat' dir='ltr'><strong>resistere</strong></span> <span class='ocrx_word' id='word_1_318' title='bbox 690 1357 743 1376; x_wconf 88' lang='lat' dir='ltr'><strong>non</strong></span> <span class='ocrx_word' id='word_1_319' title='bbox 761 1355 884 1384; x_wconf 85' lang='lat' dir='ltr'><strong>possunt,</strong></span> <span class='ocrx_word' id='word_1_320' title='bbox 895 1357 942 1384; x_wconf 79' lang='lat' dir='ltr'><strong>pe-</strong></span> 
     </span>
    </p>
   </div>
   <div class='ocr_carea' id='block_1_44' title="bbox 145 1396 410 1426">
    <p class='ocr_par' dir='ltr' id='par_1_44' title="bbox 145 1396 410 1426">
     <span class='ocr_line' id='line_1_44' title="bbox 145 1396 410 1426; baseline -0.008 -4"><span class='ocrx_word' id='word_1_321' title='bbox 145 1396 221 1423; x_wconf 87' lang='lat' dir='ltr'><strong>nitus</strong></span> <span class='ocrx_word' id='word_1_322' title='bbox 231 1399 410 1426; x_wconf 74' lang='lat' dir='ltr'><strong>evanescunt.</strong></span> 
     </span>
    </p>
   </div>
   <div class='ocr_carea' id='block_1_45' title="bbox 182 1444 938 1488">
    <p class='ocr_par' dir='ltr' id='par_1_45' title="bbox 182 1444 938 1488">
     <span class='ocr_line' id='line_1_45' title="bbox 182 1444 938 1488; baseline 0.001 -8"><span class='ocrx_word' id='word_1_323' title='bbox 182 1452 226 1480; x_wconf 70' lang='grc'><strong>12.</strong></span> <span class='ocrx_word' id='word_1_324' title='bbox 242 1451 394 1485; x_wconf 76' lang='lat' dir='ltr'><strong>Intelligere</strong></span> <span class='ocrx_word' id='word_1_325' title='bbox 412 1451 476 1478; x_wconf 91' lang='lat' dir='ltr'><strong>mihi</strong></span> <span class='ocrx_word' id='word_1_326' title='bbox 495 1444 610 1485; x_wconf 24' lang='lat' dir='ltr'><strong>lvideor,</strong></span> <span class='ocrx_word' id='word_1_327' title='bbox 637 1453 761 1488; x_wconf 89' lang='lat' dir='ltr'><strong>inquam,</strong></span> <span class='ocrx_word' id='word_1_328' title='bbox 788 1460 849 1488; x_wconf 58' lang='lat' dir='ltr'><strong>qua),</strong></span> <span class='ocrx_word' id='word_1_329' title='bbox 860 1453 938 1481; x_wconf 89' lang='lat' dir='ltr'><strong>dicis.</strong></span> 
     </span>
    </p>
   </div>
   <div class='ocr_carea' id='block_1_46' title="bbox 145 1497 939 1533">
    <p class='ocr_par' dir='ltr' id='par_1_46' title="bbox 145 1497 939 1533">
     <span class='ocr_line' id='line_1_46' title="bbox 145 1497 939 1533; baseline 0.001 -9"><span class='ocrx_word' id='word_1_330' title='bbox 145 1497 268 1532; x_wconf 79' lang='lat' dir='ltr'><strong>Namque</strong></span> <span class='ocrx_word' id='word_1_331' title='bbox 277 1505 357 1524; x_wconf 88' lang='lat' dir='ltr'><strong>omne</strong></span> <span class='ocrx_word' id='word_1_332' title='bbox 370 1497 530 1529; x_wconf 81' lang='lat' dir='ltr'><strong>animatum,</strong></span> <span class='ocrx_word' id='word_1_333' title='bbox 549 1503 575 1524; x_wconf 88' lang='lat' dir='ltr'><strong>et</strong></span> <span class='ocrx_word' id='word_1_334' title='bbox 584 1502 690 1531; x_wconf 81' lang='lat' dir='ltr'><strong>contra,</strong></span> <span class='ocrx_word' id='word_1_335' title='bbox 703 1506 867 1533; x_wconf 84' lang='lat' dir='ltr'><strong>quocunque</strong></span> <span class='ocrx_word' id='word_1_336' title='bbox 879 1503 939 1526; x_wconf 88' lang='lat' dir='ltr'><strong>tan-</strong></span> 
     </span>
    </p>
   </div>
   <div class='ocr_carea' id='block_1_47' title="bbox 145 1531 974 1578">
    <p class='ocr_par' dir='ltr' id='par_1_47' title="bbox 145 1531 974 1578">
     <span class='ocr_line' id='line_1_47' title="bbox 145 1531 974 1578; baseline 0 -6"><span class='ocrx_word' id='word_1_337' title='bbox 145 1545 205 1572; x_wconf 83' lang='lat' dir='ltr'><strong>dem</strong></span> <span class='ocrx_word' id='word_1_338' title='bbox 239 1543 322 1570; x_wconf 88' lang='lat' dir='ltr'><strong>modo</strong></span> <span class='ocrx_word' id='word_1_339' title='bbox 341 1548 499 1578; x_wconf 80' lang='lat' dir='ltr'><strong>(orruptum</strong></span> <span class='ocrx_word' id='word_1_340' title='bbox 526 1543 617 1576; x_wconf 85' lang='lat' dir='ltr'><strong>fuerit,</strong></span> <span class='ocrx_word' id='word_1_341' title='bbox 640 1544 690 1571; x_wconf 90' lang='lat' dir='ltr'><strong>hoc</strong></span> <span class='ocrx_word' id='word_1_342' title='bbox 716 1549 742 1571; x_wconf 91' lang='lat' dir='ltr'><strong>tu</strong></span> <span class='ocrx_word' id='word_1_343' title='bbox 764 1546 834 1572; x_wconf 86' lang='lat' dir='ltr'><strong>mori</strong></span> <span class='ocrx_word' id='word_1_344' title='bbox 857 1545 936 1577; x_wconf 84' lang='lat' dir='ltr'><strong>dicis,</strong></span> <span class='ocrx_word' id='word_1_345' title='bbox 953 1531 974 1560; x_wconf 68' lang='grc' dir='ltr'>ο</span> 
     </span>
    </p>
   </div>
   <div class='ocr_carea' id='block_1_48' title="bbox 146 1589 935 1628">
    <p class='ocr_par' dir='ltr' id='par_1_48' title="bbox 146 1589 935 1628">
     <span class='ocr_line' id='line_1_48' title="bbox 146 1589 935 1628; baseline 0.004 -12"><span class='ocrx_word' id='word_1_346' title='bbox 146 1597 258 1624; x_wconf 86' lang='lat' dir='ltr'><strong>remque</strong></span> <span class='ocrx_word' id='word_1_347' title='bbox 274 1589 360 1623; x_wconf 87' lang='lat' dir='ltr'><strong>ipsam</strong></span> <span class='ocrx_word' id='word_1_348' title='bbox 373 1589 469 1617; x_wconf 92' lang='lat' dir='ltr'><strong>mortis</strong></span> <span class='ocrx_word' id='word_1_349' title='bbox 481 1590 590 1617; x_wconf 88' lang='lat' dir='ltr'><strong>nomine</strong></span> <span class='ocrx_word' id='word_1_350' title='bbox 604 1591 732 1628; x_wconf 84' lang='lat' dir='ltr'><strong>appellas.</strong></span> <span class='ocrx_word' id='word_1_351' title='bbox 742 1591 799 1618; x_wconf 82' lang='lat' dir='ltr'><strong>Non</strong></span> <span class='ocrx_word' id='word_1_352' title='bbox 813 1599 935 1626; x_wconf 77' lang='lat' dir='ltr'><strong>prorsus,</strong></span> 
     </span>
    </p>
   </div>
   <div class='ocr_carea' id='block_1_49' title="bbox 145 1635 935 1671">
    <p class='ocr_par' dir='ltr' id='par_1_49' title="bbox 145 1635 935 1671">
     <span class='ocr_line' id='line_1_49' title="bbox 145 1635 935 1671; baseline 0.003 -9"><span class='ocrx_word' id='word_1_353' title='bbox 145 1635 243 1671; x_wconf 90' lang='lat' dir='ltr'><strong>inquit,</strong></span> <span class='ocrx_word' id='word_1_354' title='bbox 255 1635 282 1662; x_wconf 89' lang='lat' dir='ltr'><strong>in</strong></span> <span class='ocrx_word' id='word_1_355' title='bbox 298 1635 349 1662; x_wconf 85' lang='lat' dir='ltr'><strong>hac</strong></span> <span class='ocrx_word' id='word_1_356' title='bbox 361 1643 421 1662; x_wconf 88' lang='lat' dir='ltr'><strong>sum</strong></span> <span class='ocrx_word' id='word_1_357' title='bbox 432 1635 578 1668; x_wconf 83' lang='lat' dir='ltr'><strong>sententia,</strong></span> <span class='ocrx_word' id='word_1_358' title='bbox 591 1643 672 1669; x_wconf 87' lang='lat' dir='ltr'><strong>quam</strong></span> <span class='ocrx_word' id='word_1_359' title='bbox 683 1636 752 1664; x_wconf 86' lang='lat' dir='ltr'><strong>dicis</strong></span> <span class='ocrx_word' id='word_1_360' title='bbox 769 1646 776 1664; x_wconf 89' lang='lat'><strong>:</strong></span> <span class='ocrx_word' id='word_1_361' title='bbox 796 1637 839 1664; x_wconf 91' lang='lat' dir='ltr'><strong>illa</strong></span> <span class='ocrx_word' id='word_1_362' title='bbox 853 1639 935 1667; x_wconf 90' lang='lat' dir='ltr'><strong>enim.</strong></span> 
     </span>
    </p>
   </div>
   <div class='ocr_carea' id='block_1_50' title="bbox 145 1675 934 1718">
    <p class='ocr_par' dir='ltr' id='par_1_50' title="bbox 145 1675 934 1718">
     <span class='ocr_line' id='line_1_50' title="bbox 145 1675 934 1718; baseline 0.003 -9"><span class='ocrx_word' id='word_1_363' title='bbox 145 1682 189 1709; x_wconf 89' lang='lat' dir='ltr'><strong>ubi</strong></span> <span class='ocrx_word' id='word_1_364' title='bbox 206 1681 289 1709; x_wconf 81' lang='lat' dir='ltr'><strong>semel</strong></span> <span class='ocrx_word' id='word_1_365' title='bbox 305 1685 432 1716; x_wconf 79' lang='lat' dir='ltr'><strong>corrttpta</strong></span> <span class='ocrx_word' id='word_1_366' title='bbox 458 1680 569 1713; x_wconf 77' lang='lat' dir='ltr'><strong>fuerint.</strong></span> <span class='ocrx_word' id='word_1_367' title='bbox 580 1675 737 1718; x_wconf 20' lang='lat' dir='ltr'><strong>ﬁnunquam</strong></span> <span class='ocrx_word' id='word_1_368' title='bbox 762 1684 934 1711; x_wconf 79' lang='lat' dir='ltr'><strong>reviviscent.</strong></span> 
     </span>
    </p>
   </div>
   <div class='ocr_carea' id='block_1_51' title="bbox 143 1727 937 1764">
    <p class='ocr_par' dir='ltr' id='par_1_51' title="bbox 143 1727 937 1764">
     <span class='ocr_line' id='line_1_51' title="bbox 143 1727 937 1764; baseline 0.003 -10"><span class='ocrx_word' id='word_1_369' title='bbox 143 1727 238 1762; x_wconf 81' lang='lat' dir='ltr'><strong>Igitur,</strong></span> <span class='ocrx_word' id='word_1_370' title='bbox 255 1727 381 1761; x_wconf 86' lang='lat' dir='ltr'><strong>inquam,</strong></span> <span class='ocrx_word' id='word_1_371' title='bbox 402 1734 490 1761; x_wconf 84' lang='lat' dir='ltr'><strong>neque</strong></span> <span class='ocrx_word' id='word_1_372' title='bbox 516 1732 612 1754; x_wconf 88' lang='lat' dir='ltr'><strong>nostra</strong></span> <span class='ocrx_word' id='word_1_373' title='bbox 639 1735 755 1763; x_wconf 86' lang='lat' dir='ltr'><strong>corpora</strong></span> <span class='ocrx_word' id='word_1_374' title='bbox 774 1729 937 1764; x_wconf 83' lang='lat' dir='ltr'><strong>resurgent?</strong></span> 
     </span>
    </p>
   </div>
   <div class='ocr_carea' id='block_1_52' title="bbox 142 1772 938 1810">
    <p class='ocr_par' dir='ltr' id='par_1_52' title="bbox 142 1772 938 1810">
     <span class='ocr_line' id='line_1_52' title="bbox 142 1772 938 1810; baseline 0.004 -10"><span class='ocrx_word' id='word_1_375' title='bbox 142 1773 225 1807; x_wconf 81' lang='lat' dir='ltr'><strong>Atqui</strong></span> <span class='ocrx_word' id='word_1_376' title='bbox 242 1773 314 1800; x_wconf 82' lang='lat' dir='ltr'><strong>scias</strong></span> <span class='ocrx_word' id='word_1_377' title='bbox 324 1772 415 1804; x_wconf 87' lang='lat' dir='ltr'><strong>velim,</strong></span> <span class='ocrx_word' id='word_1_378' title='bbox 429 1772 518 1808; x_wconf 88' lang='lat' dir='ltr'><strong>inquit</strong></span> <span class='ocrx_word' id='word_1_379' title='bbox 533 1772 626 1806; x_wconf 79' lang='lat' dir='ltr'><strong>Persa,</strong></span> <span class='ocrx_word' id='word_1_380' title='bbox 640 1781 735 1803; x_wconf 87' lang='lat' dir='ltr'><strong>eorum</strong></span> <span class='ocrx_word' id='word_1_381' title='bbox 748 1775 794 1809; x_wconf 91' lang='lat' dir='ltr'><strong>qui</strong></span> <span class='ocrx_word' id='word_1_382' title='bbox 807 1776 876 1810; x_wconf 86' lang='lat' dir='ltr'><strong>apud</strong></span> <span class='ocrx_word' id='word_1_383' title='bbox 886 1783 938 1803; x_wconf 92' lang='lat' dir='ltr'><strong>nos</strong></span> 
     </span>
    </p>
   </div>
   <div class='ocr_carea' id='block_1_53' title="bbox 142 1817 938 1856">
    <p class='ocr_par' dir='ltr' id='par_1_53' title="bbox 142 1817 938 1856">
     <span class='ocr_line' id='line_1_53' title="bbox 142 1817 938 1856; baseline 0.003 -10"><span class='ocrx_word' id='word_1_384' title='bbox 142 1818 242 1846; x_wconf 89' lang='lat' dir='ltr'><strong>eruditi</strong></span> <span class='ocrx_word' id='word_1_385' title='bbox 269 1817 421 1850; x_wconf 85' lang='lat' dir='ltr'><strong>habentur,</strong></span> <span class='ocrx_word' id='word_1_386' title='bbox 450 1817 584 1852; x_wconf 86' lang='lat' dir='ltr'><strong>quosdam</strong></span> <span class='ocrx_word' id='word_1_387' title='bbox 611 1819 646 1846; x_wconf 84' lang='lat' dir='ltr'><strong>ita</strong></span> <span class='ocrx_word' id='word_1_388' title='bbox 672 1819 778 1854; x_wconf 84' lang='lat' dir='ltr'><strong>opinari</strong></span> <span class='ocrx_word' id='word_1_389' title='bbox 806 1825 938 1856; x_wconf 88' lang='lat' dir='ltr'><strong>:oportet</strong></span> 
     </span>
    </p>
   </div>
   <div class='ocr_carea' id='block_1_54' title="bbox 142 1862 935 1894">
    <p class='ocr_par' dir='ltr' id='par_1_54' title="bbox 142 1862 935 1894">
     <span class='ocr_line' id='line_1_54' title="bbox 142 1862 935 1894; baseline 0.006 -5"><span class='ocrx_word' id='word_1_390' title='bbox 142 1863 214 1890; x_wconf 85' lang='lat' dir='ltr'><strong>enim</strong></span> <span class='ocrx_word' id='word_1_391' title='bbox 241 1871 304 1890; x_wconf 88' lang='lat' dir='ltr'><strong>vera</strong></span> <span class='ocrx_word' id='word_1_392' title='bbox 331 1863 422 1890; x_wconf 86' lang='lat' dir='ltr'><strong>fateri.</strong></span> <span class='ocrx_word' id='word_1_393' title='bbox 449 1862 481 1889; x_wconf 87' lang='lat' dir='ltr'><strong>Et</strong></span> <span class='ocrx_word' id='word_1_394' title='bbox 498 1863 606 1891; x_wconf 79' lang='lat' dir='ltr'><strong>difﬁcile</strong></span> <span class='ocrx_word' id='word_1_395' title='bbox 622 1872 688 1892; x_wconf 84' lang='lat' dir='ltr'><strong>sane</strong></span> <span class='ocrx_word' id='word_1_396' title='bbox 705 1870 745 1892; x_wconf 87' lang='lat' dir='ltr'><strong>est</strong></span> <span class='ocrx_word' id='word_1_397' title='bbox 760 1865 794 1892; x_wconf 88' lang='lat' dir='ltr'><strong>ab</strong></span> <span class='ocrx_word' id='word_1_398' title='bbox 811 1866 864 1894; x_wconf 91' lang='lat' dir='ltr'><strong>illis</strong></span> <span class='ocrx_word' id='word_1_399' title='bbox 882 1874 935 1894; x_wconf 91' lang='lat' dir='ltr'><strong>non</strong></span> 
     </span>
    </p>
   </div>
   <div class='ocr_carea' id='block_1_55' title="bbox 141 1908 937 1946">
    <p class='ocr_par' dir='ltr' id='par_1_55' title="bbox 141 1908 937 1946">
     <span class='ocr_line' id='line_1_55' title="bbox 141 1908 937 1946; baseline 0.004 -11"><span class='ocrx_word' id='word_1_400' title='bbox 141 1908 313 1942; x_wconf 79' lang='lat' dir='ltr'><strong>supplantari</strong></span> <span class='ocrx_word' id='word_1_401' title='bbox 325 1908 466 1943; x_wconf 83' lang='lat' dir='ltr'><strong>refellique</strong></span> <span class='ocrx_word' id='word_1_402' title='bbox 478 1916 535 1939; x_wconf 88' lang='lat' dir='ltr'><strong>eos.</strong></span> <span class='ocrx_word' id='word_1_403' title='bbox 548 1909 705 1945; x_wconf 88' lang='lat' dir='ltr'><strong>quicunque</strong></span> <span class='ocrx_word' id='word_1_404' title='bbox 715 1918 778 1938; x_wconf 89' lang='lat' dir='ltr'><strong>cum</strong></span> <span class='ocrx_word' id='word_1_405' title='bbox 791 1911 859 1946; x_wconf 85' lang='lat' dir='ltr'><strong>ipsis</strong></span> <span class='ocrx_word' id='word_1_406' title='bbox 871 1919 937 1938; x_wconf 93' lang='lat' dir='ltr'><strong>con-</strong></span> 
     </span>
    </p>
   </div>
   <div class='ocr_carea' id='block_1_56' title="bbox 142 1954 934 1992">
    <p class='ocr_par' dir='ltr' id='par_1_56' title="bbox 142 1954 934 1992">
     <span class='ocr_line' id='line_1_56' title="bbox 142 1954 934 1992; baseline 0.004 -11"><span class='ocrx_word' id='word_1_407' title='bbox 142 1956 248 1981; x_wconf 74' lang='lat' dir='ltr'><strong>certare</strong></span> <span class='ocrx_word' id='word_1_408' title='bbox 273 1954 356 1981; x_wconf 86' lang='lat' dir='ltr'><strong>velint</strong></span> <span class='ocrx_word' id='word_1_409' title='bbox 377 1962 384 1980; x_wconf 91' lang='lat'><strong>:</strong></span> <span class='ocrx_word' id='word_1_410' title='bbox 405 1962 452 1981; x_wconf 90' lang='lat' dir='ltr'><strong>eos</strong></span> <span class='ocrx_word' id='word_1_411' title='bbox 478 1954 540 1982; x_wconf 65' lang='lat' dir='ltr'><strong>dico</strong></span> <span class='ocrx_word' id='word_1_412' title='bbox 563 1955 609 1988; x_wconf 90' lang='lat' dir='ltr'><strong>qui</strong></span> <span class='ocrx_word' id='word_1_413' title='bbox 636 1964 689 1982; x_wconf 91' lang='lat' dir='ltr'><strong>non</strong></span> <span class='ocrx_word' id='word_1_414' title='bbox 718 1956 781 1990; x_wconf 82' lang='lat' dir='ltr'><strong>fide,</strong></span> <span class='ocrx_word' id='word_1_415' title='bbox 807 1957 934 1992; x_wconf 83' lang='lat' dir='ltr'><strong>tanquam</strong></span> 
     </span>
    </p>
   </div>
   <div class='ocr_carea' id='block_1_57' title="bbox 142 1999 937 2034">
    <p class='ocr_par' dir='ltr' id='par_1_57' title="bbox 142 1999 937 2034">
     <span class='ocr_line' id='line_1_57' title="bbox 142 1999 937 2034; baseline 0.006 -9"><span class='ocrx_word' id='word_1_416' title='bbox 142 2004 222 2026; x_wconf 84' lang='lat' dir='ltr'><strong>scuto</strong></span> <span class='ocrx_word' id='word_1_417' title='bbox 236 1999 341 2034; x_wconf 86' lang='lat' dir='ltr'><strong>aliquo,</strong></span> <span class='ocrx_word' id='word_1_418' title='bbox 355 1999 470 2034; x_wconf 90' lang='lat' dir='ltr'><strong>protecti</strong></span> <span class='ocrx_word' id='word_1_419' title='bbox 490 2001 668 2034; x_wconf 73' lang='lat' dir='ltr'><strong>accesserint,</strong></span> <span class='ocrx_word' id='word_1_420' title='bbox 685 2002 732 2029; x_wconf 80' lang='lat' dir='ltr'><strong>sed</strong></span> <span class='ocrx_word' id='word_1_421' title='bbox 749 2003 937 2031; x_wconf 86' lang='lat' dir='ltr'><strong>ratiocinatio-</strong></span> 
     </span>
    </p>
   </div>
   <div class='ocr_carea' id='block_1_58' title="bbox 143 2045 957 2083">
    <p class='ocr_par' dir='ltr' id='par_1_58' title="bbox 143 2045 957 2083">
     <span class='ocr_line' id='line_1_58' title="bbox 143 2045 957 2083; baseline 0.006 -11"><span class='ocrx_word' id='word_1_422' title='bbox 143 2046 224 2073; x_wconf 84' lang='lat' dir='ltr'><strong>nibus</strong></span> <span class='ocrx_word' id='word_1_423' title='bbox 237 2050 342 2072; x_wconf 85' lang='lat' dir='ltr'><strong>tantum</strong></span> <span class='ocrx_word' id='word_1_424' title='bbox 361 2046 472 2073; x_wconf 89' lang='lat' dir='ltr'><strong>armati.</strong></span> <span class='ocrx_word' id='word_1_425' title='bbox 489 2045 680 2074; x_wconf 78' lang='lat' dir='ltr'><strong>Verumtamen</strong></span> <span class='ocrx_word' id='word_1_426' title='bbox 696 2048 742 2082; x_wconf 86' lang='lat' dir='ltr'><strong>qui</strong></span> <span class='ocrx_word' id='word_1_427' title='bbox 757 2048 836 2076; x_wconf 87' lang='lat' dir='ltr'><strong>nobis</strong></span> <span class='ocrx_word' id='word_1_428' title='bbox 850 2049 934 2083; x_wconf 77' lang='lat' dir='ltr'><strong>legem</strong></span> <span class='ocrx_word' id='word_1_429' title='bbox 956 2074 957 2077; x_wconf 48' lang='grc' dir='ltr'><strong>η</strong></span> 
     </span>
    </p>
   </div>
   <div class='ocr_carea' id='block_1_59' title="bbox 142 2091 936 2129">
    <p class='ocr_par' dir='ltr' id='par_1_59' title="bbox 142 2091 936 2129">
     <span class='ocr_line' id='line_1_59' title="bbox 142 2091 936 2129; baseline 0.005 -11"><span class='ocrx_word' id='word_1_430' title='bbox 142 2091 227 2124; x_wconf 66' lang='lat' dir='ltr'><strong>dedit,</strong></span> <span class='ocrx_word' id='word_1_431' title='bbox 249 2092 273 2118; x_wconf 88' lang='lat' dir='ltr'><strong>is</strong></span> <span class='ocrx_word' id='word_1_432' title='bbox 292 2099 437 2126; x_wconf 84' lang='lat' dir='ltr'><strong>corporum</strong></span> <span class='ocrx_word' id='word_1_433' title='bbox 467 2094 696 2121; x_wconf 74' lang='lat' dir='ltr'><strong>reSurrcctionem</strong></span> <span class='ocrx_word' id='word_1_434' title='bbox 714 2102 764 2122; x_wconf 89' lang='lat' dir='ltr'><strong>nos</strong></span> <span class='ocrx_word' id='word_1_435' title='bbox 780 2100 936 2129; x_wconf 82' lang='lat' dir='ltr'><strong>exspectare</strong></span> 
     </span>
    </p>
   </div>
   <div class='ocr_carea' id='block_1_60' title="bbox 140 2137 935 2176">
    <p class='ocr_par' dir='ltr' id='par_1_60' title="bbox 140 2137 935 2176">
     <span class='ocr_line' id='line_1_60' title="bbox 140 2137 935 2176; baseline 0.004 -12"><span class='ocrx_word' id='word_1_436' title='bbox 140 2137 232 2171; x_wconf 80' lang='lat' dir='ltr'><strong>jussit,</strong></span> <span class='ocrx_word' id='word_1_437' title='bbox 250 2137 294 2163; x_wconf 90' lang='lat' dir='ltr'><strong>cui</strong></span> <span class='ocrx_word' id='word_1_438' title='bbox 311 2145 359 2164; x_wconf 87' lang='lat' dir='ltr'><strong>nec</strong></span> <span class='ocrx_word' id='word_1_439' title='bbox 374 2137 454 2164; x_wconf 85' lang='lat' dir='ltr'><strong>fidem</strong></span> <span class='ocrx_word' id='word_1_440' title='bbox 472 2137 604 2176; x_wconf 80' lang='lat' dir='ltr'><strong>derogare</strong></span> <span class='ocrx_word' id='word_1_441' title='bbox 624 2139 699 2171; x_wconf 80' lang='lat' dir='ltr'><strong>licet,</strong></span> <span class='ocrx_word' id='word_1_442' title='bbox 717 2146 766 2167; x_wconf 90' lang='lat' dir='ltr'><strong>nec</strong></span> <span class='ocrx_word' id='word_1_443' title='bbox 783 2140 935 2168; x_wconf 86' lang='lat' dir='ltr'><strong>adversari.</strong></span> 
     </span>
    </p>
   </div>
   <div class='ocr_carea' id='block_1_61' title="bbox 140 2183 934 2221">
    <p class='ocr_par' dir='ltr' id='par_1_61' title="bbox 140 2183 934 2221">
     <span class='ocr_line' id='line_1_61' title="bbox 140 2183 934 2221; baseline 0.005 -12"><span class='ocrx_word' id='word_1_444' title='bbox 140 2183 196 2210; x_wconf 84' lang='lat' dir='ltr'><strong>Nos</strong></span> <span class='ocrx_word' id='word_1_445' title='bbox 218 2191 293 2215; x_wconf 87' lang='lat' dir='ltr'><strong>vero,</strong></span> <span class='ocrx_word' id='word_1_446' title='bbox 327 2184 449 2221; x_wconf 65' lang='lat' dir='ltr'><strong>inquam,</strong></span> <span class='ocrx_word' id='word_1_447' title='bbox 470 2184 589 2211; x_wconf 88' lang='lat' dir='ltr'><strong>humana</strong></span> <span class='ocrx_word' id='word_1_448' title='bbox 610 2192 725 2219; x_wconf 75' lang='lat' dir='ltr'><strong>corpora</strong></span> <span class='ocrx_word' id='word_1_449' title='bbox 748 2191 934 2213; x_wconf 86' lang='lat' dir='ltr'><strong>resnrrcctura</strong></span> 
     </span>
    </p>
   </div>
   <div class='ocr_carea' id='block_1_62' title="bbox 139 2230 935 2265">
    <p class='ocr_par' dir='ltr' id='par_1_62' title="bbox 139 2230 935 2265">
     <span class='ocr_line' id='line_1_62' title="bbox 139 2230 935 2265; baseline 0.004 -8"><span class='ocrx_word' id='word_1_450' title='bbox 139 2237 202 2258; x_wconf 82' lang='lat' dir='ltr'><strong>esse</strong></span> <span class='ocrx_word' id='word_1_451' title='bbox 220 2230 260 2257; x_wconf 86' lang='lat' dir='ltr'><strong>vel</strong></span> <span class='ocrx_word' id='word_1_452' title='bbox 281 2231 398 2257; x_wconf 75' lang='lat' dir='ltr'><strong>maxime</strong></span> <span class='ocrx_word' id='word_1_453' title='bbox 414 2230 552 2257; x_wconf 88' lang='lat' dir='ltr'><strong>credimus</strong></span> <span class='ocrx_word' id='word_1_454' title='bbox 569 2240 575 2258; x_wconf 75' lang='grc' dir='ltr'>ε</span> <span class='ocrx_word' id='word_1_455' title='bbox 592 2231 664 2265; x_wconf 91' lang='lat' dir='ltr'><strong>quod</strong></span> <span class='ocrx_word' id='word_1_456' title='bbox 680 2232 702 2258; x_wconf 89' lang='lat' dir='ltr'><strong>si</strong></span> <span class='ocrx_word' id='word_1_457' title='bbox 721 2231 789 2258; x_wconf 79' lang='lat' dir='ltr'><strong>alter</strong></span> <span class='ocrx_word' id='word_1_458' title='bbox 804 2239 836 2259; x_wconf 85' lang='lat' dir='ltr'><strong>ex</strong></span> <span class='ocrx_word' id='word_1_459' title='bbox 857 2232 935 2260; x_wconf 82' lang='lat' dir='ltr'><strong>nobis</strong></span> 
     </span>
    </p>
   </div>
   <div class='ocr_carea' id='block_1_63' title="bbox 140 2276 935 2312">
    <p class='ocr_par' dir='ltr' id='par_1_63' title="bbox 140 2276 935 2312">
     <span class='ocr_line' id='line_1_63' title="bbox 140 2276 935 2312; baseline 0.004 -10"><span class='ocrx_word' id='word_1_460' title='bbox 140 2284 212 2303; x_wconf 88' lang='lat' dir='ltr'><strong>nunc</strong></span> <span class='ocrx_word' id='word_1_461' title='bbox 226 2283 279 2303; x_wconf 92' lang='lat' dir='ltr'><strong>non</strong></span> <span class='ocrx_word' id='word_1_462' title='bbox 304 2276 476 2310; x_wconf 87' lang='lat' dir='ltr'><strong>concederet,</strong></span> <span class='ocrx_word' id='word_1_463' title='bbox 493 2277 565 2304; x_wconf 90' lang='lat' dir='ltr'><strong>hunc</strong></span> <span class='ocrx_word' id='word_1_464' title='bbox 577 2278 646 2304; x_wconf 80' lang='lat' dir='ltr'><strong>alter</strong></span> <span class='ocrx_word' id='word_1_465' title='bbox 661 2278 811 2312; x_wconf 83' lang='lat' dir='ltr'><strong>quomodo,</strong></span> <span class='ocrx_word' id='word_1_466' title='bbox 832 2285 935 2312; x_wconf 72' lang='lat' dir='ltr'><strong>qnmso,</strong></span> 
     </span>
    </p>
   </div>
   <div class='ocr_carea' id='block_1_64' title="bbox 138 2322 935 2358">
    <p class='ocr_par' dir='ltr' id='par_1_64' title="bbox 138 2322 935 2358">
     <span class='ocr_line' id='line_1_64' title="bbox 138 2322 935 2358; baseline 0.003 -9"><span class='ocrx_word' id='word_1_467' title='bbox 138 2323 172 2349; x_wconf 82' lang='lat' dir='ltr'><strong>ad</strong></span> <span class='ocrx_word' id='word_1_468' title='bbox 184 2322 373 2349; x_wconf 81' lang='lat' dir='ltr'><strong>auctoritatem</strong></span> <span class='ocrx_word' id='word_1_469' title='bbox 385 2330 463 2349; x_wconf 83' lang='lat' dir='ltr'><strong>suam</strong></span> <span class='ocrx_word' id='word_1_470' title='bbox 477 2327 568 2357; x_wconf 84' lang='lat' dir='ltr'><strong>posset</strong></span> <span class='ocrx_word' id='word_1_471' title='bbox 578 2323 736 2351; x_wconf 82' lang='lat' dir='ltr'><strong>adducere?</strong></span> <span class='ocrx_word' id='word_1_472' title='bbox 753 2323 839 2350; x_wconf 88' lang='lat' dir='ltr'><strong>Nemo</strong></span> <span class='ocrx_word' id='word_1_473' title='bbox 849 2324 935 2358; x_wconf 84' lang='lat' dir='ltr'><strong>possit</strong></span> 
     </span>
    </p>
   </div>
   <div class='ocr_carea' id='block_1_65' title="bbox 138 2369 931 2404">
    <p class='ocr_par' dir='ltr' id='par_1_65' title="bbox 138 2369 931 2404">
     <span class='ocr_line' id='line_1_65' title="bbox 138 2369 931 2404; baseline 0 -8"><span class='ocrx_word' id='word_1_474' title='bbox 138 2370 238 2404; x_wconf 84' lang='lat' dir='ltr'><strong>inquit,</strong></span> <span class='ocrx_word' id='word_1_475' title='bbox 264 2370 428 2403; x_wconf 75' lang='lat' dir='ltr'><strong>persuadere</strong></span> <span class='ocrx_word' id='word_1_476' title='bbox 453 2370 476 2396; x_wconf 91' lang='lat' dir='ltr'><strong>ei</strong></span> <span class='ocrx_word' id='word_1_477' title='bbox 494 2369 539 2403; x_wconf 85' lang='lat' dir='ltr'><strong>qni</strong></span> <span class='ocrx_word' id='word_1_478' title='bbox 558 2371 784 2396; x_wconf 74' lang='lat' dir='ltr'><strong>resurreelioncm</strong></span> <span class='ocrx_word' id='word_1_479' title='bbox 802 2378 863 2397; x_wconf 88' lang='lat' dir='ltr'><strong>esse</strong></span> <span class='ocrx_word' id='word_1_480' title='bbox 879 2378 931 2397; x_wconf 88' lang='lat' dir='ltr'><strong>non</strong></span> 
     </span>
    </p>
   </div>
   <div class='ocr_carea' id='block_1_66' title="bbox 138 2416 923 2450">
    <p class='ocr_par' dir='ltr' id='par_1_66' title="bbox 138 2416 923 2450">
     <span class='ocr_line' id='line_1_66' title="bbox 138 2416 923 2450; baseline 0.004 -9"><span class='ocrx_word' id='word_1_481' title='bbox 138 2416 231 2443; x_wconf 88' lang='lat' dir='ltr'><strong>credat</strong></span> <span class='ocrx_word' id='word_1_482' title='bbox 243 2435 250 2446; x_wconf 85' lang='lat'><strong>.</strong></span> <span class='ocrx_word' id='word_1_483' title='bbox 271 2416 485 2450; x_wconf 81' lang='lat' dir='ltr'><strong>nianifeslasque</strong></span> <span class='ocrx_word' id='word_1_484' title='bbox 501 2416 551 2442; x_wconf 87' lang='lat' dir='ltr'><strong>hac</strong></span> <span class='ocrx_word' id='word_1_485' title='bbox 569 2416 603 2442; x_wconf 87' lang='lat' dir='ltr'><strong>de</strong></span> <span class='ocrx_word' id='word_1_486' title='bbox 620 2424 648 2443; x_wconf 88' lang='lat' dir='ltr'><strong>re</strong></span> <span class='ocrx_word' id='word_1_487' title='bbox 676 2417 923 2444; x_wconf 81' lang='lat' dir='ltr'><strong>demonstrationes</strong></span> 
     </span>
    </p>
   </div>
   <div class='ocr_carea' id='block_1_67' title="bbox 137 2463 264 2497">
    <p class='ocr_par' dir='ltr' id='par_1_67' title="bbox 137 2463 264 2497">
     <span class='ocr_line' id='line_1_67' title="bbox 137 2463 264 2497; baseline -0.008 -7"><span class='ocrx_word' id='word_1_488' title='bbox 137 2463 264 2497; x_wconf 77' lang='lat' dir='ltr'><strong>postulet.</strong></span> 
     </span>
    </p>
   </div>
   <div class='ocr_carea' id='block_1_68' title="bbox 174 2535 924 2573">
    <p class='ocr_par' dir='ltr' id='par_1_68' title="bbox 174 2535 924 2573">
     <span class='ocr_line' id='line_1_68' title="bbox 174 2535 924 2573; baseline 0.001 -10"><span class='ocrx_word' id='word_1_489' title='bbox 174 2537 216 2564; x_wconf 78' lang='lat' dir='ltr'><strong>l5.</strong></span> <span class='ocrx_word' id='word_1_490' title='bbox 237 2535 303 2564; x_wconf 84' lang='lat' dir='ltr'><strong>Vide</strong></span> <span class='ocrx_word' id='word_1_491' title='bbox 320 2536 413 2571; x_wconf 70' lang='lat' dir='ltr'><strong>igitur,</strong></span> <span class='ocrx_word' id='word_1_492' title='bbox 433 2537 474 2564; x_wconf 88' lang='lat' dir='ltr'><strong>vir</strong></span> <span class='ocrx_word' id='word_1_493' title='bbox 488 2538 600 2572; x_wconf 85' lang='lat' dir='ltr'><strong>optime,</strong></span> <span class='ocrx_word' id='word_1_494' title='bbox 619 2538 742 2573; x_wconf 89' lang='lat' dir='ltr'><strong>inquam,</strong></span> <span class='ocrx_word' id='word_1_495' title='bbox 759 2545 839 2572; x_wconf 87' lang='lat' dir='ltr'><strong>quam</strong></span> <span class='ocrx_word' id='word_1_496' title='bbox 853 2538 924 2572; x_wconf 87' lang='lat' dir='ltr'><strong>opti-</strong></span> 
     </span>
    </p>
   </div>
   <div class='ocr_carea' id='block_1_69' title="bbox 136 2583 925 2619">
    <p class='ocr_par' dir='ltr' id='par_1_69' title="bbox 136 2583 925 2619">
     <span class='ocr_line' id='line_1_69' title="bbox 136 2583 925 2619; baseline -0.001 -9"><span class='ocrx_word' id='word_1_497' title='bbox 136 2589 183 2610; x_wconf 89' lang='lat' dir='ltr'><strong>mo</strong></span> <span class='ocrx_word' id='word_1_498' title='bbox 195 2583 257 2618; x_wconf 85' lang='lat' dir='ltr'><strong>jure</strong></span> <span class='ocrx_word' id='word_1_499' title='bbox 275 2583 354 2610; x_wconf 81' lang='lat' dir='ltr'><strong>nobis</strong></span> <span class='ocrx_word' id='word_1_500' title='bbox 374 2583 407 2610; x_wconf 94' lang='lat' dir='ltr'><strong>ad</strong></span> <span class='ocrx_word' id='word_1_501' title='bbox 433 2583 674 2610; x_wconf 83' lang='lat' dir='ltr'><strong>demonstrandam</strong></span> <span class='ocrx_word' id='word_1_502' title='bbox 696 2585 856 2619; x_wconf 82' lang='lat' dir='ltr'><strong>angelorum</strong></span> <span class='ocrx_word' id='word_1_503' title='bbox 875 2583 925 2610; x_wconf 93' lang='lat' dir='ltr'><strong>im-</strong></span> 
     </span>
    </p>
   </div>
   <div class='ocr_carea' id='block_1_70' title="bbox 137 2629 926 2664">
    <p class='ocr_par' dir='ltr' id='par_1_70' title="bbox 137 2629 926 2664">
     <span class='ocr_line' id='line_1_70' title="bbox 137 2629 926 2664; baseline -0.001 -8"><span class='ocrx_word' id='word_1_504' title='bbox 137 2629 332 2656; x_wconf 82' lang='lat' dir='ltr'><strong>mortalitatem</strong></span> <span class='ocrx_word' id='word_1_505' title='bbox 359 2629 428 2656; x_wconf 86' lang='lat' dir='ltr'><strong>satis</strong></span> <span class='ocrx_word' id='word_1_506' title='bbox 454 2630 565 2657; x_wconf 87' lang='lat' dir='ltr'><strong>omnino</strong></span> <span class='ocrx_word' id='word_1_507' title='bbox 589 2637 653 2657; x_wconf 85' lang='lat' dir='ltr'><strong>csse</strong></span> <span class='ocrx_word' id='word_1_508' title='bbox 675 2630 774 2664; x_wconf 80' lang='lat' dir='ltr'><strong>possit,</strong></span> <span class='ocrx_word' id='word_1_509' title='bbox 799 2630 926 2656; x_wconf 78' lang='lat' dir='ltr'><strong>dmtores</strong></span> 
     </span>
    </p>
   </div>
   <div class='ocr_carea' id='block_1_71' title="bbox 136 2674 925 2710">
    <p class='ocr_par' dir='ltr' id='par_1_71' title="bbox 136 2674 925 2710">
     <span class='ocr_line' id='line_1_71' title="bbox 136 2674 925 2710; baseline 0 -10"><span class='ocrx_word' id='word_1_510' title='bbox 136 2679 246 2702; x_wconf 87' lang='lat' dir='ltr'><strong>nostros</strong></span> <span class='ocrx_word' id='word_1_511' title='bbox 270 2679 450 2709; x_wconf 91' lang='lat' dir='ltr'><strong>nostramque</strong></span> <span class='ocrx_word' id='word_1_512' title='bbox 477 2674 558 2702; x_wconf 84' lang='lat' dir='ltr'><strong>fidem</strong></span> <span class='ocrx_word' id='word_1_513' title='bbox 578 2675 712 2710; x_wconf 84' lang='lat' dir='ltr'><strong>proferre,</strong></span> <span class='ocrx_word' id='word_1_514' title='bbox 739 2676 834 2710; x_wconf 77' lang='lat' dir='ltr'><strong>sicque</strong></span> <span class='ocrx_word' id='word_1_515' title='bbox 851 2675 925 2702; x_wconf 89' lang='lat' dir='ltr'><strong>omni</strong></span> 
     </span>
    </p>
   </div>
   <div class='ocr_carea' id='block_1_72' title="bbox 135 2720 930 2756">
    <p class='ocr_par' dir='ltr' id='par_1_72' title="bbox 135 2720 930 2756">
     <span class='ocr_line' id='line_1_72' title="bbox 135 2720 930 2756; baseline 0.003 -11"><span class='ocrx_word' id='word_1_516' title='bbox 135 2720 243 2754; x_wconf 80' lang='lat' dir='ltr'><strong>negotio</strong></span> <span class='ocrx_word' id='word_1_517' title='bbox 256 2727 286 2746; x_wconf 87' lang='lat' dir='ltr'><strong>ac</strong></span> <span class='ocrx_word' id='word_1_518' title='bbox 299 2721 390 2747; x_wconf 84' lang='lat' dir='ltr'><strong>lahore</strong></span> <span class='ocrx_word' id='word_1_519' title='bbox 398 2720 507 2756; x_wconf 78' lang='lat' dir='ltr'><strong>defungi</strong></span> <span class='ocrx_word' id='word_1_520' title='bbox 519 2730 525 2748; x_wconf 86' lang='lat'><strong><em>:</em></strong></span> <span class='ocrx_word' id='word_1_521' title='bbox 538 2729 591 2748; x_wconf 88' lang='lat' dir='ltr'><strong>non</strong></span> <span class='ocrx_word' id='word_1_522' title='bbox 602 2726 707 2755; x_wconf 88' lang='lat' dir='ltr'><strong>oportet</strong></span> <span class='ocrx_word' id='word_1_523' title='bbox 717 2722 802 2754; x_wconf 87' lang='lat' dir='ltr'><strong>enim,</strong></span> <span class='ocrx_word' id='word_1_524' title='bbox 814 2727 841 2747; x_wconf 91' lang='lat' dir='ltr'><strong>ut</strong></span> <span class='ocrx_word' id='word_1_525' title='bbox 853 2721 930 2747; x_wconf 78' lang='lat' dir='ltr'><strong>vobis</strong></span> 
     </span>
    </p>
   </div>
   <div class='ocr_carea' id='block_1_73' title="bbox 135 2764 924 2801">
    <p class='ocr_par' dir='ltr' id='par_1_73' title="bbox 135 2764 924 2801">
     <span class='ocr_line' id='line_1_73' title="bbox 135 2764 924 2801; baseline 0.003 -10"><span class='ocrx_word' id='word_1_526' title='bbox 135 2764 243 2799; x_wconf 85' lang='lat' dir='ltr'><strong>quidem</strong></span> <span class='ocrx_word' id='word_1_527' title='bbox 262 2765 289 2791; x_wconf 88' lang='lat' dir='ltr'><strong>id</strong></span> <span class='ocrx_word' id='word_1_528' title='bbox 305 2765 393 2792; x_wconf 86' lang='lat' dir='ltr'><strong>facere</strong></span> <span class='ocrx_word' id='word_1_529' title='bbox 407 2765 498 2797; x_wconf 85' lang='lat' dir='ltr'><strong>liceat,</strong></span> <span class='ocrx_word' id='word_1_530' title='bbox 513 2766 591 2794; x_wconf 87' lang='lat' dir='ltr'><strong>nobis</strong></span> <span class='ocrx_word' id='word_1_531' title='bbox 606 2772 696 2794; x_wconf 87' lang='lat' dir='ltr'><strong>autem</strong></span> <span class='ocrx_word' id='word_1_532' title='bbox 713 2774 813 2794; x_wconf 86' lang='lat' dir='ltr'><strong>ancora</strong></span> <span class='ocrx_word' id='word_1_533' title='bbox 829 2766 924 2801; x_wconf 76' lang='lat' dir='ltr'><strong>hujus-</strong></span> 
     </span>
    </p>
   </div>
   <div class='ocr_carea' id='block_1_74' title="bbox 169 2863 503 2900">
    <p class='ocr_par' dir='ltr' id='par_1_74' title="bbox 169 2863 503 2900">
     <span class='ocr_line' id='line_1_74' title="bbox 169 2863 503 2900; baseline 0.003 -10"><span class='ocrx_word' id='word_1_534' title='bbox 169 2863 209 2900; x_wconf 84' lang='lat' dir='ltr'><strong>(I)</strong></span> <span class='ocrx_word' id='word_1_535' title='bbox 219 2864 334 2893; x_wconf 85' lang='lat' dir='ltr'><strong>Coislin.</strong></span> <span class='ocrx_word' id='word_1_536' title='bbox 354 2865 503 2900; x_wconf 74' lang='grc' dir='ltr'>φήσαιμεν,</span> 
     </span>
    </p>
   </div>
   <div class='ocr_carea' id='block_1_75' title="bbox 999 884 1787 923">
    <p class='ocr_par' dir='ltr' id='par_1_75' title="bbox 999 884 1787 923">
     <span class='ocr_line' id='line_1_75' title="bbox 999 884 1787 923; baseline -0.003 -8"><span class='ocrx_word' id='word_1_537' title='bbox 999 890 1120 923; x_wconf 82' lang='grc' dir='ltr'>σόφισμα</span> <span class='ocrx_word' id='word_1_538' title='bbox 1141 885 1222 915; x_wconf 81' lang='grc' dir='ltr'>εἶναι.</span> <span class='ocrx_word' id='word_1_539' title='bbox 1239 887 1272 914; x_wconf 87' lang='grc' dir='ltr'>Τί</span> <span class='ocrx_word' id='word_1_540' title='bbox 1290 896 1356 914; x_wconf 78' lang='grc' dir='ltr'>ποτε</span> <span class='ocrx_word' id='word_1_541' title='bbox 1374 888 1429 923; x_wconf 76' lang='grc' dir='ltr'>γὰρ</span> <span class='ocrx_word' id='word_1_542' title='bbox 1443 887 1489 914; x_wconf 79' lang='grc' dir='ltr'>τὸν</span> <span class='ocrx_word' id='word_1_543' title='bbox 1510 887 1627 915; x_wconf 81' lang='grc' dir='ltr'>θάνατον</span> <span class='ocrx_word' id='word_1_544' title='bbox 1641 884 1712 914; x_wconf 75' lang='grc' dir='ltr'>εἷναι</span> <span class='ocrx_word' id='word_1_545' title='bbox 1730 887 1787 921; x_wconf 84' lang='grc' dir='ltr'><strong>φῶ-</strong></span> 
     </span>
    </p>
   </div>
   <div class='ocr_carea' id='block_1_76' title="bbox 999 932 1787 970">
    <p class='ocr_par' dir='ltr' id='par_1_76' title="bbox 999 932 1787 970">
     <span class='ocr_line' id='line_1_76' title="bbox 999 932 1787 970; baseline -0.001 -9"><span class='ocrx_word' id='word_1_546' title='bbox 999 943 1049 969; x_wconf 87' lang='grc' dir='ltr'><strong>μεν</strong></span> <span class='ocrx_word' id='word_1_547' title='bbox 1066 935 1124 970; x_wconf 81' lang='lat' dir='ltr'><strong>(l);</strong></span> <span class='ocrx_word' id='word_1_548' title='bbox 1141 934 1187 960; x_wconf 84' lang='grc' dir='ltr'><strong>καὶ</strong></span> <span class='ocrx_word' id='word_1_549' title='bbox 1210 934 1236 960; x_wconf 83' lang='grc' dir='ltr'><strong>τί</strong></span> <span class='ocrx_word' id='word_1_550' title='bbox 1253 933 1284 968; x_wconf 82' lang='grc' dir='ltr'>δὴ</span> <span class='ocrx_word' id='word_1_551' title='bbox 1300 933 1349 968; x_wconf 81' lang='grc' dir='ltr'>τὴν</span> <span class='ocrx_word' id='word_1_552' title='bbox 1366 934 1456 968; x_wconf 81' lang='grc' dir='ltr'>ζωὴν;</span> <span class='ocrx_word' id='word_1_553' title='bbox 1484 932 1514 960; x_wconf 78' lang='grc' dir='ltr'>οὐ</span> <span class='ocrx_word' id='word_1_554' title='bbox 1540 933 1620 960; x_wconf 77' lang='grc' dir='ltr'>τοῦτο</span> <span class='ocrx_word' id='word_1_555' title='bbox 1645 934 1695 968; x_wconf 81' lang='grc' dir='ltr'><strong>μὲν</strong></span> <span class='ocrx_word' id='word_1_556' title='bbox 1713 933 1787 969; x_wconf 82' lang='grc' dir='ltr'>ζωὴν</span> 
     </span>
    </p>
   </div>
   <div class='ocr_carea' id='block_1_77' title="bbox 996 979 1788 1015">
    <p class='ocr_par' dir='ltr' id='par_1_77' title="bbox 996 979 1788 1015">
     <span class='ocr_line' id='line_1_77' title="bbox 996 979 1788 1015; baseline -0.001 -8"><span class='ocrx_word' id='word_1_557' title='bbox 996 979 1068 1007; x_wconf 81' lang='grc' dir='ltr'>εἴναι</span> <span class='ocrx_word' id='word_1_558' title='bbox 1081 981 1219 1015; x_wconf 80' lang='grc' dir='ltr'>φήσομεν,</span> <span class='ocrx_word' id='word_1_559' title='bbox 1234 979 1264 1006; x_wconf 79' lang='grc' dir='ltr'>τὺ</span> <span class='ocrx_word' id='word_1_560' title='bbox 1278 979 1369 1014; x_wconf 77' lang='grc' dir='ltr'><strong>ψυχὴν</strong></span> <span class='ocrx_word' id='word_1_561' title='bbox 1385 980 1486 1006; x_wconf 77' lang='grc' dir='ltr'>ἐνεῖναι</span> <span class='ocrx_word' id='word_1_562' title='bbox 1507 979 1548 1014; x_wconf 85' lang='grc' dir='ltr'>τῷ</span> <span class='ocrx_word' id='word_1_563' title='bbox 1561 979 1681 1014; x_wconf 85' lang='grc' dir='ltr'>σώματι,</span> <span class='ocrx_word' id='word_1_564' title='bbox 1698 980 1788 1006; x_wconf 82' lang='grc' dir='ltr'>ἐκεῖνο</span> 
     </span>
    </p>
   </div>
   <div class='ocr_carea' id='block_1_78' title="bbox 995 1025 1787 1061">
    <p class='ocr_par' dir='ltr' id='par_1_78' title="bbox 995 1025 1787 1061">
     <span class='ocr_line' id='line_1_78' title="bbox 995 1025 1787 1061; baseline -0.001 -8"><span class='ocrx_word' id='word_1_565' title='bbox 995 1027 1023 1053; x_wconf 81' lang='grc' dir='ltr'>δὲ</span> <span class='ocrx_word' id='word_1_566' title='bbox 1038 1026 1166 1060; x_wconf 83' lang='grc' dir='ltr'>θάνατον,</span> <span class='ocrx_word' id='word_1_567' title='bbox 1184 1025 1213 1052; x_wconf 79' lang='grc' dir='ltr'>τὸ</span> <span class='ocrx_word' id='word_1_568' title='bbox 1231 1025 1318 1052; x_wconf 80' lang='grc' dir='ltr'>ταῦτα</span> <span class='ocrx_word' id='word_1_569' title='bbox 1337 1026 1483 1061; x_wconf 81' lang='grc' dir='ltr'>ἀμφότερα</span> <span class='ocrx_word' id='word_1_570' title='bbox 1509 1025 1632 1061; x_wconf 80' lang='grc' dir='ltr'>ἀλλήλων</span> <span class='ocrx_word' id='word_1_571' title='bbox 1647 1026 1787 1061; x_wconf 80' lang='grc' dir='ltr'>διακεκρί-</span> 
     </span>
    </p>
   </div>
   <div class='ocr_carea' id='block_1_79' title="bbox 996 1071 1786 1109">
    <p class='ocr_par' dir='ltr' id='par_1_79' title="bbox 996 1071 1786 1109">
     <span class='ocr_line' id='line_1_79' title="bbox 996 1071 1786 1109; baseline 0.001 -10"><span class='ocrx_word' id='word_1_572' title='bbox 996 1073 1076 1106; x_wconf 83' lang='grc' dir='ltr'>σθαι;</span> <span class='ocrx_word' id='word_1_573' title='bbox 1095 1072 1161 1104; x_wconf 80' lang='grc' dir='ltr'>Ναὶ,</span> <span class='ocrx_word' id='word_1_574' title='bbox 1176 1071 1290 1106; x_wconf 80' lang='grc' dir='ltr'><strong>κυρίως,</strong></span> <span class='ocrx_word' id='word_1_575' title='bbox 1306 1071 1358 1106; x_wconf 73' lang='grc' dir='ltr'>ἐφη</span> <span class='ocrx_word' id='word_1_576' title='bbox 1370 1079 1378 1088; x_wconf 78' lang='lat'>&#39;</span> <span class='ocrx_word' id='word_1_577' title='bbox 1398 1072 1509 1106; x_wconf 77' lang='grc' dir='ltr'>λέγεται</span> <span class='ocrx_word' id='word_1_578' title='bbox 1530 1072 1558 1099; x_wconf 75' lang='grc' dir='ltr'>δὲ</span> <span class='ocrx_word' id='word_1_579' title='bbox 1574 1073 1622 1100; x_wconf 70' lang='grc' dir='ltr'><strong>καὶ</strong></span> <span class='ocrx_word' id='word_1_580' title='bbox 1638 1073 1705 1100; x_wconf 81' lang='grc' dir='ltr'>ἄλλα</span> <span class='ocrx_word' id='word_1_581' title='bbox 1719 1073 1786 1109; x_wconf 84' lang='grc' dir='ltr'><strong>6νή-</strong></span> 
     </span>
    </p>
   </div>
   <div class='ocr_carea' id='block_1_80' title="bbox 996 1118 1786 1155">
    <p class='ocr_par' dir='ltr' id='par_1_80' title="bbox 996 1118 1786 1155">
     <span class='ocr_line' id='line_1_80' title="bbox 996 1118 1786 1155; baseline 0.003 -10"><span class='ocrx_word' id='word_1_582' title='bbox 996 1127 1074 1146; x_wconf 88' lang='grc' dir='ltr'>σκειν</span> <span class='ocrx_word' id='word_1_583' title='bbox 1092 1118 1178 1145; x_wconf 76' lang='grc' dir='ltr'>πολλὰ</span> <span class='ocrx_word' id='word_1_584' title='bbox 1200 1118 1309 1150; x_wconf 78' lang='grc' dir='ltr'>πολλοῖς</span> <span class='ocrx_word' id='word_1_585' title='bbox 1329 1126 1399 1144; x_wconf 85' lang='grc' dir='ltr'>τισιν</span> <span class='ocrx_word' id='word_1_586' title='bbox 1416 1118 1506 1149; x_wconf 78' lang='grc' dir='ltr'>ἄλλοις</span> <span class='ocrx_word' id='word_1_587' title='bbox 1526 1119 1679 1155; x_wconf 58' lang='lat' dir='ltr'><strong>mng</strong></span> <span class='ocrx_word' id='word_1_588' title='bbox 1696 1121 1786 1155; x_wconf 77' lang='grc' dir='ltr'>χρόνῳ</span> 
     </span>
    </p>
   </div>
   <div class='ocr_carea' id='block_1_81' title="bbox 993 1163 1785 1200">
    <p class='ocr_par' dir='ltr' id='par_1_81' title="bbox 993 1163 1785 1200">
     <span class='ocr_line' id='line_1_81' title="bbox 993 1163 1785 1200; baseline 0.001 -8"><span class='ocrx_word' id='word_1_589' title='bbox 993 1165 1117 1200; x_wconf 85' lang='grc' dir='ltr'>δηλονότι</span> <span class='ocrx_word' id='word_1_590' title='bbox 1134 1163 1327 1199; x_wconf 82' lang='grc' dir='ltr'>παλαιούμενά</span> <span class='ocrx_word' id='word_1_591' title='bbox 1350 1172 1381 1190; x_wconf 79' lang='grc' dir='ltr'>τε</span> <span class='ocrx_word' id='word_1_592' title='bbox 1400 1166 1447 1191; x_wconf 74' lang='grc' dir='ltr'>καὶ</span> <span class='ocrx_word' id='word_1_593' title='bbox 1467 1164 1619 1200; x_wconf 82' lang='grc' dir='ltr'><strong>λεληθότως</strong></span> <span class='ocrx_word' id='word_1_594' title='bbox 1641 1166 1785 1193; x_wconf 77' lang='grc' dir='ltr'>ἀναλισκό-</span> 
     </span>
    </p>
   </div>
   <div class='ocr_carea' id='block_1_82' title="bbox 994 1210 1791 1248">
    <p class='ocr_par' dir='ltr' id='par_1_82' title="bbox 994 1210 1791 1248">
     <span class='ocr_line' id='line_1_82' title="bbox 994 1210 1791 1248; baseline 0.003 -11"><span class='ocrx_word' id='word_1_595' title='bbox 994 1220 1075 1245; x_wconf 85' lang='grc' dir='ltr'>μενα,</span> <span class='ocrx_word' id='word_1_596' title='bbox 1094 1211 1111 1246; x_wconf 81' lang='grc' dir='ltr'>ἦ</span> <span class='ocrx_word' id='word_1_597' title='bbox 1140 1210 1330 1245; x_wconf 79' lang='grc' dir='ltr'>συμπτώμασὶ</span> <span class='ocrx_word' id='word_1_598' title='bbox 1357 1219 1412 1238; x_wconf 78' lang='grc' dir='ltr'>τισι</span> <span class='ocrx_word' id='word_1_599' title='bbox 1444 1212 1645 1247; x_wconf 74' lang='grc' dir='ltr'><strong>μαραινόμενα,</strong></span> <span class='ocrx_word' id='word_1_600' title='bbox 1667 1212 1714 1239; x_wconf 73' lang='grc' dir='ltr'><strong>καὶ</strong></span> <span class='ocrx_word' id='word_1_601' title='bbox 1746 1212 1791 1248; x_wconf 69' lang='grc' dir='ltr'><strong>τῷ</strong></span> 
     </span>
    </p>
   </div>
   <div class='ocr_carea' id='block_1_83' title="bbox 993 1256 1781 1294">
    <p class='ocr_par' dir='ltr' id='par_1_83' title="bbox 993 1256 1781 1294">
     <span class='ocr_line' id='line_1_83' title="bbox 993 1256 1781 1294; baseline 0.003 -11"><span class='ocrx_word' id='word_1_602' title='bbox 993 1257 1063 1292; x_wconf 78' lang='grc' dir='ltr'>πρὸς</span> <span class='ocrx_word' id='word_1_603' title='bbox 1076 1257 1125 1292; x_wconf 77' lang='grc' dir='ltr'><strong>τὴν</strong></span> <span class='ocrx_word' id='word_1_604' title='bbox 1139 1256 1267 1283; x_wconf 72' lang='grc' dir='ltr'>ἐναντίαν</span> <span class='ocrx_word' id='word_1_605' title='bbox 1282 1256 1388 1292; x_wconf 78' lang='grc' dir='ltr'>φθορὰν</span> <span class='ocrx_word' id='word_1_606' title='bbox 1398 1257 1523 1293; x_wconf 75' lang='grc' dir='ltr'><strong>ἀντέχειν</strong></span> <span class='ocrx_word' id='word_1_607' title='bbox 1535 1258 1578 1285; x_wconf 78' lang='grc' dir='ltr'>ἀεὶ</span> <span class='ocrx_word' id='word_1_608' title='bbox 1588 1258 1625 1294; x_wconf 84' lang='grc' dir='ltr'>μὴ</span> <span class='ocrx_word' id='word_1_609' title='bbox 1638 1258 1781 1292; x_wconf 83' lang='grc' dir='ltr'>δύνασθαι,</span> 
     </span>
    </p>
   </div>
   <div class='ocr_carea' id='block_1_84' title="bbox 992 1302 1318 1337">
    <p class='ocr_par' dir='ltr' id='par_1_84' title="bbox 992 1302 1318 1337">
     <span class='ocr_line' id='line_1_84' title="bbox 992 1302 1318 1337; baseline 0.003 -9"><span class='ocrx_word' id='word_1_610' title='bbox 992 1303 1103 1334; x_wconf 84' lang='grc' dir='ltr'>τελείως</span> <span class='ocrx_word' id='word_1_611' title='bbox 1118 1302 1318 1337; x_wconf 66' lang='grc' dir='ltr'>ἀφανιζόμενα.</span> 
     </span>
    </p>
   </div>
   <div class='ocr_carea' id='block_1_85' title="bbox 1028 1444 1780 1490">
    <p class='ocr_par' dir='ltr' id='par_1_85' title="bbox 1028 1444 1780 1490">
     <span class='ocr_line' id='line_1_85' title="bbox 1028 1444 1780 1490; baseline 0.012 -18"><span class='ocrx_word' id='word_1_612' title='bbox 1028 1445 1072 1481; x_wconf 86' lang='grc' dir='ltr'><strong>ιβ’.</strong></span> <span class='ocrx_word' id='word_1_613' title='bbox 1093 1446 1242 1481; x_wconf 78' lang='grc' dir='ltr'>Μανθάνω,</span> <span class='ocrx_word' id='word_1_614' title='bbox 1259 1444 1350 1482; x_wconf 82' lang='grc' dir='ltr'>οἶμαι,</span> <span class='ocrx_word' id='word_1_615' title='bbox 1366 1448 1446 1484; x_wconf 78' lang='grc' dir='ltr'>ἔφην,</span> <span class='ocrx_word' id='word_1_616' title='bbox 1465 1449 1482 1476; x_wconf 81' lang='grc' dir='ltr'>ἃ</span> <span class='ocrx_word' id='word_1_617' title='bbox 1497 1450 1597 1484; x_wconf 84' lang='grc' dir='ltr'>λέγεις.</span> <span class='ocrx_word' id='word_1_618' title='bbox 1615 1451 1703 1479; x_wconf 80' lang='grc' dir='ltr'>Ἀπαν</span> <span class='ocrx_word' id='word_1_619' title='bbox 1725 1455 1780 1490; x_wconf 81' lang='grc' dir='ltr'><strong>γὰρ</strong></span> 
     </span>
    </p>
   </div>
   <div class='ocr_carea' id='block_1_86' title="bbox 991 1493 1781 1537">
    <p class='ocr_par' dir='ltr' id='par_1_86' title="bbox 991 1493 1781 1537">
     <span class='ocr_line' id='line_1_86' title="bbox 991 1493 1781 1537; baseline 0.01 -17"><span class='ocrx_word' id='word_1_620' title='bbox 991 1493 1112 1530; x_wconf 69' lang='grc' dir='ltr'>ἔμψυχόν</span> <span class='ocrx_word' id='word_1_621' title='bbox 1127 1502 1156 1520; x_wconf 88' lang='grc' dir='ltr'>τε</span> <span class='ocrx_word' id='word_1_622' title='bbox 1176 1495 1223 1522; x_wconf 67' lang='grc' dir='ltr'><strong>καὶ</strong></span> <span class='ocrx_word' id='word_1_623' title='bbox 1240 1495 1298 1530; x_wconf 58' lang='grc' dir='ltr'><strong>μὴῗ</strong></span> <span class='ocrx_word' id='word_1_624' title='bbox 1305 1495 1380 1527; x_wconf 78' lang='grc' dir='ltr'>ὅπως</span> <span class='ocrx_word' id='word_1_625' title='bbox 1389 1495 1490 1530; x_wconf 83' lang='grc' dir='ltr'>δήποτε</span> <span class='ocrx_word' id='word_1_626' title='bbox 1504 1497 1602 1530; x_wconf 80' lang='grc' dir='ltr'>τελέως</span> <span class='ocrx_word' id='word_1_627' title='bbox 1620 1499 1781 1537; x_wconf 77' lang='grc' dir='ltr'>διαφθαρὲν,</span> 
     </span>
    </p>
   </div>
   <div class='ocr_carea' id='block_1_87' title="bbox 991 1539 1782 1581">
    <p class='ocr_par' dir='ltr' id='par_1_87' title="bbox 991 1539 1782 1581">
     <span class='ocr_line' id='line_1_87' title="bbox 991 1539 1782 1581; baseline 0.011 -16"><span class='ocrx_word' id='word_1_628' title='bbox 991 1539 1072 1566; x_wconf 82' lang='grc' dir='ltr'>τοῦτο</span> <span class='ocrx_word' id='word_1_629' title='bbox 1087 1539 1119 1575; x_wconf 82' lang='grc' dir='ltr'>δὴ</span> <span class='ocrx_word' id='word_1_630' title='bbox 1142 1539 1271 1575; x_wconf 78' lang='grc' dir='ltr'>θνήσκειν</span> <span class='ocrx_word' id='word_1_631' title='bbox 1288 1540 1389 1575; x_wconf 81' lang='grc' dir='ltr'>λέγεις,</span> <span class='ocrx_word' id='word_1_632' title='bbox 1408 1543 1455 1568; x_wconf 72' lang='grc' dir='ltr'><strong>καὶ</strong></span> <span class='ocrx_word' id='word_1_633' title='bbox 1469 1544 1498 1569; x_wconf 54' lang='grc' dir='ltr'><strong>τι)</strong></span> <span class='ocrx_word' id='word_1_634' title='bbox 1523 1545 1639 1581; x_wconf 80' lang='grc' dir='ltr'>πρᾶγμα</span> <span class='ocrx_word' id='word_1_635' title='bbox 1665 1547 1782 1576; x_wconf 63' lang='lat' dir='ltr'><strong>an-cev</strong></span> 
     </span>
    </p>
   </div>
   <div class='ocr_carea' id='block_1_88' title="bbox 991 1585 1782 1626">
    <p class='ocr_par' dir='ltr' id='par_1_88' title="bbox 991 1585 1782 1626">
     <span class='ocr_line' id='line_1_88' title="bbox 991 1585 1782 1626; baseline -0.001 -13"><span class='ocrx_word' id='word_1_636' title='bbox 991 1586 1146 1621; x_wconf 72' lang='grc' dir='ltr'>ὀνομάζεις.</span> <span class='ocrx_word' id='word_1_637' title='bbox 1164 1587 1226 1613; x_wconf 77' lang='grc' dir='ltr'>Οὐδ’</span> <span class='ocrx_word' id='word_1_638' title='bbox 1239 1587 1391 1614; x_wconf 84' lang='grc' dir='ltr'>ὁπωστιοῦν</span> <span class='ocrx_word' id='word_1_639' title='bbox 1436 1589 1500 1625; x_wconf 82' lang='grc' dir='ltr'>φῂς,</span> <span class='ocrx_word' id='word_1_640' title='bbox 1516 1590 1578 1626; x_wconf 67' lang='grc' dir='ltr'>ἔφη,</span> <span class='ocrx_word' id='word_1_641' title='bbox 1594 1591 1665 1626; x_wconf 80' lang='grc' dir='ltr'>λέγω</span> <span class='ocrx_word' id='word_1_642' title='bbox 1675 1601 1682 1609; x_wconf 89' lang='lat'><strong>-</strong></span> <span class='ocrx_word' id='word_1_643' title='bbox 1696 1595 1782 1622; x_wconf 66' lang='grc' dir='ltr'><strong>ταῦτα</strong></span> 
     </span>
    </p>
   </div>
   <div class='ocr_carea' id='block_1_89' title="bbox 991 1633 1781 1672">
    <p class='ocr_par' dir='ltr' id='par_1_89' title="bbox 991 1633 1781 1672">
     <span class='ocr_line' id='line_1_89' title="bbox 991 1633 1781 1672; baseline 0.014 -14"><span class='ocrx_word' id='word_1_644' title='bbox 991 1634 1046 1669; x_wconf 81' lang='grc' dir='ltr'><strong>γὰρ</strong></span> <span class='ocrx_word' id='word_1_645' title='bbox 1073 1634 1128 1660; x_wconf 84' lang='grc' dir='ltr'>οὐδ’</span> <span class='ocrx_word' id='word_1_646' title='bbox 1155 1633 1339 1660; x_wconf 79' lang='grc' dir='ltr'>ἀνασιώσεταί</span> <span class='ocrx_word' id='word_1_647' title='bbox 1356 1643 1422 1661; x_wconf 84' lang='grc' dir='ltr'>ποτε</span> <span class='ocrx_word' id='word_1_648' title='bbox 1449 1636 1642 1672; x_wconf 73' lang='grc' dir='ltr'>διαφθαρέντα.</span> <span class='ocrx_word' id='word_1_649' title='bbox 1674 1641 1781 1669; x_wconf 82' lang='grc' dir='ltr'>Οὐκοῦν</span> 
     </span>
    </p>
   </div>
   <div class='ocr_carea' id='block_1_90' title="bbox 991 1679 1781 1720">
    <p class='ocr_par' dir='ltr' id='par_1_90' title="bbox 991 1679 1781 1720">
     <span class='ocr_line' id='line_1_90' title="bbox 991 1679 1781 1720; baseline 0.013 -16"><span class='ocrx_word' id='word_1_650' title='bbox 991 1679 1051 1705; x_wconf 74' lang='grc' dir='ltr'>οὐδὲ</span> <span class='ocrx_word' id='word_1_651' title='bbox 1073 1679 1108 1705; x_wconf 76' lang='grc' dir='ltr'><strong>τὰ</strong></span> <span class='ocrx_word' id='word_1_652' title='bbox 1139 1679 1254 1714; x_wconf 84' lang='grc' dir='ltr'>σώματα</span> <span class='ocrx_word' id='word_1_653' title='bbox 1281 1679 1347 1714; x_wconf 86' lang='grc' dir='ltr'>ἡμῖν</span> <span class='ocrx_word' id='word_1_654' title='bbox 1374 1681 1576 1716; x_wconf 60' lang='lat' dir='ltr'><strong>dilatisque-rat;</strong></span> <span class='ocrx_word' id='word_1_655' title='bbox 1605 1683 1685 1720; x_wconf 76' lang='grc' dir='ltr'>ἔφην.</span> <span class='ocrx_word' id='word_1_656' title='bbox 1707 1686 1781 1713; x_wconf 82' lang='grc' dir='ltr'><strong>Ἀλλ’</strong></span> 
     </span>
    </p>
   </div>
   <div class='ocr_carea' id='block_1_91' title="bbox 992 1722 1782 1762">
    <p class='ocr_par' dir='ltr' id='par_1_91' title="bbox 992 1722 1782 1762">
     <span class='ocr_line' id='line_1_91' title="bbox 992 1722 1782 1762; baseline 0.004 -11"><span class='ocrx_word' id='word_1_657' title='bbox 992 1725 1071 1757; x_wconf 71' lang='grc' dir='ltr'>είσὶν,</span> <span class='ocrx_word' id='word_1_658' title='bbox 1087 1722 1116 1751; x_wconf 81' lang='grc' dir='ltr'>εὖ</span> <span class='ocrx_word' id='word_1_659' title='bbox 1132 1725 1197 1757; x_wconf 83' lang='grc' dir='ltr'>ι’σθι,</span> <span class='ocrx_word' id='word_1_660' title='bbox 1222 1725 1275 1759; x_wconf 75' lang='grc' dir='ltr'>ἔφη</span> <span class='ocrx_word' id='word_1_661' title='bbox 1291 1725 1305 1751; x_wconf 79' lang='grc' dir='ltr'><strong>ὁ</strong></span> <span class='ocrx_word' id='word_1_662' title='bbox 1322 1726 1440 1762; x_wconf 78' lang='grc' dir='ltr'><strong>Πέρσης,</strong></span> <span class='ocrx_word' id='word_1_663' title='bbox 1461 1728 1532 1762; x_wconf 83' lang='grc' dir='ltr'>οἵγε</span> <span class='ocrx_word' id='word_1_664' title='bbox 1556 1729 1628 1757; x_wconf 78' lang='grc' dir='ltr'>οὕτω</span> <span class='ocrx_word' id='word_1_665' title='bbox 1644 1731 1723 1758; x_wconf 83' lang='grc' dir='ltr'>τοῦτο</span> <span class='ocrx_word' id='word_1_666' title='bbox 1739 1733 1782 1760; x_wconf 82' lang='grc' dir='ltr'>δο-</span> 
     </span>
    </p>
   </div>
   <div class='ocr_carea' id='block_1_92' title="bbox 992 1771 1782 1814">
    <p class='ocr_par' dir='ltr' id='par_1_92' title="bbox 992 1771 1782 1814">
     <span class='ocr_line' id='line_1_92' title="bbox 992 1771 1782 1814; baseline 0.01 -17"><span class='ocrx_word' id='word_1_667' title='bbox 992 1772 1102 1804; x_wconf 72' lang='grc' dir='ltr'>ξάζουσι</span> <span class='ocrx_word' id='word_1_668' title='bbox 1119 1771 1173 1798; x_wconf 85' lang='grc' dir='ltr'><strong>τῶν</strong></span> <span class='ocrx_word' id='word_1_669' title='bbox 1198 1771 1264 1806; x_wconf 79' lang='grc' dir='ltr'>παρ’</span> <span class='ocrx_word' id='word_1_670' title='bbox 1282 1772 1351 1807; x_wconf 83' lang='grc' dir='ltr'>ἡμῖν</span> <span class='ocrx_word' id='word_1_671' title='bbox 1377 1773 1479 1807; x_wconf 80' lang='grc' dir='ltr'>λογίων</span> <span class='ocrx_word' id='word_1_672' title='bbox 1492 1781 1499 1789; x_wconf 89' lang='grc'><strong>·</strong></span> <span class='ocrx_word' id='word_1_673' title='bbox 1526 1774 1567 1801; x_wconf 81' lang='grc' dir='ltr'><strong>δεῖ</strong></span> <span class='ocrx_word' id='word_1_674' title='bbox 1587 1776 1641 1812; x_wconf 81' lang='grc' dir='ltr'>γὰρ</span> <span class='ocrx_word' id='word_1_675' title='bbox 1665 1778 1782 1814; x_wconf 69' lang='grc' dir='ltr'>τάληθὲς</span> 
     </span>
    </p>
   </div>
   <div class='ocr_carea' id='block_1_93' title="bbox 991 1816 1780 1856">
    <p class='ocr_par' dir='ltr' id='par_1_93' title="bbox 991 1816 1780 1856">
     <span class='ocr_line' id='line_1_93' title="bbox 991 1816 1780 1856; baseline 0.003 -12"><span class='ocrx_word' id='word_1_676' title='bbox 991 1818 1066 1852; x_wconf 79' lang='grc' dir='ltr'>ἡμᾶς</span> <span class='ocrx_word' id='word_1_677' title='bbox 1079 1817 1179 1851; x_wconf 84' lang='grc' dir='ltr'>λέγειν.</span> <span class='ocrx_word' id='word_1_678' title='bbox 1202 1816 1255 1842; x_wconf 83' lang='grc' dir='ltr'>Καὶ</span> <span class='ocrx_word' id='word_1_679' title='bbox 1270 1817 1390 1851; x_wconf 79' lang='grc' dir='ltr'>χαλεπὸν</span> <span class='ocrx_word' id='word_1_680' title='bbox 1412 1819 1509 1853; x_wconf 85' lang='grc' dir='ltr'>ἀμέλει</span> <span class='ocrx_word' id='word_1_681' title='bbox 1522 1821 1570 1856; x_wconf 86' lang='grc' dir='ltr'>,μὴ</span> <span class='ocrx_word' id='word_1_682' title='bbox 1597 1823 1701 1856; x_wconf 78' lang='grc' dir='ltr'>πάντας</span> <span class='ocrx_word' id='word_1_683' title='bbox 1718 1825 1780 1851; x_wconf 62' lang='grc' dir='ltr'><strong>ταύ-</strong></span> 
     </span>
    </p>
   </div>
   <div class='ocr_carea' id='block_1_94' title="bbox 990 1864 1779 1902">
    <p class='ocr_par' dir='ltr' id='par_1_94' title="bbox 990 1864 1779 1902">
     <span class='ocr_line' id='line_1_94' title="bbox 990 1864 1779 1902; baseline 0.01 -13"><span class='ocrx_word' id='word_1_684' title='bbox 990 1872 1054 1895; x_wconf 84' lang='grc' dir='ltr'>τους</span> <span class='ocrx_word' id='word_1_685' title='bbox 1072 1864 1250 1902; x_wconf 65' lang='grc' dir='ltr'>ὑποσκελίσιη</span> <span class='ocrx_word' id='word_1_686' title='bbox 1270 1865 1334 1896; x_wconf 79' lang='grc' dir='ltr'>τοὺς</span> <span class='ocrx_word' id='word_1_687' title='bbox 1347 1865 1386 1896; x_wconf 83' lang='grc' dir='ltr'><strong>είς</strong></span> <span class='ocrx_word' id='word_1_688' title='bbox 1400 1866 1495 1901; x_wconf 85' lang='grc' dir='ltr'>χεῖρας</span> <span class='ocrx_word' id='word_1_689' title='bbox 1509 1866 1614 1899; x_wconf 74' lang='grc' dir='ltr'>τούτοις</span> <span class='ocrx_word' id='word_1_690' title='bbox 1633 1869 1758 1902; x_wconf 74' lang='grc' dir='ltr'>ἐλθόντας</span> <span class='ocrx_word' id='word_1_691' title='bbox 1770 1878 1779 1887; x_wconf 68' lang='grc'><strong><em>⁸</em></strong></span> 
     </span>
    </p>
   </div>
   <div class='ocr_carea' id='block_1_95' title="bbox 990 1906 1780 1948">
    <p class='ocr_par' dir='ltr' id='par_1_95' title="bbox 990 1906 1780 1948">
     <span class='ocr_line' id='line_1_95' title="bbox 990 1906 1780 1948; baseline 0.015 -17"><span class='ocrx_word' id='word_1_692' title='bbox 990 1910 1062 1944; x_wconf 81' lang='grc' dir='ltr'>λέγω</span> <span class='ocrx_word' id='word_1_693' title='bbox 1075 1910 1108 1947; x_wconf 77' lang='grc' dir='ltr'>δὴ</span> <span class='ocrx_word' id='word_1_694' title='bbox 1124 1906 1193 1943; x_wconf 69' lang='grc' dir='ltr'><strong>τοὺξ</strong></span> <span class='ocrx_word' id='word_1_695' title='bbox 1212 1911 1249 1947; x_wconf 81' lang='grc' dir='ltr'>μὴ</span> <span class='ocrx_word' id='word_1_696' title='bbox 1265 1911 1314 1947; x_wconf 80' lang='grc' dir='ltr'><strong>τὴν</strong></span> <span class='ocrx_word' id='word_1_697' title='bbox 1330 1911 1419 1938; x_wconf 81' lang='grc' dir='ltr'>πίστιν</span> <span class='ocrx_word' id='word_1_698' title='bbox 1441 1912 1691 1948; x_wconf 78' lang='grc' dir='ltr'>προσαλλομένους,</span> <span class='ocrx_word' id='word_1_699' title='bbox 1710 1916 1780 1943; x_wconf 75' lang='grc' dir='ltr'>ἀλλὰ</span> 
     </span>
    </p>
   </div>
   <div class='ocr_carea' id='block_1_96' title="bbox 989 1957 1780 1997">
    <p class='ocr_par' dir='ltr' id='par_1_96' title="bbox 989 1957 1780 1997">
     <span class='ocr_line' id='line_1_96' title="bbox 989 1957 1780 1997; baseline 0.008 -13"><span class='ocrx_word' id='word_1_700' title='bbox 989 1957 1133 1993; x_wconf 80' lang='grc' dir='ltr'>λογισμοῖς</span> <span class='ocrx_word' id='word_1_701' title='bbox 1147 1957 1426 1993; x_wconf 62' lang='grc' dir='ltr'>ὡπλισμένουςᾟλὴν</span> <span class='ocrx_word' id='word_1_702' title='bbox 1444 1959 1511 1993; x_wconf 65' lang='grc' dir='ltr'>ἡμῖν</span> <span class='ocrx_word' id='word_1_703' title='bbox 1525 1960 1539 1986; x_wconf 84' lang='grc' dir='ltr'><strong><em>ὁ</em></strong></span> <span class='ocrx_word' id='word_1_704' title='bbox 1553 1960 1615 1992; x_wconf 77' lang='grc' dir='ltr'>δοὺς</span> <span class='ocrx_word' id='word_1_705' title='bbox 1637 1961 1683 1988; x_wconf 81' lang='grc' dir='ltr'><strong>τὸν</strong></span> <span class='ocrx_word' id='word_1_706' title='bbox 1696 1963 1780 1997; x_wconf 79' lang='grc' dir='ltr'>νόμον</span> 
     </span>
    </p>
   </div>
   <div class='ocr_carea' id='block_1_97' title="bbox 990 2003 1780 2045">
    <p class='ocr_par' dir='ltr' id='par_1_97' title="bbox 990 2003 1780 2045">
     <span class='ocr_line' id='line_1_97' title="bbox 990 2003 1780 2045; baseline 0.006 -15"><span class='ocrx_word' id='word_1_707' title='bbox 990 2004 1139 2030; x_wconf 80' lang='grc' dir='ltr'>ἀνάστασιν</span> <span class='ocrx_word' id='word_1_708' title='bbox 1150 2003 1204 2029; x_wconf 83' lang='grc' dir='ltr'>τῶν</span> <span class='ocrx_word' id='word_1_709' title='bbox 1220 2003 1355 2037; x_wconf 76' lang='grc' dir='ltr'>σωμάτων</span> <span class='ocrx_word' id='word_1_710' title='bbox 1379 2004 1506 2031; x_wconf 71' lang='grc' dir='ltr'>ἐκέλευσε</span> <span class='ocrx_word' id='word_1_711' title='bbox 1527 2007 1690 2043; x_wconf 74' lang='grc' dir='ltr'>προσδοκᾷν,</span> <span class='ocrx_word' id='word_1_712' title='bbox 1704 2005 1780 2045; x_wconf 84' lang='grc' dir='ltr'>ᾧπερ</span> 
     </span>
    </p>
   </div>
   <div class='ocr_carea' id='block_1_98' title="bbox 990 2049 1779 2089">
    <p class='ocr_par' dir='ltr' id='par_1_98' title="bbox 990 2049 1779 2089">
     <span class='ocr_line' id='line_1_98' title="bbox 990 2049 1779 2089; baseline 0.008 -14"><span class='ocrx_word' id='word_1_713' title='bbox 990 2050 1115 2076; x_wconf 75' lang='grc' dir='ltr'>ἀπιστεῖν</span> <span class='ocrx_word' id='word_1_714' title='bbox 1129 2049 1180 2076; x_wconf 85' lang='grc' dir='ltr'><strong>οὐκ</strong></span> <span class='ocrx_word' id='word_1_715' title='bbox 1193 2049 1245 2081; x_wconf 77' lang='grc' dir='ltr'>ἔνι,</span> <span class='ocrx_word' id='word_1_716' title='bbox 1259 2049 1314 2075; x_wconf 77' lang='grc' dir='ltr'>οὐδ’</span> <span class='ocrx_word' id='word_1_717' title='bbox 1327 2050 1476 2076; x_wconf 74' lang='grc' dir='ltr'>ἀντιτεῖναι</span> <span class='ocrx_word' id='word_1_718' title='bbox 1491 2052 1607 2086; x_wconf 73' lang='grc' dir='ltr'>ἐφεῖται.</span> <span class='ocrx_word' id='word_1_719' title='bbox 1627 2055 1732 2085; x_wconf 77' lang='grc' dir='ltr'>Παντὸς</span> <span class='ocrx_word' id='word_1_720' title='bbox 1747 2063 1779 2089; x_wconf 81' lang='grc' dir='ltr'><strong>γε</strong></span> 
     </span>
    </p>
   </div>
   <div class='ocr_carea' id='block_1_99' title="bbox 991 2094 1778 2135">
    <p class='ocr_par' dir='ltr' id='par_1_99' title="bbox 991 2094 1778 2135">
     <span class='ocr_line' id='line_1_99' title="bbox 991 2094 1778 2135; baseline 0.008 -15"><span class='ocrx_word' id='word_1_721' title='bbox 991 2094 1094 2129; x_wconf 79' lang='grc' dir='ltr'>μᾶλλον</span> <span class='ocrx_word' id='word_1_722' title='bbox 1115 2094 1194 2129; x_wconf 82' lang='grc' dir='ltr'>ἡμεῖς</span> <span class='ocrx_word' id='word_1_723' title='bbox 1212 2094 1390 2128; x_wconf 82' lang='grc' dir='ltr'>πιστεύομεν,</span> <span class='ocrx_word' id='word_1_724' title='bbox 1409 2095 1488 2131; x_wconf 76' lang='grc' dir='ltr'>ἔφην,</span> <span class='ocrx_word' id='word_1_725' title='bbox 1505 2096 1541 2127; x_wconf 82' lang='grc' dir='ltr'>ὼς</span> <span class='ocrx_word' id='word_1_726' title='bbox 1557 2097 1590 2124; x_wconf 86' lang='grc' dir='ltr'>τὰ</span> <span class='ocrx_word' id='word_1_727' title='bbox 1605 2097 1659 2124; x_wconf 81' lang='grc' dir='ltr'>τῶν</span> <span class='ocrx_word' id='word_1_728' title='bbox 1672 2099 1778 2135; x_wconf 80' lang='grc' dir='ltr'>ἀνθρώ-</span> 
     </span>
    </p>
   </div>
   <div class='ocr_carea' id='block_1_100' title="bbox 991 2139 1778 2181">
    <p class='ocr_par' dir='ltr' id='par_1_100' title="bbox 991 2139 1778 2181">
     <span class='ocr_line' id='line_1_100' title="bbox 991 2139 1778 2181; baseline 0.01 -15"><span class='ocrx_word' id='word_1_729' title='bbox 991 2149 1049 2167; x_wconf 73' lang='grc' dir='ltr'>πων</span> <span class='ocrx_word' id='word_1_730' title='bbox 1075 2141 1262 2175; x_wconf 81' lang='grc' dir='ltr'>ἀναστήσεται</span> <span class='ocrx_word' id='word_1_731' title='bbox 1288 2139 1421 2175; x_wconf 81' lang='grc' dir='ltr'>σώματα·</span> <span class='ocrx_word' id='word_1_732' title='bbox 1445 2142 1470 2167; x_wconf 84' lang='grc' dir='ltr'><strong>εί</strong></span> <span class='ocrx_word' id='word_1_733' title='bbox 1495 2141 1518 2168; x_wconf 80' lang='grc' dir='ltr'>δ’</span> <span class='ocrx_word' id='word_1_734' title='bbox 1541 2144 1554 2168; x_wconf 81' lang='grc' dir='ltr'><em>ὁ</em></span> <span class='ocrx_word' id='word_1_735' title='bbox 1582 2143 1676 2179; x_wconf 69' lang='grc' dir='ltr'>ἔτερος</span> <span class='ocrx_word' id='word_1_736' title='bbox 1700 2146 1778 2181; x_wconf 80' lang='grc' dir='ltr'>ἡμῶν</span> 
     </span>
    </p>
   </div>
   <div class='ocr_carea' id='block_1_101' title="bbox 990 2186 1778 2224">
    <p class='ocr_par' dir='ltr' id='par_1_101' title="bbox 990 2186 1778 2224">
     <span class='ocr_line' id='line_1_101' title="bbox 990 2186 1778 2224; baseline 0.008 -12"><span class='ocrx_word' id='word_1_737' title='bbox 990 2186 1069 2213; x_wconf 76' lang='grc' dir='ltr'>τοῦτό</span> <span class='ocrx_word' id='word_1_738' title='bbox 1080 2195 1112 2222; x_wconf 85' lang='grc' dir='ltr'><strong>γε</strong></span> <span class='ocrx_word' id='word_1_739' title='bbox 1128 2186 1176 2213; x_wconf 83' lang='grc' dir='ltr'>νῦν</span> <span class='ocrx_word' id='word_1_740' title='bbox 1189 2187 1312 2222; x_wconf 75' lang='grc' dir='ltr'>ἠπίστει,</span> <span class='ocrx_word' id='word_1_741' title='bbox 1327 2186 1386 2217; x_wconf 78' lang='grc' dir='ltr'><strong>πῶς</strong></span> <span class='ocrx_word' id='word_1_742' title='bbox 1396 2186 1433 2224; x_wconf 2' lang='grc' dir='ltr'>,ἂν</span> <span class='ocrx_word' id='word_1_743' title='bbox 1447 2187 1546 2221; x_wconf 73' lang='grc' dir='ltr'>ῥᾳδίως</span> <span class='ocrx_word' id='word_1_744' title='bbox 1567 2187 1641 2224; x_wconf 73' lang='grc' dir='ltr'>εῖχεν</span> <span class='ocrx_word' id='word_1_745' title='bbox 1657 2192 1669 2216; x_wconf 83' lang='grc' dir='ltr'>ὁ</span> <span class='ocrx_word' id='word_1_746' title='bbox 1684 2192 1778 2224; x_wconf 74' lang='grc' dir='ltr'>ἕτερος</span> 
     </span>
    </p>
   </div>
   <div class='ocr_carea' id='block_1_102' title="bbox 988 2232 1774 2271">
    <p class='ocr_par' dir='ltr' id='par_1_102' title="bbox 988 2232 1774 2271">
     <span class='ocr_line' id='line_1_102' title="bbox 988 2232 1774 2271; baseline -0.003 -13"><span class='ocrx_word' id='word_1_747' title='bbox 988 2232 1057 2266; x_wconf 74' lang='grc' dir='ltr'>πρὸς</span> <span class='ocrx_word' id='word_1_748' title='bbox 1077 2233 1125 2268; x_wconf 81' lang='grc' dir='ltr'><strong>τὴν</strong></span> <span class='ocrx_word' id='word_1_749' title='bbox 1147 2233 1242 2259; x_wconf 81' lang='grc' dir='ltr'>πίστιν</span> <span class='ocrx_word' id='word_1_750' title='bbox 1256 2232 1352 2263; x_wconf 69' lang='grc' dir='ltr'>τοῦτον</span> <span class='ocrx_word' id='word_1_751' title='bbox 1370 2232 1595 2266; x_wconf 80' lang='grc' dir='ltr'>χειραγωγῆσαι;</span> <span class='ocrx_word' id='word_1_752' title='bbox 1621 2235 1715 2267; x_wconf 65' lang='grc' dir='ltr'><strong>Οὐδεὶς</strong></span> <span class='ocrx_word' id='word_1_753' title='bbox 1730 2236 1774 2271; x_wconf 50' lang='grc' dir='ltr'><strong>ἂν,</strong></span> 
     </span>
    </p>
   </div>
   <div class='ocr_carea' id='block_1_103' title="bbox 987 2277 1774 2314">
    <p class='ocr_par' dir='ltr' id='par_1_103' title="bbox 987 2277 1774 2314">
     <span class='ocr_line' id='line_1_103' title="bbox 987 2277 1774 2314; baseline 0.005 -8"><span class='ocrx_word' id='word_1_754' title='bbox 987 2278 1050 2314; x_wconf 72' lang='grc' dir='ltr'>ἔφη,</span> <span class='ocrx_word' id='word_1_755' title='bbox 1073 2279 1168 2306; x_wconf 65' lang='grc' dir='ltr'>τοῧτσν</span> <span class='ocrx_word' id='word_1_756' title='bbox 1196 2278 1346 2304; x_wconf 81' lang='grc' dir='ltr'>ἀναπεῖσαι</span> <span class='ocrx_word' id='word_1_757' title='bbox 1368 2277 1495 2312; x_wconf 77' lang='grc' dir='ltr'>δυνηθείη</span> <span class='ocrx_word' id='word_1_758' title='bbox 1518 2280 1595 2313; x_wconf 79' lang='grc' dir='ltr'>ποτὲ,</span> <span class='ocrx_word' id='word_1_759' title='bbox 1619 2281 1687 2314; x_wconf 79' lang='grc' dir='ltr'>ὅλως</span> <span class='ocrx_word' id='word_1_760' title='bbox 1708 2283 1774 2310; x_wconf 86' lang='grc' dir='ltr'>άπι-</span> 
     </span>
    </p>
   </div>
   <div class='ocr_carea' id='block_1_104' title="bbox 988 2323 1775 2359">
    <p class='ocr_par' dir='ltr' id='par_1_104' title="bbox 988 2323 1775 2359">
     <span class='ocr_line' id='line_1_104' title="bbox 988 2323 1775 2359; baseline 0.009 -9"><span class='ocrx_word' id='word_1_761' title='bbox 988 2325 1104 2351; x_wconf 83' lang='grc' dir='ltr'>στοῦντα</span> <span class='ocrx_word' id='word_1_762' title='bbox 1118 2323 1156 2358; x_wconf 86' lang='grc' dir='ltr'><strong>τῷ</strong></span> <span class='ocrx_word' id='word_1_763' title='bbox 1170 2323 1326 2358; x_wconf 79' lang='grc' dir='ltr'>πράγματι,</span> <span class='ocrx_word' id='word_1_764' title='bbox 1345 2323 1391 2349; x_wconf 78' lang='grc' dir='ltr'>καὶ</span> <span class='ocrx_word' id='word_1_765' title='bbox 1412 2323 1477 2358; x_wconf 75' lang='grc' dir='ltr'>περὶ</span> <span class='ocrx_word' id='word_1_766' title='bbox 1492 2324 1575 2352; x_wconf 66' lang='grc' dir='ltr'>αὑτοῦ</span> <span class='ocrx_word' id='word_1_767' title='bbox 1600 2326 1649 2359; x_wconf 77' lang='grc' dir='ltr'>τὰς</span> <span class='ocrx_word' id='word_1_768' title='bbox 1665 2329 1775 2356; x_wconf 83' lang='grc' dir='ltr'>ἀποδεί-</span> 
     </span>
    </p>
   </div>
   <div class='ocr_carea' id='block_1_105' title="bbox 968 2369 1377 2404">
    <p class='ocr_par' dir='ltr' id='par_1_105' title="bbox 968 2369 1377 2404">
     <span class='ocr_line' id='line_1_105' title="bbox 968 2369 1377 2404; baseline 0.005 -9"><span class='ocrx_word' id='word_1_769' title='bbox 968 2381 970 2384; x_wconf 90' lang='grc'><strong>·</strong></span> <span class='ocrx_word' id='word_1_770' title='bbox 988 2370 1043 2402; x_wconf 82' lang='grc' dir='ltr'>ξεις</span> <span class='ocrx_word' id='word_1_771' title='bbox 1057 2370 1182 2404; x_wconf 77' lang='grc' dir='ltr'>ἐναργεῖς</span> <span class='ocrx_word' id='word_1_772' title='bbox 1199 2369 1377 2397; x_wconf 80' lang='grc' dir='ltr'>ἀπαιτοῦντα.</span> 
     </span>
    </p>
   </div>
   <div class='ocr_carea' id='block_1_106' title="bbox 1015 2534 1774 2576">
    <p class='ocr_par' dir='ltr' id='par_1_106' title="bbox 1015 2534 1774 2576">
     <span class='ocr_line' id='line_1_106' title="bbox 1015 2534 1774 2576; baseline 0.007 -13"><span class='ocrx_word' id='word_1_773' title='bbox 1015 2536 1059 2571; x_wconf 85' lang='grc' dir='ltr'>ιγ’.</span> <span class='ocrx_word' id='word_1_774' title='bbox 1080 2537 1178 2572; x_wconf 84' lang='grc' dir='ltr'>’Ᾱθρει</span> <span class='ocrx_word' id='word_1_775' title='bbox 1201 2536 1302 2567; x_wconf 83' lang='grc' dir='ltr'>τοίνυν.</span> <span class='ocrx_word' id='word_1_776' title='bbox 1320 2535 1407 2571; x_wconf 71' lang='grc' dir='ltr'>εἷπον,</span> <span class='ocrx_word' id='word_1_777' title='bbox 1432 2534 1454 2564; x_wconf 83' lang='grc' dir='ltr'><strong>ὦ</strong></span> <span class='ocrx_word' id='word_1_778' title='bbox 1478 2538 1614 2573; x_wconf 80' lang='grc' dir='ltr'>βέλτιστε,</span> <span class='ocrx_word' id='word_1_779' title='bbox 1638 2539 1675 2572; x_wconf 83' lang='grc' dir='ltr'>ὡς</span> <span class='ocrx_word' id='word_1_780' title='bbox 1693 2541 1774 2576; x_wconf 76' lang='grc' dir='ltr'>ἤρκει</span> 
     </span>
    </p>
   </div>
   <div class='ocr_carea' id='block_1_107' title="bbox 979 2583 1772 2619">
    <p class='ocr_par' dir='ltr' id='par_1_107' title="bbox 979 2583 1772 2619">
     <span class='ocr_line' id='line_1_107' title="bbox 979 2583 1772 2619; baseline 0.005 -10"><span class='ocrx_word' id='word_1_781' title='bbox 979 2583 1087 2615; x_wconf 70' lang='grc' dir='ltr'>πάντως</span> <span class='ocrx_word' id='word_1_782' title='bbox 1103 2583 1141 2618; x_wconf 71' lang='grc'><strong>(2)</strong></span> <span class='ocrx_word' id='word_1_783' title='bbox 1158 2583 1233 2618; x_wconf 76' lang='grc' dir='ltr'><strong>ίὴμῖν</strong></span> <span class='ocrx_word' id='word_1_784' title='bbox 1259 2583 1412 2615; x_wconf 81' lang='grc' dir='ltr'>ἀθανάτους</span> <span class='ocrx_word' id='word_1_785' title='bbox 1437 2584 1501 2615; x_wconf 81' lang='grc' dir='ltr'>τοὺς</span> <span class='ocrx_word' id='word_1_786' title='bbox 1526 2585 1659 2618; x_wconf 77' lang='grc' dir='ltr'>ἀγγέλους</span> <span class='ocrx_word' id='word_1_787' title='bbox 1686 2586 1772 2619; x_wconf 80' lang='grc' dir='ltr'>δεῖξαι</span> 
     </span>
    </p>
   </div>
   <div class='ocr_carea' id='block_1_108' title="bbox 979 2629 1771 2668">
    <p class='ocr_par' dir='ltr' id='par_1_108' title="bbox 979 2629 1771 2668">
     <span class='ocr_line' id='line_1_108' title="bbox 979 2629 1771 2668; baseline -0.001 -13"><span class='ocrx_word' id='word_1_788' title='bbox 979 2629 1165 2666; x_wconf 78' lang='grc' dir='ltr'>προκείμενον</span> <span class='ocrx_word' id='word_1_789' title='bbox 1187 2629 1289 2663; x_wconf 76' lang='grc' dir='ltr'>ἔχουσι,</span> <span class='ocrx_word' id='word_1_790' title='bbox 1308 2629 1371 2660; x_wconf 83' lang='grc' dir='ltr'>τοὺς</span> <span class='ocrx_word' id='word_1_791' title='bbox 1388 2629 1569 2662; x_wconf 75' lang='grc' dir='ltr'>διδασκάλους</span> <span class='ocrx_word' id='word_1_792' title='bbox 1586 2632 1636 2659; x_wconf 79' lang='grc' dir='ltr'><strong>καὶ</strong></span> <span class='ocrx_word' id='word_1_793' title='bbox 1656 2633 1705 2668; x_wconf 79' lang='grc' dir='ltr'>τὴν</span> <span class='ocrx_word' id='word_1_794' title='bbox 1725 2642 1771 2660; x_wconf 80' lang='grc' dir='ltr'><strong>πι-</strong></span> 
     </span>
    </p>
   </div>
   <div class='ocr_carea' id='block_1_109' title="bbox 982 2674 1768 2712">
    <p class='ocr_par' dir='ltr' id='par_1_109' title="bbox 982 2674 1768 2712">
     <span class='ocr_line' id='line_1_109' title="bbox 982 2674 1768 2712; baseline 0.006 -12"><span class='ocrx_word' id='word_1_795' title='bbox 982 2683 1041 2701; x_wconf 85' lang='grc' dir='ltr'>στιν</span> <span class='ocrx_word' id='word_1_796' title='bbox 1068 2674 1295 2709; x_wconf 72' lang='grc' dir='ltr'>προϐαλομένοις,</span> <span class='ocrx_word' id='word_1_797' title='bbox 1326 2675 1500 2710; x_wconf 77' lang='grc' dir='ltr'>πραγμάτων</span> <span class='ocrx_word' id='word_1_798' title='bbox 1525 2676 1699 2712; x_wconf 79' lang='grc' dir='ltr'>ἀπηλλάχθαι</span> <span class='ocrx_word' id='word_1_799' title='bbox 1722 2679 1768 2704; x_wconf 82' lang='grc' dir='ltr'><strong>καὶ</strong></span> 
     </span>
    </p>
   </div>
   <div class='ocr_carea' id='block_1_110' title="bbox 982 2721 1768 2759">
    <p class='ocr_par' dir='ltr' id='par_1_110' title="bbox 982 2721 1768 2759">
     <span class='ocr_line' id='line_1_110' title="bbox 982 2721 1768 2759; baseline 0.006 -13"><span class='ocrx_word' id='word_1_800' title='bbox 982 2721 1073 2747; x_wconf 71' lang='grc' dir='ltr'>πόνων</span> <span class='ocrx_word' id='word_1_801' title='bbox 1086 2728 1092 2734; x_wconf 93' lang='grc'>·</span> <span class='ocrx_word' id='word_1_802' title='bbox 1109 2721 1169 2747; x_wconf 67' lang='grc' dir='ltr'>οὐδὲ</span> <span class='ocrx_word' id='word_1_803' title='bbox 1181 2721 1236 2755; x_wconf 83' lang='grc' dir='ltr'><strong>γὰρ</strong></span> <span class='ocrx_word' id='word_1_804' title='bbox 1249 2721 1314 2756; x_wconf 83' lang='grc' dir='ltr'>ὑμῖν</span> <span class='ocrx_word' id='word_1_805' title='bbox 1327 2721 1376 2755; x_wconf 84' lang='grc' dir='ltr'>μὲν</span> <span class='ocrx_word' id='word_1_806' title='bbox 1387 2721 1475 2753; x_wconf 73' lang='grc' dir='ltr'>ἔξεστι</span> <span class='ocrx_word' id='word_1_807' title='bbox 1488 2722 1566 2749; x_wconf 81' lang='grc' dir='ltr'>τοῦτο</span> <span class='ocrx_word' id='word_1_808' title='bbox 1579 2725 1675 2756; x_wconf 78' lang='grc' dir='ltr'>ποιεῖν,</span> <span class='ocrx_word' id='word_1_809' title='bbox 1689 2725 1768 2759; x_wconf 76' lang='grc' dir='ltr'>ἡμεῖς</span> 
     </span>
    </p>
   </div>
   <div class='ocr_carea' id='block_1_111' title="bbox 981 2765 1768 2806">
    <p class='ocr_par' dir='ltr' id='par_1_111' title="bbox 981 2765 1768 2806">
     <span class='ocr_line' id='line_1_111' title="bbox 981 2765 1768 2806; baseline 0.005 -13"><span class='ocrx_word' id='word_1_810' title='bbox 981 2767 1008 2793; x_wconf 81' lang='grc' dir='ltr'>δὲ</span> <span class='ocrx_word' id='word_1_811' title='bbox 1031 2765 1132 2800; x_wconf 78' lang='grc' dir='ltr'>ταύτης</span> <span class='ocrx_word' id='word_1_812' title='bbox 1160 2766 1328 2802; x_wconf 77' lang='grc' dir='ltr'>ἀφῃρήμεθα</span> <span class='ocrx_word' id='word_1_813' title='bbox 1354 2768 1404 2802; x_wconf 82' lang='grc' dir='ltr'><strong>τῆς</strong></span> <span class='ocrx_word' id='word_1_814' title='bbox 1433 2768 1568 2804; x_wconf 82' lang='grc' dir='ltr'>ἀγκύρας.</span> <span class='ocrx_word' id='word_1_815' title='bbox 1594 2770 1688 2796; x_wconf 84' lang='grc' dir='ltr'>Πίστει</span> <span class='ocrx_word' id='word_1_816' title='bbox 1713 2771 1768 2806; x_wconf 77' lang='grc' dir='ltr'>γὰρ</span> 
     </span>
    </p>
   </div>
   <div class='ocr_carea' id='block_1_112' title="bbox 1011 2868 1360 2902">
    <p class='ocr_par' dir='ltr' id='par_1_112' title="bbox 1011 2868 1360 2902">
     <span class='ocr_line' id='line_1_112' title="bbox 1011 2868 1360 2902; baseline 0.003 -7"><span class='ocrx_word' id='word_1_817' title='bbox 1011 2868 1049 2902; x_wconf 77' lang='lat'><strong>(‘2)</strong></span> <span class='ocrx_word' id='word_1_818' title='bbox 1061 2868 1128 2895; x_wconf 83' lang='lat' dir='ltr'><strong>Cod.</strong></span> <span class='ocrx_word' id='word_1_819' title='bbox 1142 2869 1235 2900; x_wconf 87' lang='lat' dir='ltr'><strong>ambo,</strong></span> <span class='ocrx_word' id='word_1_820' title='bbox 1247 2869 1360 2900; x_wconf 80' lang='grc' dir='ltr'>πάντας.</span> 
     </span>
    </p>
   </div>
  </div>
