  <div class='ocr_page' id='page_1' title='image "/cluster/home/n/w/nwhite01/storage/ocr_20150623/156/njp.32101077773214/078.png"; bbox 0 0 1929 3087; ppageno 0'>
   <div class='ocr_carea' id='block_1_1' title="bbox 147 175 200 208">
    <p class='ocr_par' dir='ltr' id='par_1_1' title="bbox 147 175 200 208">
     <span class='ocr_line' id='line_1_1' title="bbox 147 175 200 208; baseline -0.038 0"><span class='ocrx_word' id='word_1_1' title='bbox 147 175 200 208; x_wconf 53' lang='grc' dir='ltr'><strong>ιιι</strong></span> 
     </span>
    </p>
   </div>
   <div class='ocr_carea' id='block_1_2' title="bbox 624 178 1253 210">
    <p class='ocr_par' dir='ltr' id='par_1_2' title="bbox 624 178 1253 210">
     <span class='ocr_line' id='line_1_2' title="bbox 624 178 1253 210; baseline -0.002 -1"><span class='ocrx_word' id='word_1_2' title='bbox 624 179 818 210; x_wconf 82' lang='lat' dir='ltr'><strong>DIALOGUS</strong></span> <span class='ocrx_word' id='word_1_3' title='bbox 840 180 851 209; x_wconf 88' lang='lat' dir='ltr'>I</span> <span class='ocrx_word' id='word_1_4' title='bbox 872 179 952 210; x_wconf 82' lang='lat' dir='ltr'><strong>CUM</strong></span> <span class='ocrx_word' id='word_1_5' title='bbox 976 178 1253 210; x_wconf 76' lang='lat' dir='ltr'><strong>MOHAMETANO.</strong></span> 
     </span>
    </p>
   </div>
   <div class='ocr_carea' id='block_1_3' title="bbox 1717 173 1779 206">
    <p class='ocr_par' dir='ltr' id='par_1_3' title="bbox 1717 173 1779 206">
     <span class='ocr_line' id='line_1_3' title="bbox 1717 173 1779 206; baseline 0.016 -1"><span class='ocrx_word' id='word_1_6' title='bbox 1717 173 1768 206; x_wconf 71' lang='lat'><strong>146</strong></span> <span class='ocrx_word' id='word_1_7' title='bbox 1776 194 1779 196; x_wconf 91' lang='lat'><em>-</em></span> 
     </span>
    </p>
   </div>
   <div class='ocr_carea' id='block_1_4' title="bbox 143 219 936 259">
    <p class='ocr_par' dir='ltr' id='par_1_4' title="bbox 143 219 921 259">
     <span class='ocr_line' id='line_1_4' title="bbox 143 219 921 259; baseline 0.006 -14"><span class='ocrx_word' id='word_1_8' title='bbox 143 219 224 255; x_wconf 77' lang='grc' dir='ltr'>ἡμεῖς</span> <span class='ocrx_word' id='word_1_9' title='bbox 250 219 351 254; x_wconf 79' lang='grc' dir='ltr'>μᾶλλον</span> <span class='ocrx_word' id='word_1_10' title='bbox 377 220 394 255; x_wconf 81' lang='grc' dir='ltr'>ἢ</span> <span class='ocrx_word' id='word_1_11' title='bbox 413 220 517 255; x_wconf 77' lang='grc' dir='ltr'>μεθόδῳ</span> <span class='ocrx_word' id='word_1_12' title='bbox 540 222 588 249; x_wconf 78' lang='grc' dir='ltr'><strong>καὶ</strong></span> <span class='ocrx_word' id='word_1_13' title='bbox 606 223 687 259; x_wconf 82' lang='grc' dir='ltr'>τέχνῃ</span> <span class='ocrx_word' id='word_1_14' title='bbox 711 224 921 258; x_wconf 71' lang='grc' dir='ltr'>καὶ,λογισμοῖς</span> 
     </span>
    </p>
   </div>
   <div class='ocr_carea' id='block_1_5' title="bbox 990 219 1768 259">
    <p class='ocr_par' dir='ltr' id='par_1_5' title="bbox 990 220 1768 257">
     <span class='ocr_line' id='line_1_5' title="bbox 990 220 1768 257; baseline -0.004 -8"><span class='ocrx_word' id='word_1_15' title='bbox 990 223 1045 250; x_wconf 76' lang='grc' dir='ltr'>ιοᾱὶ</span> <span class='ocrx_word' id='word_1_16' title='bbox 1057 222 1206 250; x_wconf 75' lang='lat' dir='ltr'><strong>auferatur.</strong></span> <span class='ocrx_word' id='word_1_17' title='bbox 1217 223 1283 250; x_wconf 88' lang='lat' dir='ltr'><strong>Nam</strong></span> <span class='ocrx_word' id='word_1_18' title='bbox 1302 221 1354 249; x_wconf 82' lang='lat' dir='ltr'><strong>ﬁde</strong></span> <span class='ocrx_word' id='word_1_19' title='bbox 1366 222 1452 257; x_wconf 77' lang='lat' dir='ltr'><strong>magis</strong></span> <span class='ocrx_word' id='word_1_20' title='bbox 1461 228 1542 256; x_wconf 84' lang='lat' dir='ltr'><strong>quam</strong></span> <span class='ocrx_word' id='word_1_21' title='bbox 1558 225 1627 257; x_wconf 53' lang='lat' dir='ltr'><strong>arte,</strong></span> <span class='ocrx_word' id='word_1_22' title='bbox 1637 220 1768 247; x_wconf 86' lang='lat' dir='ltr'><strong>methodo</strong></span> 
     </span>
    </p>
   </div>
   <div class='ocr_carea' id='block_1_6' title="bbox 142 264 927 304">
    <p class='ocr_par' dir='ltr' id='par_1_6' title="bbox 142 264 927 304">
     <span class='ocr_line' id='line_1_6' title="bbox 142 264 927 304; baseline 0.004 -11"><span class='ocrx_word' id='word_1_23' title='bbox 142 264 342 301; x_wconf 74' lang='grc' dir='ltr'>ἑδραιούμεθαο</span> <span class='ocrx_word' id='word_1_24' title='bbox 357 265 427 300; x_wconf 82' lang='grc' dir='ltr'>πλὴν</span> <span class='ocrx_word' id='word_1_25' title='bbox 440 266 492 298; x_wconf 74' lang='grc' dir='ltr'>ἕως</span> <span class='ocrx_word' id='word_1_26' title='bbox 512 268 626 302; x_wconf 76' lang='grc' dir='ltr'>ἐφεῖται,</span> <span class='ocrx_word' id='word_1_27' title='bbox 650 269 767 304; x_wconf 82' lang='grc' dir='ltr'>χρῆσθαι</span> <span class='ocrx_word' id='word_1_28' title='bbox 781 269 818 304; x_wconf 84' lang='grc' dir='ltr'><strong>τῷ</strong></span> <span class='ocrx_word' id='word_1_29' title='bbox 841 269 927 296; x_wconf 83' lang='grc' dir='ltr'>είκότι</span> 
     </span>
    </p>
   </div>
   <div class='ocr_carea' id='block_1_7' title="bbox 143 314 926 350">
    <p class='ocr_par' dir='ltr' id='par_1_7' title="bbox 143 314 926 350">
     <span class='ocr_line' id='line_1_7' title="bbox 143 314 926 350; baseline -0.001 -9"><span class='ocrx_word' id='word_1_30' title='bbox 143 314 214 341; x_wconf 86' lang='grc' dir='ltr'>πάνυ</span> <span class='ocrx_word' id='word_1_31' title='bbox 231 314 324 341; x_wconf 76' lang='grc' dir='ltr'>καλόν.</span> <span class='ocrx_word' id='word_1_32' title='bbox 339 314 424 341; x_wconf 82' lang='grc' dir='ltr'>Ἔνθα</span> <span class='ocrx_word' id='word_1_33' title='bbox 451 315 502 349; x_wconf 84' lang='grc' dir='ltr'>μὲν</span> <span class='ocrx_word' id='word_1_34' title='bbox 516 315 571 350; x_wconf 86' lang='grc' dir='ltr'>γὰρ</span> <span class='ocrx_word' id='word_1_35' title='bbox 587 315 679 346; x_wconf 79' lang='grc' dir='ltr'><strong>πίστις</strong></span> <span class='ocrx_word' id='word_1_36' title='bbox 698 315 728 341; x_wconf 83' lang='grc' dir='ltr'>οὺ</span> <span class='ocrx_word' id='word_1_37' title='bbox 751 315 926 350; x_wconf 84' lang='grc' dir='ltr'>προηγεῖται,</span> 
     </span>
    </p>
   </div>
   <div class='ocr_carea' id='block_1_8' title="bbox 142 360 927 399">
    <p class='ocr_par' dir='ltr' id='par_1_8' title="bbox 142 360 927 399">
     <span class='ocr_line' id='line_1_8' title="bbox 142 360 927 399; baseline 0.001 -14"><span class='ocrx_word' id='word_1_38' title='bbox 142 360 342 399; x_wconf 76' lang='grc' dir='ltr'>άναντιρῤήτου</span> <span class='ocrx_word' id='word_1_39' title='bbox 356 368 386 387; x_wconf 88' lang='grc' dir='ltr'><strong>τε</strong></span> <span class='ocrx_word' id='word_1_40' title='bbox 398 360 484 395; x_wconf 82' lang='grc' dir='ltr'><strong>πάντη</strong></span> <span class='ocrx_word' id='word_1_41' title='bbox 501 361 550 387; x_wconf 75' lang='grc' dir='ltr'><strong>καὶ</strong></span> <span class='ocrx_word' id='word_1_42' title='bbox 573 360 797 395; x_wconf 80' lang='grc' dir='ltr'>δμολογουμένης</span> <span class='ocrx_word' id='word_1_43' title='bbox 810 360 927 394; x_wconf 84' lang='grc' dir='ltr'>δεόμεθα</span> 
     </span>
    </p>
   </div>
   <div class='ocr_carea' id='block_1_9' title="bbox 143 406 928 442">
    <p class='ocr_par' dir='ltr' id='par_1_9' title="bbox 143 406 928 442">
     <span class='ocr_line' id='line_1_9' title="bbox 143 406 928 442; baseline 0.001 -11"><span class='ocrx_word' id='word_1_44' title='bbox 143 406 310 439; x_wconf 81' lang='grc' dir='ltr'>ἀποδείξεως</span> <span class='ocrx_word' id='word_1_45' title='bbox 323 414 330 422; x_wconf 88' lang='grc'>·</span> <span class='ocrx_word' id='word_1_46' title='bbox 346 406 411 434; x_wconf 73' lang='grc' dir='ltr'>ἔνθα</span> <span class='ocrx_word' id='word_1_47' title='bbox 424 407 452 433; x_wconf 80' lang='grc' dir='ltr'>δὲ</span> <span class='ocrx_word' id='word_1_48' title='bbox 468 407 560 438; x_wconf 82' lang='grc' dir='ltr'>πίστις</span> <span class='ocrx_word' id='word_1_49' title='bbox 573 407 602 433; x_wconf 81' lang='grc' dir='ltr'>τὸ</span> <span class='ocrx_word' id='word_1_50' title='bbox 621 408 673 433; x_wconf 87' lang='grc' dir='ltr'>πᾶν</span> <span class='ocrx_word' id='word_1_51' title='bbox 686 407 783 442; x_wconf 75' lang='grc' dir='ltr'>ἰσχύει,</span> <span class='ocrx_word' id='word_1_52' title='bbox 799 407 928 441; x_wconf 72' lang='grc' dir='ltr'><strong>ἐναργέσι</strong></span> 
     </span>
    </p>
   </div>
   <div class='ocr_carea' id='block_1_10' title="bbox 144 450 929 486">
    <p class='ocr_par' dir='ltr' id='par_1_10' title="bbox 144 450 929 486">
     <span class='ocr_line' id='line_1_10' title="bbox 144 450 929 486; baseline 0.003 -10"><span class='ocrx_word' id='word_1_53' title='bbox 144 450 195 484; x_wconf 79' lang='grc' dir='ltr'>μὲν</span> <span class='ocrx_word' id='word_1_54' title='bbox 222 450 378 482; x_wconf 78' lang='grc' dir='ltr'><strong>ἀποδείξεσι</strong></span> <span class='ocrx_word' id='word_1_55' title='bbox 400 451 482 483; x_wconf 85' lang='grc' dir='ltr'>τόπος</span> <span class='ocrx_word' id='word_1_56' title='bbox 505 452 555 478; x_wconf 73' lang='grc' dir='ltr'><strong>οὐκ</strong></span> <span class='ocrx_word' id='word_1_57' title='bbox 583 451 635 479; x_wconf 72' lang='grc' dir='ltr'>ἔνι,</span> <span class='ocrx_word' id='word_1_58' title='bbox 667 451 850 479; x_wconf 65' lang='grc' dir='ltr'><strong>⁹Λντίκεινται</strong></span> <span class='ocrx_word' id='word_1_59' title='bbox 875 452 929 486; x_wconf 83' lang='grc' dir='ltr'>γὰρ</span> 
     </span>
    </p>
   </div>
   <div class='ocr_carea' id='block_1_11' title="bbox 143 496 929 532">
    <p class='ocr_par' dir='ltr' id='par_1_11' title="bbox 143 496 929 532">
     <span class='ocr_line' id='line_1_11' title="bbox 143 496 929 532; baseline 0.004 -11"><span class='ocrx_word' id='word_1_60' title='bbox 143 496 332 532; x_wconf 82' lang='grc' dir='ltr'>ἀλλήλοιςῆτε</span> <span class='ocrx_word' id='word_1_61' title='bbox 345 496 434 528; x_wconf 78' lang='grc' dir='ltr'><strong>πίστις</strong></span> <span class='ocrx_word' id='word_1_62' title='bbox 448 498 495 523; x_wconf 69' lang='grc' dir='ltr'>καὶ</span> <span class='ocrx_word' id='word_1_63' title='bbox 507 498 524 532; x_wconf 83' lang='grc' dir='ltr'>ἡ</span> <span class='ocrx_word' id='word_1_64' title='bbox 539 497 687 531; x_wconf 76' lang='grc' dir='ltr'>ἀπόδειξις,</span> <span class='ocrx_word' id='word_1_65' title='bbox 697 501 745 525; x_wconf 70' lang='grc' dir='ltr'><strong>καὶ</strong></span> <span class='ocrx_word' id='word_1_66' title='bbox 760 498 809 524; x_wconf 87' lang='grc' dir='ltr'><strong>οὐκ</strong></span> <span class='ocrx_word' id='word_1_67' title='bbox 820 498 852 525; x_wconf 74' lang='grc' dir='ltr'>ἄν</span> <span class='ocrx_word' id='word_1_68' title='bbox 865 507 929 524; x_wconf 78' lang='grc' dir='ltr'>ποτε</span> 
     </span>
    </p>
   </div>
   <div class='ocr_carea' id='block_1_12' title="bbox 145 542 930 579">
    <p class='ocr_par' dir='ltr' id='par_1_12' title="bbox 145 542 930 579">
     <span class='ocr_line' id='line_1_12' title="bbox 145 542 930 579; baseline 0.001 -11"><span class='ocrx_word' id='word_1_69' title='bbox 145 542 268 569; x_wconf 83' lang='grc' dir='ltr'><strong>συνέλθοι</strong></span> <span class='ocrx_word' id='word_1_70' title='bbox 284 543 356 570; x_wconf 68' lang='grc' dir='ltr'>κατὰ</span> <span class='ocrx_word' id='word_1_71' title='bbox 371 543 469 569; x_wconf 81' lang='grc' dir='ltr'>ταυτὸν</span> <span class='ocrx_word' id='word_1_72' title='bbox 481 543 623 579; x_wconf 79' lang='grc' dir='ltr'>ἀμφότερα</span> <span class='ocrx_word' id='word_1_73' title='bbox 633 552 640 560; x_wconf 73' lang='grc' dir='ltr'>ι</span> <span class='ocrx_word' id='word_1_74' title='bbox 654 543 684 570; x_wconf 81' lang='grc' dir='ltr'><strong>τδ</strong></span> <span class='ocrx_word' id='word_1_75' title='bbox 699 543 727 570; x_wconf 79' lang='grc' dir='ltr'>δὲ</span> <span class='ocrx_word' id='word_1_76' title='bbox 747 543 821 575; x_wconf 69' lang='grc' dir='ltr'>εἰκὸς</span> <span class='ocrx_word' id='word_1_77' title='bbox 834 545 867 578; x_wconf 85' lang='grc' dir='ltr'><strong>τῇ</strong></span> <span class='ocrx_word' id='word_1_78' title='bbox 883 543 930 569; x_wconf 88' lang='grc' dir='ltr'>πί-</span> 
     </span>
    </p>
   </div>
   <div class='ocr_carea' id='block_1_13' title="bbox 145 589 931 625">
    <p class='ocr_par' dir='ltr' id='par_1_13' title="bbox 145 589 931 625">
     <span class='ocr_line' id='line_1_13' title="bbox 145 589 931 625; baseline 0.001 -11"><span class='ocrx_word' id='word_1_79' title='bbox 145 596 205 614; x_wconf 88' lang='grc' dir='ltr'>στει</span> <span class='ocrx_word' id='word_1_80' title='bbox 221 589 415 624; x_wconf 69' lang='grc' dir='ltr'>πτρομαρτοῦν</span> <span class='ocrx_word' id='word_1_81' title='bbox 440 589 472 615; x_wconf 80' lang='grc' dir='ltr'><strong>ὲκ</strong></span> <span class='ocrx_word' id='word_1_82' title='bbox 491 590 653 624; x_wconf 81' lang='grc' dir='ltr'>περισσείας</span> <span class='ocrx_word' id='word_1_83' title='bbox 668 590 707 625; x_wconf 85' lang='grc'><strong>(1)</strong></span> <span class='ocrx_word' id='word_1_84' title='bbox 719 590 826 624; x_wconf 82' lang='grc' dir='ltr'>γίνεται</span> <span class='ocrx_word' id='word_1_85' title='bbox 848 590 931 624; x_wconf 75' lang='grc' dir='ltr'>λιμὴν</span> 
     </span>
    </p>
   </div>
   <div class='ocr_carea' id='block_1_14' title="bbox 144 634 931 671">
    <p class='ocr_par' dir='ltr' id='par_1_14' title="bbox 144 634 931 671">
     <span class='ocr_line' id='line_1_14' title="bbox 144 634 931 671; baseline 0.001 -12"><span class='ocrx_word' id='word_1_86' title='bbox 144 634 201 664; x_wconf 80' lang='grc' dir='ltr'>τοῖς</span> <span class='ocrx_word' id='word_1_87' title='bbox 228 634 399 665; x_wconf 78' lang='grc' dir='ltr'>πιστεύουσι,</span> <span class='ocrx_word' id='word_1_88' title='bbox 421 635 470 661; x_wconf 74' lang='grc' dir='ltr'><strong>καὶ</strong></span> <span class='ocrx_word' id='word_1_89' title='bbox 492 636 614 671; x_wconf 82' lang='grc' dir='ltr'><strong>γαλήνην</strong></span> <span class='ocrx_word' id='word_1_90' title='bbox 641 636 782 670; x_wconf 81' lang='grc' dir='ltr'>λογισμοῖς</span> <span class='ocrx_word' id='word_1_91' title='bbox 810 636 931 670; x_wconf 75' lang='grc' dir='ltr'>ἐμποιεῖ,</span> 
     </span>
    </p>
   </div>
   <div class='ocr_carea' id='block_1_15' title="bbox 145 679 932 717">
    <p class='ocr_par' dir='ltr' id='par_1_15' title="bbox 145 679 932 717">
     <span class='ocr_line' id='line_1_15' title="bbox 145 679 932 717; baseline 0.004 -13"><span class='ocrx_word' id='word_1_92' title='bbox 145 679 269 714; x_wconf 73' lang='grc' dir='ltr'>ἀγκύρας</span> <span class='ocrx_word' id='word_1_93' title='bbox 287 679 330 705; x_wconf 77' lang='grc' dir='ltr'><strong>ἐπ’</strong></span> <span class='ocrx_word' id='word_1_94' title='bbox 358 680 484 715; x_wconf 76' lang='grc' dir='ltr'>ἰσχυρᾶς,</span> <span class='ocrx_word' id='word_1_95' title='bbox 510 681 583 716; x_wconf 84' lang='grc' dir='ltr'>λέγω</span> <span class='ocrx_word' id='word_1_96' title='bbox 603 681 635 717; x_wconf 77' lang='grc' dir='ltr'>δὴ</span> <span class='ocrx_word' id='word_1_97' title='bbox 650 682 700 716; x_wconf 80' lang='grc' dir='ltr'>τῆς</span> <span class='ocrx_word' id='word_1_98' title='bbox 726 681 854 713; x_wconf 83' lang='grc' dir='ltr'>πίστεως,</span> <span class='ocrx_word' id='word_1_99' title='bbox 882 681 932 712; x_wconf 81' lang='grc' dir='ltr'><strong>τὰς</strong></span> 
     </span>
    </p>
   </div>
   <div class='ocr_carea' id='block_1_16' title="bbox 145 724 933 762">
    <p class='ocr_par' dir='ltr' id='par_1_16' title="bbox 145 724 933 762">
     <span class='ocr_line' id='line_1_16' title="bbox 145 724 933 762; baseline 0.003 -12"><span class='ocrx_word' id='word_1_100' title='bbox 145 724 197 758; x_wconf 78' lang='grc' dir='ltr'>τῆς</span> <span class='ocrx_word' id='word_1_101' title='bbox 220 724 361 759; x_wconf 79' lang='grc' dir='ltr'><strong>σωτηρίας</strong></span> <span class='ocrx_word' id='word_1_102' title='bbox 391 725 502 758; x_wconf 72' lang='grc' dir='ltr'>ἐλπίδας</span> <span class='ocrx_word' id='word_1_103' title='bbox 528 727 719 762; x_wconf 79' lang='grc' dir='ltr'>ἀναϐεμένοις,</span> <span class='ocrx_word' id='word_1_104' title='bbox 748 726 834 754; x_wconf 84' lang='grc' dir='ltr'>Ἔνθα</span> <span class='ocrx_word' id='word_1_105' title='bbox 866 726 933 760; x_wconf 81' lang='grc' dir='ltr'>γοῦν</span> 
     </span>
    </p>
   </div>
   <div class='ocr_carea' id='block_1_17' title="bbox 145 769 930 808">
    <p class='ocr_par' dir='ltr' id='par_1_17' title="bbox 145 769 930 808">
     <span class='ocr_line' id='line_1_17' title="bbox 145 769 930 808; baseline 0.003 -12"><span class='ocrx_word' id='word_1_106' title='bbox 145 771 264 804; x_wconf 70' lang='grc' dir='ltr'>ἐφεῖται,</span> <span class='ocrx_word' id='word_1_107' title='bbox 282 770 353 798; x_wconf 80' lang='grc' dir='ltr'>πάνυ</span> <span class='ocrx_word' id='word_1_108' title='bbox 376 780 408 804; x_wconf 81' lang='grc' dir='ltr'>γε</span> <span class='ocrx_word' id='word_1_109' title='bbox 423 771 506 799; x_wconf 79' lang='grc' dir='ltr'>καλὸν</span> <span class='ocrx_word' id='word_1_110' title='bbox 525 772 613 808; x_wconf 79' lang='grc' dir='ltr'>τούτῳ</span> <span class='ocrx_word' id='word_1_111' title='bbox 635 773 773 808; x_wconf 72' lang='grc' dir='ltr'>χρῆσθαι·</span> <span class='ocrx_word' id='word_1_112' title='bbox 790 772 804 798; x_wconf 85' lang='grc' dir='ltr'><strong>ὃ</strong></span> <span class='ocrx_word' id='word_1_113' title='bbox 823 769 855 807; x_wconf 78' lang='grc' dir='ltr'>δὴ</span> <span class='ocrx_word' id='word_1_114' title='bbox 882 772 930 799; x_wconf 79' lang='grc' dir='ltr'><strong>καὶ</strong></span> 
     </span>
    </p>
   </div>
   <div class='ocr_carea' id='block_1_18' title="bbox 146 817 892 854">
    <p class='ocr_par' dir='ltr' id='par_1_18' title="bbox 146 817 892 854">
     <span class='ocr_line' id='line_1_18' title="bbox 146 817 892 854; baseline 0.005 -12"><span class='ocrx_word' id='word_1_115' title='bbox 146 817 278 852; x_wconf 83' lang='grc' dir='ltr'>ποιῶμεν,</span> <span class='ocrx_word' id='word_1_116' title='bbox 292 819 316 845; x_wconf 85' lang='grc' dir='ltr'>εὶ</span> <span class='ocrx_word' id='word_1_117' title='bbox 332 818 431 853; x_wconf 80' lang='grc' dir='ltr'>βούλει,</span> <span class='ocrx_word' id='word_1_118' title='bbox 445 819 660 849; x_wconf 75' lang='grc' dir='ltr'>ἐπαναλαϐόντες</span> <span class='ocrx_word' id='word_1_119' title='bbox 674 819 726 854; x_wconf 76' lang='grc' dir='ltr'><strong>ήδη</strong></span> <span class='ocrx_word' id='word_1_120' title='bbox 742 819 787 845; x_wconf 75' lang='grc' dir='ltr'><strong>τὸν</strong></span> <span class='ocrx_word' id='word_1_121' title='bbox 803 818 892 852; x_wconf 80' lang='grc' dir='ltr'>λόγον.</span> 
     </span>
    </p>
   </div>
   <div class='ocr_carea' id='block_1_19' title="bbox 979 268 1768 300">
    <p class='ocr_par' dir='ltr' id='par_1_19' title="bbox 979 268 1768 300">
     <span class='ocr_line' id='line_1_19' title="bbox 979 268 1768 300; baseline -0.005 -4"><span class='ocrx_word' id='word_1_122' title='bbox 979 273 1005 296; x_wconf 83' lang='lat' dir='ltr'><strong>et</strong></span> <span class='ocrx_word' id='word_1_123' title='bbox 1033 269 1289 297; x_wconf 75' lang='lat' dir='ltr'><strong>ratiocinationibus</strong></span> <span class='ocrx_word' id='word_1_124' title='bbox 1314 272 1419 296; x_wconf 79' lang='lat' dir='ltr'><strong>stamus</strong></span> <span class='ocrx_word' id='word_1_125' title='bbox 1437 277 1444 295; x_wconf 92' lang='lat'>:</span> <span class='ocrx_word' id='word_1_126' title='bbox 1463 268 1510 296; x_wconf 87' lang='lat' dir='ltr'><strong>sed</strong></span> <span class='ocrx_word' id='word_1_127' title='bbox 1526 272 1615 294; x_wconf 90' lang='lat' dir='ltr'><strong>tamen</strong></span> <span class='ocrx_word' id='word_1_128' title='bbox 1633 271 1768 300; x_wconf 87' lang='lat' dir='ltr'><strong>quantum</strong></span> 
     </span>
    </p>
   </div>
   <div class='ocr_carea' id='block_1_20' title="bbox 979 311 1768 349">
    <p class='ocr_par' dir='ltr' id='par_1_20' title="bbox 979 311 1768 349">
     <span class='ocr_line' id='line_1_20' title="bbox 979 311 1768 349; baseline -0.004 -9"><span class='ocrx_word' id='word_1_129' title='bbox 979 314 1042 341; x_wconf 90' lang='lat' dir='ltr'><strong>licet</strong></span> <span class='ocrx_word' id='word_1_130' title='bbox 1068 315 1305 349; x_wconf 79' lang='lat' dir='ltr'><strong>probabilitatibus</strong></span> <span class='ocrx_word' id='word_1_131' title='bbox 1328 315 1366 342; x_wconf 93' lang='lat' dir='ltr'><strong>uti</strong></span> <span class='ocrx_word' id='word_1_132' title='bbox 1393 322 1457 342; x_wconf 86' lang='lat' dir='ltr'><strong>sane</strong></span> <span class='ocrx_word' id='word_1_133' title='bbox 1483 313 1617 341; x_wconf 76' lang='lat' dir='ltr'><strong>laudabile</strong></span> <span class='ocrx_word' id='word_1_134' title='bbox 1639 317 1690 339; x_wconf 70' lang='lat' dir='ltr'><strong>est.</strong></span> <span class='ocrx_word' id='word_1_135' title='bbox 1717 311 1768 338; x_wconf 82' lang='lat' dir='ltr'><strong>Ubi</strong></span> 
     </span>
    </p>
   </div>
   <div class='ocr_carea' id='block_1_21' title="bbox 979 357 1775 395">
    <p class='ocr_par' dir='ltr' id='par_1_21' title="bbox 979 357 1775 395">
     <span class='ocr_line' id='line_1_21' title="bbox 979 357 1775 395; baseline -0.005 -8"><span class='ocrx_word' id='word_1_136' title='bbox 979 360 1051 387; x_wconf 88' lang='lat' dir='ltr'><strong>enim</strong></span> <span class='ocrx_word' id='word_1_137' title='bbox 1073 361 1138 388; x_wconf 85' lang='lat' dir='ltr'><strong>ﬁdes</strong></span> <span class='ocrx_word' id='word_1_138' title='bbox 1153 369 1206 388; x_wconf 94' lang='lat' dir='ltr'><strong>non</strong></span> <span class='ocrx_word' id='word_1_139' title='bbox 1231 361 1318 395; x_wconf 70' lang='lat' dir='ltr'><strong>praeit,</strong></span> <span class='ocrx_word' id='word_1_140' title='bbox 1338 360 1491 388; x_wconf 85' lang='lat' dir='ltr'><strong>indubitata</strong></span> <span class='ocrx_word' id='word_1_141' title='bbox 1516 359 1636 393; x_wconf 79' lang='lat' dir='ltr'><strong>nullique</strong></span> <span class='ocrx_word' id='word_1_142' title='bbox 1657 357 1775 384; x_wconf 78' lang='lat' dir='ltr'><strong>omnino</strong></span> 
     </span>
    </p>
   </div>
   <div class='ocr_carea' id='block_1_22' title="bbox 980 405 1768 439">
    <p class='ocr_par' dir='ltr' id='par_1_22' title="bbox 980 405 1768 439">
     <span class='ocr_line' id='line_1_22' title="bbox 980 405 1768 439; baseline -0.006 -5"><span class='ocrx_word' id='word_1_143' title='bbox 980 407 1191 435; x_wconf 75' lang='lat' dir='ltr'><strong>contradictioni</strong></span> <span class='ocrx_word' id='word_1_144' title='bbox 1207 408 1323 435; x_wconf 81' lang='lat' dir='ltr'><strong>obnoxia</strong></span> <span class='ocrx_word' id='word_1_145' title='bbox 1339 407 1574 436; x_wconf 79' lang='lat' dir='ltr'><strong>demonstratione</strong></span> <span class='ocrx_word' id='word_1_146' title='bbox 1593 405 1768 439; x_wconf 67' lang='lat' dir='ltr'><strong>indigemus:</strong></span> 
     </span>
    </p>
   </div>
   <div class='ocr_carea' id='block_1_23' title="bbox 983 448 1770 485">
    <p class='ocr_par' dir='ltr' id='par_1_23' title="bbox 983 448 1770 485">
     <span class='ocr_line' id='line_1_23' title="bbox 983 448 1770 485; baseline -0.006 -6"><span class='ocrx_word' id='word_1_147' title='bbox 983 448 1048 481; x_wconf 85' lang='lat' dir='ltr'><strong>ﬁdes</strong></span> <span class='ocrx_word' id='word_1_148' title='bbox 1064 461 1126 480; x_wconf 85' lang='lat' dir='ltr'><strong>vero</strong></span> <span class='ocrx_word' id='word_1_149' title='bbox 1139 454 1184 480; x_wconf 90' lang='lat' dir='ltr'><strong>ubi</strong></span> <span class='ocrx_word' id='word_1_150' title='bbox 1199 461 1306 480; x_wconf 88' lang='lat' dir='ltr'><strong>omnem</strong></span> <span class='ocrx_word' id='word_1_151' title='bbox 1321 454 1373 480; x_wconf 88' lang='lat' dir='ltr'><strong>vim</strong></span> <span class='ocrx_word' id='word_1_152' title='bbox 1387 454 1478 485; x_wconf 87' lang='lat' dir='ltr'><strong>habet,</strong></span> <span class='ocrx_word' id='word_1_153' title='bbox 1495 451 1648 480; x_wconf 79' lang='lat' dir='ltr'><strong>manifestis</strong></span> <span class='ocrx_word' id='word_1_154' title='bbox 1661 449 1770 482; x_wconf 83' lang='lat' dir='ltr'><strong>quidem</strong></span> 
     </span>
    </p>
   </div>
   <div class='ocr_carea' id='block_1_24' title="bbox 981 497 1772 527">
    <p class='ocr_par' dir='ltr' id='par_1_24' title="bbox 981 497 1772 527">
     <span class='ocr_line' id='line_1_24' title="bbox 981 497 1772 527; baseline -0.008 -1"><span class='ocrx_word' id='word_1_155' title='bbox 981 499 1261 526; x_wconf 88' lang='lat' dir='ltr'><strong>demonstrationibus</strong></span> <span class='ocrx_word' id='word_1_156' title='bbox 1277 500 1352 527; x_wconf 83' lang='lat' dir='ltr'><strong>locus</strong></span> <span class='ocrx_word' id='word_1_157' title='bbox 1364 507 1418 527; x_wconf 91' lang='lat' dir='ltr'><strong>non</strong></span> <span class='ocrx_word' id='word_1_158' title='bbox 1434 504 1487 527; x_wconf 89' lang='lat' dir='ltr'><strong>est.</strong></span> <span class='ocrx_word' id='word_1_159' title='bbox 1511 498 1576 525; x_wconf 79' lang='lat' dir='ltr'><strong>Nam</strong></span> <span class='ocrx_word' id='word_1_160' title='bbox 1592 497 1772 524; x_wconf 74' lang='lat' dir='ltr'><strong>adversantur</strong></span> 
     </span>
    </p>
   </div>
   <div class='ocr_carea' id='block_1_25' title="bbox 982 541 1772 577">
    <p class='ocr_par' dir='ltr' id='par_1_25' title="bbox 982 541 1772 577">
     <span class='ocr_line' id='line_1_25' title="bbox 982 541 1772 577; baseline -0.005 -7"><span class='ocrx_word' id='word_1_161' title='bbox 982 544 1033 571; x_wconf 86' lang='lat' dir='ltr'><strong>sibi</strong></span> <span class='ocrx_word' id='word_1_162' title='bbox 1053 544 1117 571; x_wconf 87' lang='lat' dir='ltr'><strong>ﬁdes</strong></span> <span class='ocrx_word' id='word_1_163' title='bbox 1135 549 1161 570; x_wconf 89' lang='lat' dir='ltr'><strong>et</strong></span> <span class='ocrx_word' id='word_1_164' title='bbox 1174 544 1382 577; x_wconf 83' lang='lat' dir='ltr'><strong>demonstratio,</strong></span> <span class='ocrx_word' id='word_1_165' title='bbox 1399 552 1449 571; x_wconf 85' lang='lat' dir='ltr'><strong>nec</strong></span> <span class='ocrx_word' id='word_1_166' title='bbox 1462 550 1580 577; x_wconf 77' lang='lat' dir='ltr'><strong>unquam</strong></span> <span class='ocrx_word' id='word_1_167' title='bbox 1591 542 1617 568; x_wconf 92' lang='lat' dir='ltr'><strong>in</strong></span> <span class='ocrx_word' id='word_1_168' title='bbox 1628 541 1699 568; x_wconf 90' lang='lat' dir='ltr'><strong>idem</strong></span> <span class='ocrx_word' id='word_1_169' title='bbox 1713 547 1772 566; x_wconf 86' lang='lat' dir='ltr'><strong>am-</strong></span> 
     </span>
    </p>
   </div>
   <div class='ocr_carea' id='block_1_26' title="bbox 983 588 1771 624">
    <p class='ocr_par' dir='ltr' id='par_1_26' title="bbox 983 588 1771 624">
     <span class='ocr_line' id='line_1_26' title="bbox 983 588 1771 624; baseline -0.006 -9"><span class='ocrx_word' id='word_1_170' title='bbox 983 588 1017 615; x_wconf 78' lang='lat' dir='ltr'><strong>b’o</strong></span> <span class='ocrx_word' id='word_1_171' title='bbox 1035 590 1181 616; x_wconf 85' lang='lat' dir='ltr'><strong>convenire</strong></span> <span class='ocrx_word' id='word_1_172' title='bbox 1193 594 1307 624; x_wconf 87' lang='lat' dir='ltr'><strong>possunt</strong></span> <span class='ocrx_word' id='word_1_173' title='bbox 1326 598 1333 616; x_wconf 89' lang='lat'>:</span> <span class='ocrx_word' id='word_1_174' title='bbox 1353 590 1397 617; x_wconf 86' lang='lat' dir='ltr'><strong>sed</strong></span> <span class='ocrx_word' id='word_1_175' title='bbox 1412 588 1549 624; x_wconf 88' lang='lat' dir='ltr'><strong>probabile</strong></span> <span class='ocrx_word' id='word_1_176' title='bbox 1569 589 1771 622; x_wconf 82' lang='lat' dir='ltr'><strong>argumentum,</strong></span> 
     </span>
    </p>
   </div>
   <div class='ocr_carea' id='block_1_27' title="bbox 984 631 1772 676">
    <p class='ocr_par' dir='ltr' id='par_1_27' title="bbox 984 631 1772 676">
     <span class='ocr_line' id='line_1_27' title="bbox 984 631 1772 676; baseline -0.004 -15"><span class='ocrx_word' id='word_1_177' title='bbox 984 635 1062 662; x_wconf 79' lang='lat' dir='ltr'><strong>ﬁdem</strong></span> <span class='ocrx_word' id='word_1_178' title='bbox 1080 643 1110 661; x_wconf 85' lang='lat' dir='ltr'><strong>ex</strong></span> <span class='ocrx_word' id='word_1_179' title='bbox 1127 635 1276 672; x_wconf 84' lang='lat' dir='ltr'><strong>abundanti</strong></span> <span class='ocrx_word' id='word_1_180' title='bbox 1293 635 1439 667; x_wconf 86' lang='lat' dir='ltr'><strong>comitans,</strong></span> <span class='ocrx_word' id='word_1_181' title='bbox 1453 633 1628 676; x_wconf 66' lang='lat' dir='ltr'><strong>credentibus</strong></span> <span class='ocrx_word' id='word_1_182' title='bbox 1654 631 1682 658; x_wconf 72' lang='lat' dir='ltr'><strong>iit</strong></span> <span class='ocrx_word' id='word_1_183' title='bbox 1709 637 1772 664; x_wconf 85' lang='lat' dir='ltr'><strong>por-</strong></span> 
     </span>
    </p>
   </div>
   <div class='ocr_carea' id='block_1_28' title="bbox 984 678 1773 715">
    <p class='ocr_par' dir='ltr' id='par_1_28' title="bbox 984 678 1773 715">
     <span class='ocr_line' id='line_1_28' title="bbox 984 678 1773 715; baseline -0.009 -7"><span class='ocrx_word' id='word_1_184' title='bbox 984 687 1027 708; x_wconf 86' lang='lat' dir='ltr'><strong>tus</strong></span> <span class='ocrx_word' id='word_1_185' title='bbox 1044 681 1155 715; x_wconf 86' lang='lat' dir='ltr'><strong>quidam</strong></span> <span class='ocrx_word' id='word_1_186' title='bbox 1175 689 1181 707; x_wconf 91' lang='lat'><strong>:</strong></span> <span class='ocrx_word' id='word_1_187' title='bbox 1199 681 1453 708; x_wconf 85' lang='lat' dir='ltr'><strong>ratiocinationibus</strong></span> <span class='ocrx_word' id='word_1_188' title='bbox 1468 686 1563 706; x_wconf 84' lang='lat' dir='ltr'><strong>eorum</strong></span> <span class='ocrx_word' id='word_1_189' title='bbox 1588 678 1705 712; x_wconf 84' lang='lat' dir='ltr'><strong>quietem</strong></span> <span class='ocrx_word' id='word_1_190' title='bbox 1725 683 1773 709; x_wconf 85' lang='lat' dir='ltr'><strong>pa-</strong></span> 
     </span>
    </p>
   </div>
   <div class='ocr_carea' id='block_1_29' title="bbox 986 721 1774 761">
    <p class='ocr_par' dir='ltr' id='par_1_29' title="bbox 986 721 1774 761">
     <span class='ocr_line' id='line_1_29' title="bbox 986 721 1774 761; baseline -0.005 -9"><span class='ocrx_word' id='word_1_191' title='bbox 986 727 1033 758; x_wconf 88' lang='lat' dir='ltr'><strong>rit,</strong></span> <span class='ocrx_word' id='word_1_192' title='bbox 1053 727 1181 761; x_wconf 88' lang='lat' dir='ltr'><strong>quoniam</strong></span> <span class='ocrx_word' id='word_1_193' title='bbox 1199 734 1273 760; x_wconf 82' lang='lat' dir='ltr'><strong>spem</strong></span> <span class='ocrx_word' id='word_1_194' title='bbox 1287 734 1343 754; x_wconf 78' lang='lat' dir='ltr'><strong>sua:</strong></span> <span class='ocrx_word' id='word_1_195' title='bbox 1359 726 1451 753; x_wconf 83' lang='lat' dir='ltr'><strong>salutis</strong></span> <span class='ocrx_word' id='word_1_196' title='bbox 1469 726 1496 752; x_wconf 87' lang='lat' dir='ltr'><strong>in</strong></span> <span class='ocrx_word' id='word_1_197' title='bbox 1512 724 1574 751; x_wconf 84' lang='lat' dir='ltr'><strong>forti</strong></span> <span class='ocrx_word' id='word_1_198' title='bbox 1591 729 1704 753; x_wconf 81' lang='lat' dir='ltr'><strong>ancora,</strong></span> <span class='ocrx_word' id='word_1_199' title='bbox 1721 721 1774 746; x_wconf 81' lang='lat' dir='ltr'><strong>hoc</strong></span> 
     </span>
    </p>
   </div>
   <div class='ocr_carea' id='block_1_30' title="bbox 983 766 1790 807">
    <p class='ocr_par' dir='ltr' id='par_1_30' title="bbox 983 766 1790 807">
     <span class='ocr_line' id='line_1_30' title="bbox 983 766 1790 807; baseline -0.007 -9"><span class='ocrx_word' id='word_1_200' title='bbox 983 777 1024 799; x_wconf 84' lang='lat' dir='ltr'><strong>est</strong></span> <span class='ocrx_word' id='word_1_201' title='bbox 1040 772 1102 805; x_wconf 88' lang='lat' dir='ltr'><strong>ﬁde,</strong></span> <span class='ocrx_word' id='word_1_202' title='bbox 1118 777 1261 806; x_wconf 84' lang='lat' dir='ltr'><strong>reponunt.</strong></span> <span class='ocrx_word' id='word_1_203' title='bbox 1278 772 1363 806; x_wconf 79' lang='lat' dir='ltr'><strong>igitur</strong></span> <span class='ocrx_word' id='word_1_204' title='bbox 1377 772 1422 799; x_wconf 90' lang='lat' dir='ltr'><strong>ubi</strong></span> <span class='ocrx_word' id='word_1_205' title='bbox 1438 771 1542 798; x_wconf 90' lang='lat' dir='ltr'><strong>licitum</strong></span> <span class='ocrx_word' id='word_1_206' title='bbox 1570 774 1622 801; x_wconf 80' lang='lat' dir='ltr'><strong>est,</strong></span> <span class='ocrx_word' id='word_1_207' title='bbox 1639 766 1772 802; x_wconf 86' lang='lat' dir='ltr'><strong>probabili</strong></span> <span class='ocrx_word' id='word_1_208' title='bbox 1783 802 1790 807; x_wconf 39' lang='lat'><strong><em>‘</em></strong></span> 
     </span>
    </p>
   </div>
   <div class='ocr_carea' id='block_1_31' title="bbox 983 814 1776 853">
    <p class='ocr_par' dir='ltr' id='par_1_31' title="bbox 983 814 1776 853">
     <span class='ocr_line' id='line_1_31' title="bbox 983 814 1776 853; baseline -0.004 -9"><span class='ocrx_word' id='word_1_209' title='bbox 983 822 1143 853; x_wconf 83' lang='lat' dir='ltr'><strong>argumento</strong></span> <span class='ocrx_word' id='word_1_210' title='bbox 1167 818 1205 846; x_wconf 89' lang='lat' dir='ltr'><strong>uti</strong></span> <span class='ocrx_word' id='word_1_211' title='bbox 1232 826 1312 853; x_wconf 81' lang='lat' dir='ltr'><strong>quam</strong></span> <span class='ocrx_word' id='word_1_212' title='bbox 1345 819 1464 845; x_wconf 79' lang='lat' dir='ltr'><strong>maxime</strong></span> <span class='ocrx_word' id='word_1_213' title='bbox 1499 817 1601 844; x_wconf 83' lang='lat' dir='ltr'><strong>decet:</strong></span> <span class='ocrx_word' id='word_1_214' title='bbox 1624 814 1695 848; x_wconf 84' lang='lat' dir='ltr'><strong>quod</strong></span> <span class='ocrx_word' id='word_1_215' title='bbox 1725 819 1776 840; x_wconf 81' lang='lat' dir='ltr'><strong>nos</strong></span> 
     </span>
    </p>
   </div>
   <div class='ocr_carea' id='block_1_32' title="bbox 145 863 1597 913">
    <p class='ocr_par' dir='ltr' id='par_1_32' title="bbox 145 863 1597 913">
     <span class='ocr_line' id='line_1_32' title="bbox 145 863 1597 913; baseline -0.001 -22"><span class='ocrx_word' id='word_1_216' title='bbox 145 863 370 897; x_wconf 63' lang='lat' dir='ltr'><strong>etiam,s|1&#39;)lacet,</strong></span> <span class='ocrx_word' id='word_1_217' title='bbox 391 864 532 899; x_wconf 80' lang='lat' dir='ltr'><strong>faciamus,</strong></span> <span class='ocrx_word' id='word_1_218' title='bbox 554 869 635 900; x_wconf 84' lang='lat' dir='ltr'><strong>atque</strong></span> <span class='ocrx_word' id='word_1_219' title='bbox 651 865 683 892; x_wconf 85' lang='lat' dir='ltr'><strong>ad</strong></span> <span class='ocrx_word' id='word_1_220' title='bbox 698 872 757 892; x_wconf 83' lang='lat' dir='ltr'><strong>eam</strong></span> <span class='ocrx_word' id='word_1_221' title='bbox 774 868 879 899; x_wconf 85' lang='lat' dir='ltr'><strong>partem</strong></span> <span class='ocrx_word' id='word_1_222' title='bbox 900 864 1046 898; x_wconf 84' lang='lat' dir='ltr'><strong>sermonis,</strong></span> <span class='ocrx_word' id='word_1_223' title='bbox 1063 871 1096 891; x_wconf 80' lang='lat' dir='ltr'><strong>ex</strong></span> <span class='ocrx_word' id='word_1_224' title='bbox 1111 871 1164 898; x_wconf 86' lang='lat' dir='ltr'><strong>qua</strong></span> <span class='ocrx_word' id='word_1_225' title='bbox 1179 864 1279 899; x_wconf 76' lang='lat' dir='ltr'><strong>egressi</strong></span> <span class='ocrx_word' id='word_1_226' title='bbox 1298 871 1402 897; x_wconf 81' lang='lat' dir='ltr'><strong>sumus,</strong></span> <span class='ocrx_word' id='word_1_227' title='bbox 1418 869 1597 913; x_wconf 57' lang='lat' dir='ltr'><strong>revertamur.</strong></span> 
     </span>
    </p>
   </div>
   <div class='ocr_carea' id='block_1_33' title="bbox 183 921 936 960">
    <p class='ocr_par' dir='ltr' id='par_1_33' title="bbox 183 921 933 959">
     <span class='ocr_line' id='line_1_33' title="bbox 183 921 933 959; baseline 0 -9"><span class='ocrx_word' id='word_1_228' title='bbox 183 924 223 950; x_wconf 86' lang='grc' dir='ltr'><strong>ιδ’.</strong></span> <span class='ocrx_word' id='word_1_229' title='bbox 243 921 332 955; x_wconf 76' lang='grc' dir='ltr'>Εἶπας</span> <span class='ocrx_word' id='word_1_230' title='bbox 352 923 442 950; x_wconf 82' lang='grc' dir='ltr'>τοίνυν</span> <span class='ocrx_word' id='word_1_231' title='bbox 464 923 565 959; x_wconf 79' lang='grc' dir='ltr'>κυρίως</span> <span class='ocrx_word' id='word_1_232' title='bbox 588 924 637 958; x_wconf 80' lang='grc' dir='ltr'>μὲν</span> <span class='ocrx_word' id='word_1_233' title='bbox 658 924 775 951; x_wconf 82' lang='grc' dir='ltr'>θάνατον</span> <span class='ocrx_word' id='word_1_234' title='bbox 796 921 866 952; x_wconf 80' lang='grc' dir='ltr'>εἶναι</span> <span class='ocrx_word' id='word_1_235' title='bbox 888 923 933 950; x_wconf 83' lang='grc' dir='ltr'><strong>τδν</strong></span> 
     </span>
    </p>
   </div>
   <div class='ocr_carea' id='block_1_34' title="bbox 990 921 1774 960">
    <p class='ocr_par' dir='ltr' id='par_1_34' title="bbox 1023 921 1774 960">
     <span class='ocr_line' id='line_1_34' title="bbox 1023 921 1774 960; baseline -0.005 -10"><span class='ocrx_word' id='word_1_236' title='bbox 1023 924 1067 958; x_wconf 65' lang='grc'><strong>14.</strong></span> <span class='ocrx_word' id='word_1_237' title='bbox 1085 923 1198 952; x_wconf 81' lang='lat' dir='ltr'><strong>Mortem</strong></span> <span class='ocrx_word' id='word_1_238' title='bbox 1213 924 1295 960; x_wconf 77' lang='lat' dir='ltr'><strong>igitur</strong></span> <span class='ocrx_word' id='word_1_239' title='bbox 1311 925 1420 960; x_wconf 86' lang='lat' dir='ltr'><strong>proprie</strong></span> <span class='ocrx_word' id='word_1_240' title='bbox 1436 931 1498 951; x_wconf 87' lang='lat' dir='ltr'><strong>esse</strong></span> <span class='ocrx_word' id='word_1_241' title='bbox 1515 922 1607 950; x_wconf 79' lang='lat' dir='ltr'><strong>dixiSti</strong></span> <span class='ocrx_word' id='word_1_242' title='bbox 1623 921 1774 949; x_wconf 72' lang='lat' dir='ltr'><strong>discessum</strong></span> 
     </span>
    </p>
   </div>
   <div class='ocr_carea' id='block_1_35' title="bbox 147 967 935 1004">
    <p class='ocr_par' dir='ltr' id='par_1_35' title="bbox 147 967 935 1004">
     <span class='ocr_line' id='line_1_35' title="bbox 147 967 935 1004; baseline 0.001 -11"><span class='ocrx_word' id='word_1_243' title='bbox 147 967 198 1002; x_wconf 81' lang='grc' dir='ltr'>τῆς</span> <span class='ocrx_word' id='word_1_244' title='bbox 210 967 300 1002; x_wconf 79' lang='grc' dir='ltr'>ψυχῆς</span> <span class='ocrx_word' id='word_1_245' title='bbox 312 968 367 994; x_wconf 76' lang='grc' dir='ltr'><strong>ἀπὸ</strong></span> <span class='ocrx_word' id='word_1_246' title='bbox 379 967 424 994; x_wconf 81' lang='grc' dir='ltr'>τοῦ</span> <span class='ocrx_word' id='word_1_247' title='bbox 439 968 564 1003; x_wconf 83' lang='grc' dir='ltr'>σώματος</span> <span class='ocrx_word' id='word_1_248' title='bbox 577 969 717 1003; x_wconf 76' lang='grc' dir='ltr'>χωρισμόν</span> <span class='ocrx_word' id='word_1_249' title='bbox 728 975 736 982; x_wconf 87' lang='grc'><strong>·</strong></span> <span class='ocrx_word' id='word_1_250' title='bbox 750 976 935 1004; x_wconf 84' lang='grc' dir='ltr'>καταχρηστι-</span> 
     </span>
    </p>
   </div>
   <div class='ocr_carea' id='block_1_36' title="bbox 149 1013 936 1049">
    <p class='ocr_par' dir='ltr' id='par_1_36' title="bbox 149 1013 936 1049">
     <span class='ocr_line' id='line_1_36' title="bbox 149 1013 936 1049; baseline 0.001 -10"><span class='ocrx_word' id='word_1_251' title='bbox 149 1014 205 1045; x_wconf 81' lang='grc' dir='ltr'><strong>κῶς</strong></span> <span class='ocrx_word' id='word_1_252' title='bbox 223 1014 252 1040; x_wconf 81' lang='grc' dir='ltr'>δὲ</span> <span class='ocrx_word' id='word_1_253' title='bbox 271 1014 318 1040; x_wconf 78' lang='grc' dir='ltr'><strong>καὶ</strong></span> <span class='ocrx_word' id='word_1_254' title='bbox 338 1014 404 1041; x_wconf 78' lang='grc' dir='ltr'>ἄλλα</span> <span class='ocrx_word' id='word_1_255' title='bbox 424 1013 555 1048; x_wconf 79' lang='grc' dir='ltr'>θνήσκειν</span> <span class='ocrx_word' id='word_1_256' title='bbox 573 1014 721 1048; x_wconf 81' lang='grc' dir='ltr'>λέγεσθαι,</span> <span class='ocrx_word' id='word_1_257' title='bbox 739 1014 786 1041; x_wconf 83' lang='grc' dir='ltr'>καί</span> <span class='ocrx_word' id='word_1_258' title='bbox 805 1023 867 1041; x_wconf 84' lang='grc' dir='ltr'>τινα</span> <span class='ocrx_word' id='word_1_259' title='bbox 886 1014 936 1049; x_wconf 81' lang='grc' dir='ltr'>μὲν</span> 
     </span>
    </p>
   </div>
   <div class='ocr_carea' id='block_1_37' title="bbox 149 1058 936 1096">
    <p class='ocr_par' dir='ltr' id='par_1_37' title="bbox 149 1058 936 1096">
     <span class='ocr_line' id='line_1_37' title="bbox 149 1058 936 1096; baseline 0 -9"><span class='ocrx_word' id='word_1_260' title='bbox 149 1061 252 1088; x_wconf 81' lang='grc' dir='ltr'>τούτων</span> <span class='ocrx_word' id='word_1_261' title='bbox 270 1061 365 1095; x_wconf 82' lang='grc' dir='ltr'>μηκέτ’</span> <span class='ocrx_word' id='word_1_262' title='bbox 377 1058 447 1087; x_wconf 77' lang='grc' dir='ltr'>εἶναι</span> <span class='ocrx_word' id='word_1_263' title='bbox 464 1060 525 1095; x_wconf 78' lang='grc' dir='ltr'>μηδ’</span> <span class='ocrx_word' id='word_1_264' title='bbox 536 1061 735 1088; x_wconf 73' lang='grc' dir='ltr'>ἀναϐιώσεσθαι</span> <span class='ocrx_word' id='word_1_265' title='bbox 752 1061 871 1096; x_wconf 78' lang='grc' dir='ltr'>μέλλειν,</span> <span class='ocrx_word' id='word_1_266' title='bbox 887 1069 936 1087; x_wconf 84' lang='grc' dir='ltr'><strong>κα-</strong></span> 
     </span>
    </p>
   </div>
   <div class='ocr_carea' id='block_1_38' title="bbox 150 1105 934 1141">
    <p class='ocr_par' dir='ltr' id='par_1_38' title="bbox 150 1105 934 1141">
     <span class='ocr_line' id='line_1_38' title="bbox 150 1105 934 1141; baseline 0 -8"><span class='ocrx_word' id='word_1_267' title='bbox 150 1106 290 1141; x_wconf 71' lang='grc' dir='ltr'>ταφθορὰν</span> <span class='ocrx_word' id='word_1_268' title='bbox 310 1106 466 1132; x_wconf 73' lang='grc' dir='ltr'>ὑποστάντα</span> <span class='ocrx_word' id='word_1_269' title='bbox 478 1114 486 1122; x_wconf 92' lang='grc'><strong>·</strong></span> <span class='ocrx_word' id='word_1_270' title='bbox 508 1105 567 1133; x_wconf 78' lang='grc' dir='ltr'>ενια</span> <span class='ocrx_word' id='word_1_271' title='bbox 586 1107 614 1133; x_wconf 72' lang='grc' dir='ltr'>δὲ</span> <span class='ocrx_word' id='word_1_272' title='bbox 636 1106 717 1133; x_wconf 84' lang='grc' dir='ltr'>πάλιν</span> <span class='ocrx_word' id='word_1_273' title='bbox 737 1106 934 1140; x_wconf 81' lang='grc' dir='ltr'>ἀλλοιωθέντα,</span> 
     </span>
    </p>
   </div>
   <div class='ocr_carea' id='block_1_39' title="bbox 151 1151 934 1187">
    <p class='ocr_par' dir='ltr' id='par_1_39' title="bbox 151 1151 934 1187">
     <span class='ocr_line' id='line_1_39' title="bbox 151 1151 934 1187; baseline 0 -8"><span class='ocrx_word' id='word_1_274' title='bbox 151 1153 200 1179; x_wconf 79' lang='grc' dir='ltr'><strong>καὶ</strong></span> <span class='ocrx_word' id='word_1_275' title='bbox 219 1152 306 1187; x_wconf 83' lang='grc' dir='ltr'>ταύτῃ</span> <span class='ocrx_word' id='word_1_276' title='bbox 328 1151 480 1187; x_wconf 78' lang='grc' dir='ltr'>κρείττονος</span> <span class='ocrx_word' id='word_1_277' title='bbox 499 1152 692 1184; x_wconf 81' lang='grc' dir='ltr'>καταστάσεως</span> <span class='ocrx_word' id='word_1_278' title='bbox 713 1153 934 1186; x_wconf 74' lang='grc' dir='ltr'>άπολελαυκότα,</span> 
     </span>
    </p>
   </div>
   <div class='ocr_carea' id='block_1_40' title="bbox 153 1197 937 1234">
    <p class='ocr_par' dir='ltr' id='par_1_40' title="bbox 153 1197 937 1234">
     <span class='ocr_line' id='line_1_40' title="bbox 153 1197 937 1234; baseline 0.003 -10"><span class='ocrx_word' id='word_1_279' title='bbox 153 1198 254 1233; x_wconf 76' lang='grc' dir='ltr'>μηκέτι</span> <span class='ocrx_word' id='word_1_280' title='bbox 269 1197 354 1224; x_wconf 82' lang='grc' dir='ltr'>ταῦτα</span> <span class='ocrx_word' id='word_1_281' title='bbox 370 1197 523 1225; x_wconf 80' lang='grc' dir='ltr'><strong>δουλεύσειν</strong></span> <span class='ocrx_word' id='word_1_282' title='bbox 538 1197 646 1233; x_wconf 83' lang='grc' dir='ltr'>θανάτῳ</span> <span class='ocrx_word' id='word_1_283' title='bbox 660 1207 688 1225; x_wconf 80' lang='grc' dir='ltr'><strong>τε</strong></span> <span class='ocrx_word' id='word_1_284' title='bbox 705 1199 752 1225; x_wconf 74' lang='grc' dir='ltr'><strong>καὶ</strong></span> <span class='ocrx_word' id='word_1_285' title='bbox 768 1199 865 1234; x_wconf 81' lang='grc' dir='ltr'>φθορᾷ.</span> <span class='ocrx_word' id='word_1_286' title='bbox 881 1199 937 1234; x_wconf 81' lang='grc' dir='ltr'><strong>Τὴν</strong></span> 
     </span>
    </p>
   </div>
   <div class='ocr_carea' id='block_1_41' title="bbox 127 1238 937 1280">
    <p class='ocr_par' dir='ltr' id='par_1_41' title="bbox 127 1238 937 1280">
     <span class='ocr_line' id='line_1_41' title="bbox 127 1238 937 1280; baseline 0.002 -10"><span class='ocrx_word' id='word_1_287' title='bbox 127 1250 130 1252; x_wconf 87' lang='lat'>‘</span> <span class='ocrx_word' id='word_1_288' title='bbox 151 1238 179 1270; x_wconf 79' lang='grc' dir='ltr'>δὲ</span> <span class='ocrx_word' id='word_1_289' title='bbox 203 1243 346 1270; x_wconf 71' lang='grc' dir='ltr'>ἀλλοίωσιν</span> <span class='ocrx_word' id='word_1_290' title='bbox 368 1243 471 1278; x_wconf 82' lang='grc' dir='ltr'>ταύτην</span> <span class='ocrx_word' id='word_1_291' title='bbox 494 1243 609 1270; x_wconf 82' lang='grc' dir='ltr'>θάνατόν</span> <span class='ocrx_word' id='word_1_292' title='bbox 633 1252 675 1270; x_wconf 83' lang='grc' dir='ltr'><strong>σοι</strong></span> <span class='ocrx_word' id='word_1_293' title='bbox 699 1245 775 1278; x_wconf 84' lang='grc' dir='ltr'>φίλον</span> <span class='ocrx_word' id='word_1_294' title='bbox 800 1253 937 1280; x_wconf 76' lang='grc' dir='ltr'>προσαγο-</span> 
     </span>
    </p>
   </div>
   <div class='ocr_carea' id='block_1_42' title="bbox 154 1286 936 1325">
    <p class='ocr_par' dir='ltr' id='par_1_42' title="bbox 154 1286 936 1325">
     <span class='ocr_line' id='line_1_42' title="bbox 154 1286 936 1325; baseline 0.004 -11"><span class='ocrx_word' id='word_1_295' title='bbox 154 1288 246 1323; x_wconf 74' lang='grc' dir='ltr'>ρεύειν</span> <span class='ocrx_word' id='word_1_296' title='bbox 262 1288 309 1315; x_wconf 73' lang='grc' dir='ltr'>καὶ</span> <span class='ocrx_word' id='word_1_297' title='bbox 329 1288 498 1321; x_wconf 74' lang='grc' dir='ltr'>ἀναϐίωσιν,</span> <span class='ocrx_word' id='word_1_298' title='bbox 515 1286 549 1323; x_wconf 81' lang='grc' dir='ltr'>ἦς</span> <span class='ocrx_word' id='word_1_299' title='bbox 569 1289 614 1315; x_wconf 81' lang='grc' dir='ltr'>καὶ</span> <span class='ocrx_word' id='word_1_300' title='bbox 632 1289 681 1321; x_wconf 79' lang='grc' dir='ltr'><strong>τὰς</strong></span> <span class='ocrx_word' id='word_1_301' title='bbox 700 1289 789 1325; x_wconf 79' lang='grc' dir='ltr'>ψυχὰς</span> <span class='ocrx_word' id='word_1_302' title='bbox 811 1290 936 1324; x_wconf 72' lang='grc' dir='ltr'>μεθέξειν</span> 
     </span>
    </p>
   </div>
   <div class='ocr_carea' id='block_1_43' title="bbox 153 1333 936 1371">
    <p class='ocr_par' dir='ltr' id='par_1_43' title="bbox 153 1333 936 1371">
     <span class='ocr_line' id='line_1_43' title="bbox 153 1333 936 1371; baseline 0 -11"><span class='ocrx_word' id='word_1_303' title='bbox 153 1334 302 1368; x_wconf 70' lang='grc' dir='ltr'>ἀναγκαῖόν</span> <span class='ocrx_word' id='word_1_304' title='bbox 319 1342 360 1360; x_wconf 85' lang='grc' dir='ltr'><strong>σοι</strong></span> <span class='ocrx_word' id='word_1_305' title='bbox 381 1333 506 1368; x_wconf 84' lang='grc' dir='ltr'>φαίνεται</span> <span class='ocrx_word' id='word_1_306' title='bbox 518 1342 526 1350; x_wconf 72' lang='grc' dir='ltr'><strong>ο</strong></span> <span class='ocrx_word' id='word_1_307' title='bbox 543 1334 577 1361; x_wconf 72' lang='grc' dir='ltr'><strong>ἶν’</strong></span> <span class='ocrx_word' id='word_1_308' title='bbox 589 1335 738 1370; x_wconf 76' lang='grc' dir='ltr'>ἐπειδήπερ</span> <span class='ocrx_word' id='word_1_309' title='bbox 757 1335 844 1371; x_wconf 80' lang='grc' dir='ltr'>ἀρχὴν</span> <span class='ocrx_word' id='word_1_310' title='bbox 861 1336 936 1371; x_wconf 73' lang='grc' dir='ltr'>εἱλή-</span> 
     </span>
    </p>
   </div>
   <div class='ocr_carea' id='block_1_44' title="bbox 155 1379 937 1416">
    <p class='ocr_par' dir='ltr' id='par_1_44' title="bbox 155 1379 937 1416">
     <span class='ocr_line' id='line_1_44' title="bbox 155 1379 937 1416; baseline 0 -7"><span class='ocrx_word' id='word_1_311' title='bbox 155 1390 230 1416; x_wconf 79' lang='grc' dir='ltr'>φιισι,</span> <span class='ocrx_word' id='word_1_312' title='bbox 243 1380 318 1412; x_wconf 80' lang='grc' dir='ltr'>τέλος</span> <span class='ocrx_word' id='word_1_313' title='bbox 329 1379 483 1412; x_wconf 84' lang='grc' dir='ltr'><strong>ἀκολούθως</strong></span> <span class='ocrx_word' id='word_1_314' title='bbox 495 1380 686 1415; x_wconf 80' lang='grc' dir='ltr'><strong>ἐκδεχομένην,</strong></span> <span class='ocrx_word' id='word_1_315' title='bbox 698 1380 937 1409; x_wconf 80' lang='grc' dir='ltr'>ἀπαθανατισϐῶσι</span> 
     </span>
    </p>
   </div>
   <div class='ocr_carea' id='block_1_45' title="bbox 154 1426 937 1463">
    <p class='ocr_par' dir='ltr' id='par_1_45' title="bbox 154 1426 937 1463">
     <span class='ocr_line' id='line_1_45' title="bbox 154 1426 937 1463; baseline 0.001 -8"><span class='ocrx_word' id='word_1_316' title='bbox 154 1428 197 1455; x_wconf 83' lang='grc' dir='ltr'><strong>διὰ</strong></span> <span class='ocrx_word' id='word_1_317' title='bbox 210 1428 257 1460; x_wconf 61' lang='grc' dir='ltr'><strong>τῆς</strong></span> <span class='ocrx_word' id='word_1_318' title='bbox 273 1426 541 1458; x_wconf 75' lang='grc' dir='ltr'>ἀνακαινίσειυς,’›ιαὶ</span> <span class='ocrx_word' id='word_1_319' title='bbox 555 1427 685 1462; x_wconf 84' lang='grc' dir='ltr'>δευτέρας</span> <span class='ocrx_word' id='word_1_320' title='bbox 698 1427 784 1463; x_wconf 82' lang='grc' dir='ltr'>ταύτῃ</span> <span class='ocrx_word' id='word_1_321' title='bbox 799 1429 937 1456; x_wconf 78' lang='grc' dir='ltr'>καταστά-</span> 
     </span>
    </p>
   </div>
   <div class='ocr_carea' id='block_1_46' title="bbox 156 1471 935 1508">
    <p class='ocr_par' dir='ltr' id='par_1_46' title="bbox 156 1471 935 1508">
     <span class='ocr_line' id='line_1_46' title="bbox 156 1471 935 1508; baseline 0.001 -9"><span class='ocrx_word' id='word_1_322' title='bbox 156 1482 223 1504; x_wconf 73' lang='grc' dir='ltr'>σεως</span> <span class='ocrx_word' id='word_1_323' title='bbox 244 1473 377 1506; x_wconf 73' lang='grc' dir='ltr'>τύχωσιν,</span> <span class='ocrx_word' id='word_1_324' title='bbox 400 1471 530 1503; x_wconf 78' lang='grc' dir='ltr'>ἐπιεικῶς</span> <span class='ocrx_word' id='word_1_325' title='bbox 552 1471 694 1505; x_wconf 81' lang='grc' dir='ltr'>ἀμείνονος</span> <span class='ocrx_word' id='word_1_326' title='bbox 717 1473 765 1508; x_wconf 84' lang='grc' dir='ltr'>τῆς</span> <span class='ocrx_word' id='word_1_327' title='bbox 788 1473 935 1508; x_wconf 78' lang='grc' dir='ltr'>προτέρας.</span> 
     </span>
    </p>
   </div>
   <div class='ocr_carea' id='block_1_47' title="bbox 154 1518 937 1557">
    <p class='ocr_par' dir='ltr' id='par_1_47' title="bbox 154 1518 937 1557">
     <span class='ocr_line' id='line_1_47' title="bbox 154 1518 937 1557; baseline -0.003 -9"><span class='ocrx_word' id='word_1_328' title='bbox 154 1522 239 1548; x_wconf 79' lang='grc' dir='ltr'>Ταυτὶ</span> <span class='ocrx_word' id='word_1_329' title='bbox 258 1521 286 1548; x_wconf 74' lang='grc' dir='ltr'>δὲ</span> <span class='ocrx_word' id='word_1_330' title='bbox 306 1520 411 1556; x_wconf 73' lang='grc' dir='ltr'>ἔφησθα</span> <span class='ocrx_word' id='word_1_331' title='bbox 429 1521 538 1553; x_wconf 84' lang='grc' dir='ltr'>πάντως</span> <span class='ocrx_word' id='word_1_332' title='bbox 554 1521 593 1556; x_wconf 83' lang='grc' dir='ltr'>τῷ</span> <span class='ocrx_word' id='word_1_333' title='bbox 613 1520 699 1547; x_wconf 78' lang='grc' dir='ltr'>εἰκότι</span> <span class='ocrx_word' id='word_1_334' title='bbox 720 1520 860 1557; x_wconf 83' lang='grc' dir='ltr'>χρώμενος</span> <span class='ocrx_word' id='word_1_335' title='bbox 871 1529 878 1536; x_wconf 93' lang='grc'><strong>·</strong></span> <span class='ocrx_word' id='word_1_336' title='bbox 896 1518 937 1552; x_wconf 70' lang='grc' dir='ltr'>οἷς</span> 
     </span>
    </p>
   </div>
   <div class='ocr_carea' id='block_1_48' title="bbox 156 1567 937 1604">
    <p class='ocr_par' dir='ltr' id='par_1_48' title="bbox 156 1567 937 1604">
     <span class='ocr_line' id='line_1_48' title="bbox 156 1567 937 1604; baseline -0.001 -8"><span class='ocrx_word' id='word_1_337' title='bbox 156 1570 209 1604; x_wconf 72' lang='grc' dir='ltr'><strong>γὰρ</strong></span> <span class='ocrx_word' id='word_1_338' title='bbox 221 1570 277 1601; x_wconf 79' lang='grc' dir='ltr'>τοῖς</span> <span class='ocrx_word' id='word_1_339' title='bbox 292 1568 414 1603; x_wconf 77' lang='grc' dir='ltr'>σώμασιν</span> <span class='ocrx_word' id='word_1_340' title='bbox 428 1569 455 1595; x_wconf 80' lang='lat' dir='ltr'><strong>al</strong></span> <span class='ocrx_word' id='word_1_341' title='bbox 469 1568 556 1604; x_wconf 75' lang='grc' dir='ltr'>ψυχαὶ</span> <span class='ocrx_word' id='word_1_342' title='bbox 569 1567 727 1595; x_wconf 80' lang='grc' dir='ltr'>κοινωνοῦσι</span> <span class='ocrx_word' id='word_1_343' title='bbox 740 1569 788 1596; x_wconf 73' lang='grc' dir='ltr'><strong>καὶ</strong></span> <span class='ocrx_word' id='word_1_344' title='bbox 801 1568 854 1596; x_wconf 86' lang='grc' dir='ltr'><strong>τῶν</strong></span> <span class='ocrx_word' id='word_1_345' title='bbox 867 1570 937 1603; x_wconf 86' lang='grc' dir='ltr'><strong>ἀγα-</strong></span> 
     </span>
    </p>
   </div>
   <div class='ocr_carea' id='block_1_49' title="bbox 156 1614 938 1649">
    <p class='ocr_par' dir='ltr' id='par_1_49' title="bbox 156 1614 938 1649">
     <span class='ocr_line' id='line_1_49' title="bbox 156 1614 938 1649; baseline -0.001 -8"><span class='ocrx_word' id='word_1_346' title='bbox 156 1615 210 1641; x_wconf 78' lang='grc' dir='ltr'>θῶν</span> <span class='ocrx_word' id='word_1_347' title='bbox 219 1636 226 1647; x_wconf 84' lang='grc'><strong>,</strong></span> <span class='ocrx_word' id='word_1_348' title='bbox 240 1615 286 1641; x_wconf 70' lang='grc' dir='ltr'><strong>καὶ</strong></span> <span class='ocrx_word' id='word_1_349' title='bbox 298 1614 352 1641; x_wconf 84' lang='grc' dir='ltr'>τῶν</span> <span class='ocrx_word' id='word_1_350' title='bbox 367 1615 404 1649; x_wconf 82' lang='grc' dir='ltr'>μὴ</span> <span class='ocrx_word' id='word_1_351' title='bbox 416 1614 559 1647; x_wconf 85' lang='grc' dir='ltr'>τοιούτων,</span> <span class='ocrx_word' id='word_1_352' title='bbox 574 1614 620 1640; x_wconf 81' lang='grc' dir='ltr'><strong>καὶ</strong></span> <span class='ocrx_word' id='word_1_353' title='bbox 634 1614 727 1646; x_wconf 82' lang='grc' dir='ltr'>ἁπλῶς</span> <span class='ocrx_word' id='word_1_354' title='bbox 740 1614 849 1640; x_wconf 86' lang='grc' dir='ltr'>πάντων</span> <span class='ocrx_word' id='word_1_355' title='bbox 861 1614 938 1649; x_wconf 74' lang='grc' dir='ltr'>ἑξῆς,</span> 
     </span>
    </p>
   </div>
   <div class='ocr_carea' id='block_1_50' title="bbox 156 1657 940 1695">
    <p class='ocr_par' dir='ltr' id='par_1_50' title="bbox 156 1657 940 1695">
     <span class='ocr_line' id='line_1_50' title="bbox 156 1657 940 1695; baseline -0.003 -7"><span class='ocrx_word' id='word_1_356' title='bbox 156 1661 202 1688; x_wconf 77' lang='grc' dir='ltr'><strong>καὶ</strong></span> <span class='ocrx_word' id='word_1_357' title='bbox 220 1660 267 1687; x_wconf 85' lang='grc' dir='ltr'>τοῦ</span> <span class='ocrx_word' id='word_1_358' title='bbox 286 1660 401 1688; x_wconf 79' lang='grc' dir='ltr'>Θανάτου</span> <span class='ocrx_word' id='word_1_359' title='bbox 418 1660 510 1691; x_wconf 78' lang='grc' dir='ltr'>αὐτοῖς</span> <span class='ocrx_word' id='word_1_360' title='bbox 525 1659 732 1695; x_wconf 82' lang='grc' dir='ltr'>κοινωνήσουσι.</span> <span class='ocrx_word' id='word_1_361' title='bbox 749 1660 840 1686; x_wconf 83' lang='grc' dir='ltr'>Ταῦτα</span> <span class='ocrx_word' id='word_1_362' title='bbox 856 1658 900 1694; x_wconf 84' lang='grc' dir='ltr'><strong>ἦν.</strong></span> <span class='ocrx_word' id='word_1_363' title='bbox 917 1657 940 1686; x_wconf 83' lang='grc' dir='ltr'>ὧ</span> 
     </span>
    </p>
   </div>
   <div class='ocr_carea' id='block_1_51' title="bbox 156 1705 940 1741">
    <p class='ocr_par' dir='ltr' id='par_1_51' title="bbox 156 1705 940 1741">
     <span class='ocr_line' id='line_1_51' title="bbox 156 1705 940 1741; baseline -0.001 -9"><span class='ocrx_word' id='word_1_364' title='bbox 156 1707 231 1740; x_wconf 76' lang='grc' dir='ltr'>’γαῦε</span> <span class='ocrx_word' id='word_1_365' title='bbox 241 1727 248 1740; x_wconf 83' lang='grc'><strong>,</strong></span> <span class='ocrx_word' id='word_1_366' title='bbox 265 1705 291 1732; x_wconf 85' lang='grc' dir='ltr'>εῐ</span> <span class='ocrx_word' id='word_1_367' title='bbox 304 1715 336 1741; x_wconf 86' lang='grc' dir='ltr'>γε</span> <span class='ocrx_word' id='word_1_368' title='bbox 354 1707 391 1741; x_wconf 79' lang='grc' dir='ltr'>μὴ</span> <span class='ocrx_word' id='word_1_369' title='bbox 412 1705 586 1733; x_wconf 83' lang='grc' dir='ltr'>παντάπασιν</span> <span class='ocrx_word' id='word_1_370' title='bbox 600 1705 797 1740; x_wconf 71' lang='grc' dir='ltr'>ἐπιλέλησμαι,</span> <span class='ocrx_word' id='word_1_371' title='bbox 814 1705 832 1732; x_wconf 76' lang='grc' dir='ltr'>ἃ</span> <span class='ocrx_word' id='word_1_372' title='bbox 846 1705 880 1731; x_wconf 80' lang='grc' dir='ltr'>δι’</span> <span class='ocrx_word' id='word_1_373' title='bbox 892 1705 940 1732; x_wconf 80' lang='grc' dir='ltr'><strong>ἄλ-</strong></span> 
     </span>
    </p>
   </div>
   <div class='ocr_carea' id='block_1_52' title="bbox 156 1750 940 1787">
    <p class='ocr_par' dir='ltr' id='par_1_52' title="bbox 156 1750 940 1787">
     <span class='ocr_line' id='line_1_52' title="bbox 156 1750 940 1787; baseline -0.004 -8"><span class='ocrx_word' id='word_1_374' title='bbox 156 1753 210 1779; x_wconf 87' lang='grc' dir='ltr'>λων</span> <span class='ocrx_word' id='word_1_375' title='bbox 227 1751 365 1786; x_wconf 75' lang='grc' dir='ltr'>ὀνομάτων</span> <span class='ocrx_word' id='word_1_376' title='bbox 382 1751 546 1787; x_wconf 81' lang='grc' dir='ltr'>(συνέτεμον</span> <span class='ocrx_word' id='word_1_377' title='bbox 563 1751 618 1786; x_wconf 78' lang='grc' dir='ltr'><strong>γὰρ</strong></span> <span class='ocrx_word' id='word_1_378' title='bbox 634 1750 680 1776; x_wconf 77' lang='grc' dir='ltr'>τὸν</span> <span class='ocrx_word' id='word_1_379' title='bbox 696 1750 788 1783; x_wconf 80' lang='grc' dir='ltr'>λόγον)</span> <span class='ocrx_word' id='word_1_380' title='bbox 806 1750 870 1784; x_wconf 71' lang='grc' dir='ltr'>περὶ</span> <span class='ocrx_word' id='word_1_381' title='bbox 887 1750 940 1776; x_wconf 83' lang='grc' dir='ltr'>τῶν</span> 
     </span>
    </p>
   </div>
   <div class='ocr_carea' id='block_1_53' title="bbox 157 1796 941 1834">
    <p class='ocr_par' dir='ltr' id='par_1_53' title="bbox 157 1796 941 1834">
     <span class='ocr_line' id='line_1_53' title="bbox 157 1796 941 1834; baseline -0.005 -8"><span class='ocrx_word' id='word_1_382' title='bbox 157 1799 253 1834; x_wconf 80' lang='grc' dir='ltr'>ψυχῶν</span> <span class='ocrx_word' id='word_1_383' title='bbox 266 1807 318 1831; x_wconf 91' lang='grc' dir='ltr'>σοι,</span> <span class='ocrx_word' id='word_1_384' title='bbox 332 1799 380 1824; x_wconf 80' lang='grc' dir='ltr'><strong>καὶ</strong></span> <span class='ocrx_word' id='word_1_385' title='bbox 393 1797 440 1824; x_wconf 84' lang='grc' dir='ltr'>τοῦ</span> <span class='ocrx_word' id='word_1_386' title='bbox 454 1797 581 1829; x_wconf 81' lang='grc' dir='ltr'>Θανάτου,</span> <span class='ocrx_word' id='word_1_387' title='bbox 594 1797 643 1824; x_wconf 76' lang='grc' dir='ltr'><strong>καὶ</strong></span> <span class='ocrx_word' id='word_1_388' title='bbox 655 1797 703 1831; x_wconf 80' lang='grc' dir='ltr'>τῆς</span> <span class='ocrx_word' id='word_1_389' title='bbox 718 1796 888 1828; x_wconf 82' lang='grc' dir='ltr'>ἀλλοιώσεως</span> <span class='ocrx_word' id='word_1_390' title='bbox 902 1797 941 1823; x_wconf 80' lang='grc' dir='ltr'><strong>ετ-</strong></span> 
     </span>
    </p>
   </div>
   <div class='ocr_carea' id='block_1_54' title="bbox 160 1843 941 1882">
    <p class='ocr_par' dir='ltr' id='par_1_54' title="bbox 160 1843 941 1882">
     <span class='ocr_line' id='line_1_54' title="bbox 160 1843 941 1882; baseline -0.005 -9"><span class='ocrx_word' id='word_1_391' title='bbox 160 1852 259 1882; x_wconf 76' lang='grc' dir='ltr'>ρηται*</span> <span class='ocrx_word' id='word_1_392' title='bbox 278 1845 302 1872; x_wconf 77' lang='grc' dir='ltr'><strong>εί</strong></span> <span class='ocrx_word' id='word_1_393' title='bbox 323 1844 347 1871; x_wconf 82' lang='grc' dir='ltr'>δ’</span> <span class='ocrx_word' id='word_1_394' title='bbox 359 1843 549 1879; x_wconf 79' lang='grc' dir='ltr'>ἐπελαθόμην,</span> <span class='ocrx_word' id='word_1_395' title='bbox 567 1843 646 1875; x_wconf 73' lang='grc' dir='ltr'>αὐτὸς</span> <span class='ocrx_word' id='word_1_396' title='bbox 667 1843 833 1879; x_wconf 82' lang='grc' dir='ltr'>ἀνάμνησον.</span> <span class='ocrx_word' id='word_1_397' title='bbox 852 1843 906 1869; x_wconf 75' lang='grc' dir='ltr'><strong>Καὶ</strong></span> <span class='ocrx_word' id='word_1_398' title='bbox 927 1844 941 1869; x_wconf 82' lang='grc' dir='ltr'><strong>ό</strong></span> 
     </span>
    </p>
   </div>
   <div class='ocr_carea' id='block_1_55' title="bbox 159 1889 650 1926">
    <p class='ocr_par' dir='ltr' id='par_1_55' title="bbox 159 1889 650 1926">
     <span class='ocr_line' id='line_1_55' title="bbox 159 1889 650 1926; baseline -0.006 -8"><span class='ocrx_word' id='word_1_399' title='bbox 159 1893 277 1926; x_wconf 74' lang='grc' dir='ltr'>Πέρσης,</span> <span class='ocrx_word' id='word_1_400' title='bbox 296 1890 376 1918; x_wconf 72' lang='grc' dir='ltr'>Ἀλλὰ</span> <span class='ocrx_word' id='word_1_401' title='bbox 390 1890 476 1916; x_wconf 78' lang='grc' dir='ltr'>ταῦτά</span> <span class='ocrx_word' id='word_1_402' title='bbox 490 1891 572 1923; x_wconf 71' lang='grc' dir='ltr'>ἐστιν,</span> <span class='ocrx_word' id='word_1_403' title='bbox 589 1889 650 1924; x_wconf 75' lang='grc' dir='ltr'>ἔφη.</span> 
     </span>
    </p>
   </div>
   <div class='ocr_carea' id='block_1_56' title="bbox 195 1946 941 1983">
    <p class='ocr_par' dir='ltr' id='par_1_56' title="bbox 195 1946 941 1983">
     <span class='ocr_line' id='line_1_56' title="bbox 195 1946 941 1983; baseline -0.005 -7"><span class='ocrx_word' id='word_1_404' title='bbox 195 1953 235 1976; x_wconf 89' lang='grc' dir='ltr'>ιε’.</span> <span class='ocrx_word' id='word_1_405' title='bbox 256 1948 322 1975; x_wconf 83' lang='grc' dir='ltr'>Είπὲ</span> <span class='ocrx_word' id='word_1_406' title='bbox 338 1949 370 1983; x_wconf 86' lang='grc' dir='ltr'>δὴ</span> <span class='ocrx_word' id='word_1_407' title='bbox 385 1948 508 1983; x_wconf 82' lang='grc' dir='ltr'>πρῶτον,</span> <span class='ocrx_word' id='word_1_408' title='bbox 523 1947 590 1981; x_wconf 73' lang='grc' dir='ltr'>ἔφην</span> <span class='ocrx_word' id='word_1_409' title='bbox 605 1946 676 1980; x_wconf 77' lang='grc' dir='ltr'><strong>ἐγὼ.</strong></span> <span class='ocrx_word' id='word_1_410' title='bbox 694 1947 762 1981; x_wconf 88' lang='grc' dir='ltr'>ποίῳ</span> <span class='ocrx_word' id='word_1_411' title='bbox 776 1947 808 1981; x_wconf 88' lang='grc' dir='ltr'>δή</span> <span class='ocrx_word' id='word_1_412' title='bbox 823 1954 876 1973; x_wconf 90' lang='grc' dir='ltr'>τινι</span> <span class='ocrx_word' id='word_1_413' title='bbox 892 1946 941 1972; x_wconf 76' lang='grc' dir='ltr'><strong>θα-</strong></span> 
     </span>
    </p>
   </div>
   <div class='ocr_carea' id='block_1_57' title="bbox 158 1990 941 2029">
    <p class='ocr_par' dir='ltr' id='par_1_57' title="bbox 158 1990 941 2029">
     <span class='ocr_line' id='line_1_57' title="bbox 158 1990 941 2029; baseline -0.004 -8"><span class='ocrx_word' id='word_1_414' title='bbox 158 1996 233 2029; x_wconf 78' lang='grc' dir='ltr'>νάτῳ</span> <span class='ocrx_word' id='word_1_415' title='bbox 252 1993 404 2020; x_wconf 79' lang='grc' dir='ltr'>δουλεύσειν</span> <span class='ocrx_word' id='word_1_416' title='bbox 421 1993 562 2027; x_wconf 77' lang='grc' dir='ltr'>ὑπόχρεως</span> <span class='ocrx_word' id='word_1_417' title='bbox 579 1990 649 2018; x_wconf 78' lang='grc' dir='ltr'>εῖναι</span> <span class='ocrx_word' id='word_1_418' title='bbox 666 1992 754 2025; x_wconf 59' lang='grc' dir='ltr'>λέγεις</span> <span class='ocrx_word' id='word_1_419' title='bbox 774 1992 836 2022; x_wconf 81' lang='grc' dir='ltr'>τοὺς</span> <span class='ocrx_word' id='word_1_420' title='bbox 857 1992 941 2025; x_wconf 81' lang='grc' dir='ltr'>ἀγγέ-</span> 
     </span>
    </p>
   </div>
   <div class='ocr_carea' id='block_1_58' title="bbox 159 2037 942 2075">
    <p class='ocr_par' dir='ltr' id='par_1_58' title="bbox 159 2037 942 2075">
     <span class='ocr_line' id='line_1_58' title="bbox 159 2037 942 2075; baseline -0.001 -3"><span class='ocrx_word' id='word_1_421' title='bbox 159 2042 232 2072; x_wconf 75' lang='grc' dir='ltr'>λους,</span> <span class='ocrx_word' id='word_1_422' title='bbox 245 2040 283 2075; x_wconf 80' lang='grc' dir='ltr'>τῷ</span> <span class='ocrx_word' id='word_1_423' title='bbox 296 2039 408 2074; x_wconf 73' lang='grc' dir='ltr'><strong>κυρίως,</strong></span> <span class='ocrx_word' id='word_1_424' title='bbox 423 2039 439 2074; x_wconf 79' lang='grc' dir='ltr'>ἢ</span> <span class='ocrx_word' id='word_1_425' title='bbox 453 2038 559 2073; x_wconf 52' lang='lat' dir='ltr'><strong>“Tum;</strong></span> <span class='ocrx_word' id='word_1_426' title='bbox 576 2037 710 2071; x_wconf 75' lang='grc' dir='ltr'>Καοαρῶς</span> <span class='ocrx_word' id='word_1_427' title='bbox 729 2037 788 2072; x_wconf 59' lang='grc' dir='ltr'>μὲν,</span> <span class='ocrx_word' id='word_1_428' title='bbox 803 2037 853 2072; x_wconf 70' lang='grc' dir='ltr'><strong>ἔφη</strong></span> <span class='ocrx_word' id='word_1_429' title='bbox 868 2039 882 2064; x_wconf 80' lang='grc' dir='ltr'>ὁ</span> <span class='ocrx_word' id='word_1_430' title='bbox 896 2039 942 2071; x_wconf 82' lang='grc' dir='ltr'><strong>γέ-</strong></span> 
     </span>
    </p>
   </div>
   <div class='ocr_carea' id='block_1_59' title="bbox 161 2083 942 2123">
    <p class='ocr_par' dir='ltr' id='par_1_59' title="bbox 161 2083 942 2123">
     <span class='ocr_line' id='line_1_59' title="bbox 161 2083 942 2123; baseline -0.009 -9"><span class='ocrx_word' id='word_1_431' title='bbox 161 2095 226 2123; x_wconf 87' lang='grc' dir='ltr'>ρων,</span> <span class='ocrx_word' id='word_1_432' title='bbox 248 2085 312 2113; x_wconf 80' lang='grc' dir='ltr'>οῠτε</span> <span class='ocrx_word' id='word_1_433' title='bbox 338 2084 448 2119; x_wconf 73' lang='grc' dir='ltr'>λέγεται</span> <span class='ocrx_word' id='word_1_434' title='bbox 471 2093 509 2115; x_wconf 86' lang='grc' dir='ltr'><strong>τι,</strong></span> <span class='ocrx_word' id='word_1_435' title='bbox 536 2083 598 2110; x_wconf 74' lang='grc' dir='ltr'>οὔτε</span> <span class='ocrx_word' id='word_1_436' title='bbox 624 2083 854 2118; x_wconf 78' lang='grc' dir='ltr'>μὴν,γέγραπται</span> <span class='ocrx_word' id='word_1_437' title='bbox 879 2084 942 2116; x_wconf 78' lang='grc' dir='ltr'>περὶ</span> 
     </span>
    </p>
   </div>
   <div class='ocr_carea' id='block_1_60' title="bbox 159 2127 942 2166">
    <p class='ocr_par' dir='ltr' id='par_1_60' title="bbox 159 2127 942 2166">
     <span class='ocr_line' id='line_1_60' title="bbox 159 2127 942 2166; baseline -0.006 -8"><span class='ocrx_word' id='word_1_438' title='bbox 159 2131 271 2163; x_wconf 80' lang='grc' dir='ltr'>τούτου,</span> <span class='ocrx_word' id='word_1_439' title='bbox 287 2129 371 2166; x_wconf 86' lang='grc' dir='ltr'>πλὴν,</span> <span class='ocrx_word' id='word_1_440' title='bbox 386 2130 426 2156; x_wconf 82' lang='grc' dir='ltr'><strong>ὅτι</strong></span> <span class='ocrx_word' id='word_1_441' title='bbox 441 2129 488 2156; x_wconf 83' lang='grc' dir='ltr'>καὶ</span> <span class='ocrx_word' id='word_1_442' title='bbox 503 2130 527 2156; x_wconf 84' lang='lat' dir='ltr'><strong>oi</strong></span> <span class='ocrx_word' id='word_1_443' title='bbox 542 2129 651 2162; x_wconf 82' lang='grc' dir='ltr'>ἄγγελοι</span> <span class='ocrx_word' id='word_1_444' title='bbox 666 2128 850 2162; x_wconf 81' lang='grc' dir='ltr'>τεθνήξονται.</span> <span class='ocrx_word' id='word_1_445' title='bbox 867 2127 942 2154; x_wconf 86' lang='grc' dir='ltr'>Δοκῶ</span> 
     </span>
    </p>
   </div>
   <div class='ocr_carea' id='block_1_61' title="bbox 159 2171 942 2212">
    <p class='ocr_par' dir='ltr' id='par_1_61' title="bbox 159 2171 942 2212">
     <span class='ocr_line' id='line_1_61' title="bbox 159 2171 942 2212; baseline -0.008 -7"><span class='ocrx_word' id='word_1_446' title='bbox 159 2178 187 2205; x_wconf 70' lang='grc' dir='ltr'><strong><em>δέ</em></strong></span> <span class='ocrx_word' id='word_1_447' title='bbox 205 2186 266 2212; x_wconf 83' lang='grc' dir='ltr'>μοι.</span> <span class='ocrx_word' id='word_1_448' title='bbox 282 2177 328 2204; x_wconf 72' lang='grc' dir='ltr'><strong>καὶ</strong></span> <span class='ocrx_word' id='word_1_449' title='bbox 344 2176 449 2211; x_wconf 71' lang='grc' dir='ltr'>μάλιστ’</span> <span class='ocrx_word' id='word_1_450' title='bbox 461 2176 490 2208; x_wconf 70' lang='grc' dir='ltr'>ἐξ</span> <span class='ocrx_word' id='word_1_451' title='bbox 506 2172 543 2202; x_wconf 82' lang='grc' dir='ltr'>ὧν</span> <span class='ocrx_word' id='word_1_452' title='bbox 559 2183 600 2201; x_wconf 87' lang='grc' dir='ltr'><strong>σοι</strong></span> <span class='ocrx_word' id='word_1_453' title='bbox 615 2174 662 2202; x_wconf 85' lang='grc' dir='ltr'>νῦν</span> <span class='ocrx_word' id='word_1_454' title='bbox 677 2173 708 2206; x_wconf 84' lang='grc' dir='ltr'>δὴ</span> <span class='ocrx_word' id='word_1_455' title='bbox 724 2174 845 2208; x_wconf 72' lang='grc' dir='ltr'>εἴρηται,</span> <span class='ocrx_word' id='word_1_456' title='bbox 860 2173 897 2203; x_wconf 76' lang='grc' dir='ltr'><strong>ὡς</strong></span> <span class='ocrx_word' id='word_1_457' title='bbox 912 2171 942 2199; x_wconf 78' lang='grc' dir='ltr'><strong>εὗ</strong></span> 
     </span>
    </p>
   </div>
   <div class='ocr_carea' id='block_1_62' title="bbox 159 2219 943 2260">
    <p class='ocr_par' dir='ltr' id='par_1_62' title="bbox 159 2219 943 2260">
     <span class='ocr_line' id='line_1_62' title="bbox 159 2219 943 2260; baseline -0.009 -8"><span class='ocrx_word' id='word_1_458' title='bbox 159 2224 193 2252; x_wconf 81' lang='grc' dir='ltr'>ἂν</span> <span class='ocrx_word' id='word_1_459' title='bbox 206 2223 262 2260; x_wconf 69' lang='grc' dir='ltr'>ἔχοι</span> <span class='ocrx_word' id='word_1_460' title='bbox 273 2223 363 2257; x_wconf 73' lang='grc' dir='ltr'>λέγειν</span> <span class='ocrx_word' id='word_1_461' title='bbox 373 2242 380 2254; x_wconf 90' lang='grc'><strong>,</strong></span> <span class='ocrx_word' id='word_1_462' title='bbox 404 2223 499 2257; x_wconf 73' lang='grc' dir='ltr'>ὅτιπερ</span> <span class='ocrx_word' id='word_1_463' title='bbox 513 2221 558 2248; x_wconf 71' lang='grc' dir='ltr'><strong>τὸν</strong></span> <span class='ocrx_word' id='word_1_464' title='bbox 573 2220 603 2247; x_wconf 83' lang='grc' dir='ltr'>οὺ</span> <span class='ocrx_word' id='word_1_465' title='bbox 627 2221 730 2256; x_wconf 80' lang='grc' dir='ltr'>κυρίως</span> <span class='ocrx_word' id='word_1_466' title='bbox 744 2219 943 2246; x_wconf 83' lang='grc' dir='ltr'>ἀποθανοῦνται</span> 
     </span>
    </p>
   </div>
   <div class='ocr_carea' id='block_1_63' title="bbox 159 2262 942 2304">
    <p class='ocr_par' dir='ltr' id='par_1_63' title="bbox 159 2262 942 2304">
     <span class='ocr_line' id='line_1_63' title="bbox 159 2262 942 2304; baseline -0.009 -7"><span class='ocrx_word' id='word_1_467' title='bbox 159 2270 275 2297; x_wconf 80' lang='grc' dir='ltr'>θάνατον</span> <span class='ocrx_word' id='word_1_468' title='bbox 290 2269 315 2295; x_wconf 79' lang='grc' dir='ltr'>οἱ</span> <span class='ocrx_word' id='word_1_469' title='bbox 333 2268 372 2304; x_wconf 67' lang='grc'><strong>(2)</strong></span> <span class='ocrx_word' id='word_1_470' title='bbox 390 2268 513 2302; x_wconf 77' lang='grc' dir='ltr'><strong>ἄγγελοι.</strong></span> <span class='ocrx_word' id='word_1_471' title='bbox 533 2267 587 2294; x_wconf 74' lang='grc' dir='ltr'><strong>Καὶ</strong></span> <span class='ocrx_word' id='word_1_472' title='bbox 610 2267 669 2298; x_wconf 85' lang='grc' dir='ltr'>πῶς</span> <span class='ocrx_word' id='word_1_473' title='bbox 691 2274 721 2292; x_wconf 83' lang='grc' dir='ltr'><strong>σε</strong></span> <span class='ocrx_word' id='word_1_474' title='bbox 743 2265 847 2297; x_wconf 74' lang='grc' dir='ltr'>ἄλλως,</span> <span class='ocrx_word' id='word_1_475' title='bbox 867 2262 942 2291; x_wconf 84' lang='grc' dir='ltr'>εἷπον</span> 
     </span>
    </p>
   </div>
   <div class='ocr_carea' id='block_1_64' title="bbox 161 2305 943 2349">
    <p class='ocr_par' dir='ltr' id='par_1_64' title="bbox 161 2305 943 2349">
     <span class='ocr_line' id='line_1_64' title="bbox 161 2305 943 2349; baseline -0.008 -7"><span class='ocrx_word' id='word_1_476' title='bbox 161 2314 227 2349; x_wconf 61' lang='grc' dir='ltr'>ἐγὼ,</span> <span class='ocrx_word' id='word_1_477' title='bbox 252 2314 388 2349; x_wconf 80' lang='grc' dir='ltr'>ἐνδέχεται</span> <span class='ocrx_word' id='word_1_478' title='bbox 413 2313 512 2340; x_wconf 67' lang='grc' dir='ltr'>ἐννοεῖν</span> <span class='ocrx_word' id='word_1_479' title='bbox 532 2321 562 2338; x_wconf 86' lang='grc' dir='ltr'><strong>τε</strong></span> <span class='ocrx_word' id='word_1_480' title='bbox 583 2312 631 2339; x_wconf 79' lang='grc' dir='ltr'><strong>καὶ</strong></span> <span class='ocrx_word' id='word_1_481' title='bbox 651 2305 755 2345; x_wconf 80' lang='grc' dir='ltr'>λέγειν,</span> <span class='ocrx_word' id='word_1_482' title='bbox 778 2311 862 2347; x_wconf 79' lang='grc' dir='ltr'>ἄνδρα</span> <span class='ocrx_word' id='word_1_483' title='bbox 881 2311 943 2337; x_wconf 80' lang='grc' dir='ltr'>νοῦν</span> 
     </span>
    </p>
   </div>
   <div class='ocr_carea' id='block_1_65' title="bbox 160 2358 943 2396">
    <p class='ocr_par' dir='ltr' id='par_1_65' title="bbox 160 2358 943 2396">
     <span class='ocr_line' id='line_1_65' title="bbox 160 2358 943 2396; baseline -0.005 -9"><span class='ocrx_word' id='word_1_484' title='bbox 160 2362 258 2396; x_wconf 75' lang='grc' dir='ltr'>ἔχοντα</span> <span class='ocrx_word' id='word_1_485' title='bbox 272 2360 319 2387; x_wconf 76' lang='grc' dir='ltr'><strong>καὶ</strong></span> <span class='ocrx_word' id='word_1_486' title='bbox 332 2359 414 2392; x_wconf 83' lang='grc' dir='ltr'>σοφόν</span> <span class='ocrx_word' id='word_1_487' title='bbox 425 2367 433 2392; x_wconf 89' lang='grc'><strong>;</strong></span> <span class='ocrx_word' id='word_1_488' title='bbox 444 2358 514 2384; x_wconf 84' lang='grc' dir='ltr'>Ὅσα</span> <span class='ocrx_word' id='word_1_489' title='bbox 531 2359 579 2393; x_wconf 75' lang='grc' dir='ltr'>μὲν</span> <span class='ocrx_word' id='word_1_490' title='bbox 593 2358 647 2392; x_wconf 80' lang='grc' dir='ltr'><strong>γὰρ</strong></span> <span class='ocrx_word' id='word_1_491' title='bbox 660 2358 692 2384; x_wconf 84' lang='grc' dir='ltr'><strong>ὲκ</strong></span> <span class='ocrx_word' id='word_1_492' title='bbox 707 2358 837 2384; x_wconf 79' lang='grc' dir='ltr'>πλειόνων</span> <span class='ocrx_word' id='word_1_493' title='bbox 851 2366 881 2384; x_wconf 70' lang='grc' dir='ltr'><strong>τε</strong></span> <span class='ocrx_word' id='word_1_494' title='bbox 896 2359 943 2383; x_wconf 80' lang='grc' dir='ltr'>καὶ</span> 
     </span>
    </p>
   </div>
   <div class='ocr_carea' id='block_1_66' title="bbox 161 2403 941 2441">
    <p class='ocr_par' dir='ltr' id='par_1_66' title="bbox 161 2403 941 2441">
     <span class='ocr_line' id='line_1_66' title="bbox 161 2403 941 2441; baseline -0.006 -8"><span class='ocrx_word' id='word_1_495' title='bbox 161 2406 296 2441; x_wconf 67' lang='grc' dir='ltr'>διαφόρων</span> <span class='ocrx_word' id='word_1_496' title='bbox 310 2405 359 2440; x_wconf 82' lang='grc' dir='ltr'><strong>τὴν</strong></span> <span class='ocrx_word' id='word_1_497' title='bbox 374 2404 491 2439; x_wconf 78' lang='grc' dir='ltr'>ὕπαρξιν</span> <span class='ocrx_word' id='word_1_498' title='bbox 505 2403 571 2439; x_wconf 67' lang='grc' dir='ltr'>ἔχει,</span> <span class='ocrx_word' id='word_1_499' title='bbox 586 2403 696 2437; x_wconf 79' lang='grc' dir='ltr'>εῡδηλον</span> <span class='ocrx_word' id='word_1_500' title='bbox 710 2403 747 2434; x_wconf 85' lang='grc' dir='ltr'>ὡς</span> <span class='ocrx_word' id='word_1_501' title='bbox 762 2403 941 2433; x_wconf 82' lang='grc' dir='ltr'>συντέθειται,</span> 
     </span>
    </p>
   </div>
   <div class='ocr_carea' id='block_1_67' title="bbox 163 2449 941 2484">
    <p class='ocr_par' dir='ltr' id='par_1_67' title="bbox 163 2449 941 2484">
     <span class='ocr_line' id='line_1_67' title="bbox 163 2449 941 2484; baseline -0.005 -6"><span class='ocrx_word' id='word_1_502' title='bbox 163 2453 210 2479; x_wconf 70' lang='lat' dir='ltr'><strong>xxi.</strong></span> <span class='ocrx_word' id='word_1_503' title='bbox 222 2452 262 2478; x_wconf 87' lang='grc' dir='ltr'>δεῖ</span> <span class='ocrx_word' id='word_1_504' title='bbox 273 2459 339 2478; x_wconf 82' lang='grc' dir='ltr'>ποτε</span> <span class='ocrx_word' id='word_1_505' title='bbox 351 2450 436 2477; x_wconf 81' lang='grc' dir='ltr'>ταῦτα</span> <span class='ocrx_word' id='word_1_506' title='bbox 449 2449 617 2484; x_wconf 82' lang='grc' dir='ltr'>διαλυθῆναι.</span> <span class='ocrx_word' id='word_1_507' title='bbox 631 2449 760 2481; x_wconf 80' lang='grc' dir='ltr'>Σύνθεσις</span> <span class='ocrx_word' id='word_1_508' title='bbox 773 2449 837 2484; x_wconf 77' lang='grc' dir='ltr'>γὰρ,</span> <span class='ocrx_word' id='word_1_509' title='bbox 851 2450 941 2483; x_wconf 70' lang='grc' dir='ltr'>φασὶν,</span> 
     </span>
    </p>
   </div>
   <div class='ocr_carea' id='block_1_68' title="bbox 162 2495 944 2534">
    <p class='ocr_par' dir='ltr' id='par_1_68' title="bbox 162 2495 944 2534">
     <span class='ocr_line' id='line_1_68' title="bbox 162 2495 944 2534; baseline -0.004 -9"><span class='ocrx_word' id='word_1_510' title='bbox 162 2499 235 2534; x_wconf 82' lang='grc' dir='ltr'>ἀρχὴ</span> <span class='ocrx_word' id='word_1_511' title='bbox 252 2497 430 2528; x_wconf 79' lang='grc' dir='ltr'>διαστάσεως.</span> <span class='ocrx_word' id='word_1_512' title='bbox 448 2496 478 2522; x_wconf 79' lang='grc' dir='ltr'><strong>Εἰ</strong></span> <span class='ocrx_word' id='word_1_513' title='bbox 496 2495 526 2522; x_wconf 79' lang='grc' dir='ltr'>δὲ</span> <span class='ocrx_word' id='word_1_514' title='bbox 541 2496 574 2530; x_wconf 76' lang='grc' dir='ltr'>δὴ</span> <span class='ocrx_word' id='word_1_515' title='bbox 592 2496 639 2534; x_wconf 80' lang='grc' dir='ltr'><strong>καὶ</strong></span> <span class='ocrx_word' id='word_1_516' title='bbox 649 2495 686 2528; x_wconf 75' lang='grc' dir='ltr'><strong>,ἐξ</strong></span> <span class='ocrx_word' id='word_1_517' title='bbox 704 2495 831 2522; x_wconf 72' lang='grc' dir='ltr'>ἐναντίων</span> <span class='ocrx_word' id='word_1_518' title='bbox 850 2495 944 2522; x_wconf 78' lang='grc' dir='ltr'>συντέ-</span> 
     </span>
    </p>
   </div>
   <div class='ocr_carea' id='block_1_69' title="bbox 162 2533 945 2577">
    <p class='ocr_par' dir='ltr' id='par_1_69' title="bbox 162 2533 945 2577">
     <span class='ocr_line' id='line_1_69' title="bbox 162 2533 945 2577; baseline -0.006 -6"><span class='ocrx_word' id='word_1_519' title='bbox 162 2544 248 2571; x_wconf 76' lang='grc' dir='ltr'>θειται</span> <span class='ocrx_word' id='word_1_520' title='bbox 266 2543 313 2570; x_wconf 80' lang='grc' dir='ltr'><strong>καὶ</strong></span> <span class='ocrx_word' id='word_1_521' title='bbox 331 2541 411 2577; x_wconf 78' lang='grc' dir='ltr'>φύσει</span> <span class='ocrx_word' id='word_1_522' title='bbox 427 2541 582 2576; x_wconf 88' lang='grc' dir='ltr'>πολεμίων,</span> <span class='ocrx_word' id='word_1_523' title='bbox 598 2533 643 2567; x_wconf 64' lang='grc' dir='ltr'>οῗᾶ</span> <span class='ocrx_word' id='word_1_524' title='bbox 658 2541 689 2575; x_wconf 86' lang='grc' dir='ltr'><strong>δὴ</strong></span> <span class='ocrx_word' id='word_1_525' title='bbox 707 2541 740 2567; x_wconf 80' lang='grc' dir='ltr'><strong>τὰ</strong></span> <span class='ocrx_word' id='word_1_526' title='bbox 757 2540 853 2576; x_wconf 85' lang='grc' dir='ltr'>πρῶτα</span> <span class='ocrx_word' id='word_1_527' title='bbox 871 2549 945 2567; x_wconf 80' lang='grc' dir='ltr'>στοι-</span> 
     </span>
    </p>
   </div>
   <div class='ocr_carea' id='block_1_70' title="bbox 162 2583 946 2624">
    <p class='ocr_par' dir='ltr' id='par_1_70' title="bbox 162 2583 946 2624">
     <span class='ocr_line' id='line_1_70' title="bbox 162 2583 946 2624; baseline -0.005 -9"><span class='ocrx_word' id='word_1_528' title='bbox 162 2590 223 2624; x_wconf 76' lang='grc' dir='ltr'>χεῐα</span> <span class='ocrx_word' id='word_1_529' title='bbox 245 2587 294 2622; x_wconf 74' lang='grc' dir='ltr'><strong>(ἐξ</strong></span> <span class='ocrx_word' id='word_1_530' title='bbox 309 2583 346 2614; x_wconf 84' lang='grc' dir='ltr'><strong>ὧν</strong></span> <span class='ocrx_word' id='word_1_531' title='bbox 363 2587 398 2613; x_wconf 70' lang='grc' dir='ltr'><strong>τὰ</strong></span> <span class='ocrx_word' id='word_1_532' title='bbox 415 2586 520 2621; x_wconf 78' lang='grc' dir='ltr'>σώμαθ’</span> <span class='ocrx_word' id='word_1_533' title='bbox 534 2586 599 2620; x_wconf 77' lang='grc' dir='ltr'>ὑμῖν</span> <span class='ocrx_word' id='word_1_534' title='bbox 610 2606 618 2616; x_wconf 83' lang='lat'><strong>,</strong></span> <span class='ocrx_word' id='word_1_535' title='bbox 636 2585 702 2612; x_wconf 85' lang='grc' dir='ltr'>Θεοῦ</span> <span class='ocrx_word' id='word_1_536' title='bbox 720 2586 833 2619; x_wconf 80' lang='grc' dir='ltr'>δυνάμει</span> <span class='ocrx_word' id='word_1_537' title='bbox 849 2594 878 2612; x_wconf 70' lang='grc' dir='ltr'><strong>τε</strong></span> <span class='ocrx_word' id='word_1_538' title='bbox 899 2586 946 2612; x_wconf 81' lang='grc' dir='ltr'><strong>καὶ</strong></span> 
     </span>
    </p>
   </div>
   <div class='ocr_carea' id='block_1_71' title="bbox 164 2628 946 2667">
    <p class='ocr_par' dir='ltr' id='par_1_71' title="bbox 164 2628 946 2667">
     <span class='ocr_line' id='line_1_71' title="bbox 164 2628 946 2667; baseline -0.004 -7"><span class='ocrx_word' id='word_1_539' title='bbox 164 2633 320 2666; x_wconf 78' lang='grc' dir='ltr'>κελεύσει),</span> <span class='ocrx_word' id='word_1_540' title='bbox 338 2632 427 2667; x_wconf 78' lang='grc' dir='ltr'>θαῦμα</span> <span class='ocrx_word' id='word_1_541' title='bbox 438 2651 445 2664; x_wconf 89' lang='grc'><strong>,</strong></span> <span class='ocrx_word' id='word_1_542' title='bbox 461 2633 503 2658; x_wconf 83' lang='grc' dir='ltr'><strong>ὅτι</strong></span> <span class='ocrx_word' id='word_1_543' title='bbox 518 2631 565 2658; x_wconf 65' lang='grc' dir='ltr'><strong>κα)⁸</strong></span> <span class='ocrx_word' id='word_1_544' title='bbox 582 2631 695 2666; x_wconf 68' lang='grc' dir='ltr'>συνῆλθε</span> <span class='ocrx_word' id='word_1_545' title='bbox 710 2628 762 2665; x_wconf 53' lang='grc' dir='ltr'>τὴν</span> <span class='ocrx_word' id='word_1_546' title='bbox 773 2631 860 2666; x_wconf 81' lang='grc' dir='ltr'>ἀρχὴν</span> <span class='ocrx_word' id='word_1_547' title='bbox 875 2631 946 2657; x_wconf 74' lang='grc' dir='ltr'>κατὰ</span> 
     </span>
    </p>
   </div>
   <div class='ocr_carea' id='block_1_72' title="bbox 163 2675 945 2710">
    <p class='ocr_par' dir='ltr' id='par_1_72' title="bbox 163 2675 945 2710">
     <span class='ocr_line' id='line_1_72' title="bbox 163 2675 945 2710; baseline -0.004 -6"><span class='ocrx_word' id='word_1_548' title='bbox 163 2678 274 2709; x_wconf 76' lang='grc' dir='ltr'>ταυτὸν,</span> <span class='ocrx_word' id='word_1_549' title='bbox 292 2677 339 2704; x_wconf 79' lang='grc' dir='ltr'>καὶ</span> <span class='ocrx_word' id='word_1_550' title='bbox 354 2676 479 2703; x_wconf 76' lang='grc' dir='ltr'>ὁπωσοῦν</span> <span class='ocrx_word' id='word_1_551' title='bbox 495 2676 627 2709; x_wconf 77' lang='grc' dir='ltr'>συνέστη,</span> <span class='ocrx_word' id='word_1_552' title='bbox 645 2677 691 2702; x_wconf 78' lang='grc' dir='ltr'><strong>καὶ</strong></span> <span class='ocrx_word' id='word_1_553' title='bbox 709 2676 829 2710; x_wconf 82' lang='grc' dir='ltr'>διαρκεῖ,</span> <span class='ocrx_word' id='word_1_554' title='bbox 845 2676 878 2701; x_wconf 82' lang='grc' dir='ltr'><strong>τὰ</strong></span> <span class='ocrx_word' id='word_1_555' title='bbox 897 2675 945 2710; x_wconf 80' lang='grc' dir='ltr'>μὲν</span> 
     </span>
    </p>
   </div>
   <div class='ocr_carea' id='block_1_73' title="bbox 163 2720 945 2755">
    <p class='ocr_par' dir='ltr' id='par_1_73' title="bbox 163 2720 945 2755">
     <span class='ocr_line' id='line_1_73' title="bbox 163 2720 945 2755; baseline -0.004 -7"><span class='ocrx_word' id='word_1_556' title='bbox 163 2723 210 2748; x_wconf 69' lang='grc' dir='ltr'><strong>ὲπὶ</strong></span> <span class='ocrx_word' id='word_1_557' title='bbox 232 2723 333 2752; x_wconf 74' lang='grc' dir='ltr'>πλεῖον.</span> <span class='ocrx_word' id='word_1_558' title='bbox 354 2723 387 2749; x_wconf 82' lang='grc' dir='ltr'>τὰ</span> <span class='ocrx_word' id='word_1_559' title='bbox 408 2721 436 2748; x_wconf 79' lang='grc' dir='ltr'>δὲ</span> <span class='ocrx_word' id='word_1_560' title='bbox 458 2722 500 2747; x_wconf 77' lang='grc' dir='ltr'><strong>ἐπ’</strong></span> <span class='ocrx_word' id='word_1_561' title='bbox 513 2722 622 2747; x_wconf 73' lang='grc' dir='ltr'>ἔλαττον</span> <span class='ocrx_word' id='word_1_562' title='bbox 635 2729 642 2737; x_wconf 90' lang='grc'><strong>·</strong></span> <span class='ocrx_word' id='word_1_563' title='bbox 663 2720 676 2746; x_wconf 83' lang='grc' dir='ltr'><strong>ὃ</strong></span> <span class='ocrx_word' id='word_1_564' title='bbox 698 2720 726 2746; x_wconf 79' lang='grc' dir='ltr'>δὲ</span> <span class='ocrx_word' id='word_1_565' title='bbox 747 2721 793 2747; x_wconf 74' lang='grc' dir='ltr'>καὶ</span> <span class='ocrx_word' id='word_1_566' title='bbox 815 2720 945 2755; x_wconf 73' lang='grc' dir='ltr'>ἔκπληξιν</span> 
     </span>
    </p>
   </div>
   <div class='ocr_carea' id='block_1_74' title="bbox 164 2765 942 2802">
    <p class='ocr_par' dir='ltr' id='par_1_74' title="bbox 164 2765 942 2802">
     <span class='ocr_line' id='line_1_74' title="bbox 164 2765 942 2802; baseline -0.003 -8"><span class='ocrx_word' id='word_1_567' title='bbox 164 2769 289 2802; x_wconf 69' lang='grc' dir='ltr'>ἐμποιεῖν</span> <span class='ocrx_word' id='word_1_568' title='bbox 306 2765 362 2794; x_wconf 72' lang='grc' dir='ltr'>οἷόν</span> <span class='ocrx_word' id='word_1_569' title='bbox 379 2776 408 2793; x_wconf 81' lang='grc' dir='ltr'><strong>τε</strong></span> <span class='ocrx_word' id='word_1_570' title='bbox 427 2767 472 2793; x_wconf 79' lang='grc' dir='ltr'>νοῦ</span> <span class='ocrx_word' id='word_1_571' title='bbox 491 2767 663 2802; x_wconf 81' lang='grc' dir='ltr'>μετέχουσιν,</span> <span class='ocrx_word' id='word_1_572' title='bbox 681 2766 768 2793; x_wconf 72' lang='grc' dir='ltr'>ἐκεῖνο</span> <span class='ocrx_word' id='word_1_573' title='bbox 785 2766 893 2798; x_wconf 66' lang='grc' dir='ltr'>πάντως</span> <span class='ocrx_word' id='word_1_574' title='bbox 911 2766 942 2792; x_wconf 77' lang='grc' dir='ltr'>ἂν</span> 
     </span>
    </p>
   </div>
   <div class='ocr_carea' id='block_1_75' title="bbox 203 2881 576 2919">
    <p class='ocr_par' dir='ltr' id='par_1_75' title="bbox 203 2881 576 2919">
     <span class='ocr_line' id='line_1_75' title="bbox 203 2881 576 2919; baseline 0.011 -13"><span class='ocrx_word' id='word_1_575' title='bbox 203 2881 239 2915; x_wconf 85' lang='lat' dir='ltr'><strong>(l)</strong></span> <span class='ocrx_word' id='word_1_576' title='bbox 252 2881 319 2911; x_wconf 70' lang='lat' dir='ltr'><strong>Cod.</strong></span> <span class='ocrx_word' id='word_1_577' title='bbox 335 2890 390 2916; x_wconf 76' lang='lat' dir='ltr'><strong>rt-g.</strong></span> <span class='ocrx_word' id='word_1_578' title='bbox 409 2882 576 2919; x_wconf 66' lang='grc' dir='ltr'>περιουσίας.</span> 
     </span>
    </p>
   </div>
   <div class='ocr_carea' id='block_1_76' title="bbox 986 967 1778 1005">
    <p class='ocr_par' dir='ltr' id='par_1_76' title="bbox 986 967 1778 1005">
     <span class='ocr_line' id='line_1_76' title="bbox 986 967 1778 1005; baseline -0.004 -9"><span class='ocrx_word' id='word_1_579' title='bbox 986 969 1070 996; x_wconf 84' lang='lat' dir='ltr'><strong>animi</strong></span> <span class='ocrx_word' id='word_1_580' title='bbox 1093 977 1107 996; x_wconf 91' lang='lat' dir='ltr'><strong>a</strong></span> <span class='ocrx_word' id='word_1_581' title='bbox 1123 977 1237 1005; x_wconf 86' lang='lat' dir='ltr'><strong>corpore</strong></span> <span class='ocrx_word' id='word_1_582' title='bbox 1252 978 1259 996; x_wconf 92' lang='lat'><strong>:</strong></span> <span class='ocrx_word' id='word_1_583' title='bbox 1275 977 1323 1005; x_wconf 80' lang='lat' dir='ltr'><strong>per</strong></span> <span class='ocrx_word' id='word_1_584' title='bbox 1346 970 1506 997; x_wconf 84' lang='lat' dir='ltr'><strong>abusionem</strong></span> <span class='ocrx_word' id='word_1_585' title='bbox 1530 976 1606 1000; x_wconf 85' lang='lat' dir='ltr'><strong>vero,</strong></span> <span class='ocrx_word' id='word_1_586' title='bbox 1624 967 1778 1001; x_wconf 82' lang='lat' dir='ltr'><strong>inquiebas,</strong></span> 
     </span>
    </p>
   </div>
   <div class='ocr_carea' id='block_1_77' title="bbox 986 1015 1777 1051">
    <p class='ocr_par' dir='ltr' id='par_1_77' title="bbox 986 1015 1777 1051">
     <span class='ocr_line' id='line_1_77' title="bbox 986 1015 1777 1051; baseline -0.004 -9"><span class='ocrx_word' id='word_1_587' title='bbox 986 1016 1039 1042; x_wconf 88' lang='lat' dir='ltr'><strong>alia</strong></span> <span class='ocrx_word' id='word_1_588' title='bbox 1049 1016 1131 1043; x_wconf 86' lang='lat' dir='ltr'><strong>etiam</strong></span> <span class='ocrx_word' id='word_1_589' title='bbox 1144 1017 1214 1044; x_wconf 89' lang='lat' dir='ltr'><strong>mori</strong></span> <span class='ocrx_word' id='word_1_590' title='bbox 1226 1016 1366 1049; x_wconf 89' lang='lat' dir='ltr'><strong>dicuntur,</strong></span> <span class='ocrx_word' id='word_1_591' title='bbox 1378 1023 1496 1051; x_wconf 84' lang='lat' dir='ltr'><strong>quorum</strong></span> <span class='ocrx_word' id='word_1_592' title='bbox 1508 1015 1630 1050; x_wconf 72' lang='lat' dir='ltr'><strong>quaedam</strong></span> <span class='ocrx_word' id='word_1_593' title='bbox 1642 1021 1694 1040; x_wconf 85' lang='lat' dir='ltr'><strong>non</strong></span> <span class='ocrx_word' id='word_1_594' title='bbox 1712 1018 1777 1040; x_wconf 84' lang='lat' dir='ltr'><strong>sunt</strong></span> 
     </span>
    </p>
   </div>
   <div class='ocr_carea' id='block_1_78' title="bbox 987 1058 1774 1097">
    <p class='ocr_par' dir='ltr' id='par_1_78' title="bbox 987 1058 1774 1097">
     <span class='ocr_line' id='line_1_78' title="bbox 987 1058 1774 1097; baseline -0.005 -9"><span class='ocrx_word' id='word_1_595' title='bbox 987 1062 1116 1096; x_wconf 85' lang='lat' dir='ltr'><strong>amplius,</strong></span> <span class='ocrx_word' id='word_1_596' title='bbox 1133 1069 1233 1097; x_wconf 81' lang='lat' dir='ltr'><strong>neque,</strong></span> <span class='ocrx_word' id='word_1_597' title='bbox 1250 1067 1395 1097; x_wconf 80' lang='lat' dir='ltr'><strong>postquam</strong></span> <span class='ocrx_word' id='word_1_598' title='bbox 1418 1065 1546 1096; x_wconf 83' lang='lat' dir='ltr'><strong>corrupta</strong></span> <span class='ocrx_word' id='word_1_599' title='bbox 1574 1064 1648 1092; x_wconf 89' lang='lat' dir='ltr'><strong>sunt,</strong></span> <span class='ocrx_word' id='word_1_600' title='bbox 1675 1058 1774 1086; x_wconf 81' lang='lat' dir='ltr'><strong>revivi—</strong></span> 
     </span>
    </p>
   </div>
   <div class='ocr_carea' id='block_1_79' title="bbox 987 1105 1784 1144">
    <p class='ocr_par' dir='ltr' id='par_1_79' title="bbox 987 1105 1784 1144">
     <span class='ocr_line' id='line_1_79' title="bbox 987 1105 1784 1144; baseline -0.006 -9"><span class='ocrx_word' id='word_1_601' title='bbox 987 1112 1063 1135; x_wconf 74' lang='lat' dir='ltr'><strong>scent</strong></span> <span class='ocrx_word' id='word_1_602' title='bbox 1082 1118 1088 1135; x_wconf 90' lang='lat'><strong>:</strong></span> <span class='ocrx_word' id='word_1_603' title='bbox 1110 1108 1233 1144; x_wconf 80' lang='lat' dir='ltr'><strong>quaedam</strong></span> <span class='ocrx_word' id='word_1_604' title='bbox 1252 1113 1345 1135; x_wconf 85' lang='lat' dir='ltr'><strong>contra</strong></span> <span class='ocrx_word' id='word_1_605' title='bbox 1360 1109 1512 1140; x_wconf 86' lang='lat' dir='ltr'><strong>immutata,</strong></span> <span class='ocrx_word' id='word_1_606' title='bbox 1527 1107 1722 1139; x_wconf 74' lang='lat' dir='ltr'><strong>melioremque</strong></span> <span class='ocrx_word' id='word_1_607' title='bbox 1735 1105 1784 1131; x_wconf 20' lang='lat' dir='ltr'><strong>sice</strong></span> 
     </span>
    </p>
   </div>
   <div class='ocr_carea' id='block_1_80' title="bbox 987 1152 1777 1188">
    <p class='ocr_par' dir='ltr' id='par_1_80' title="bbox 987 1152 1777 1188">
     <span class='ocr_line' id='line_1_80' title="bbox 987 1152 1777 1188; baseline -0.006 -7"><span class='ocrx_word' id='word_1_608' title='bbox 987 1155 1085 1188; x_wconf 85' lang='lat' dir='ltr'><strong>adepta</strong></span> <span class='ocrx_word' id='word_1_609' title='bbox 1103 1154 1342 1186; x_wconf 83' lang='lat' dir='ltr'><strong>constitutionem,</strong></span> <span class='ocrx_word' id='word_1_610' title='bbox 1369 1153 1448 1180; x_wconf 89' lang='lat' dir='ltr'><strong>morti</strong></span> <span class='ocrx_word' id='word_1_611' title='bbox 1473 1152 1699 1186; x_wconf 82' lang='lat' dir='ltr'><strong>corruptionique</strong></span> <span class='ocrx_word' id='word_1_612' title='bbox 1723 1157 1777 1177; x_wconf 92' lang='lat' dir='ltr'><strong>non</strong></span> 
     </span>
    </p>
   </div>
   <div class='ocr_carea' id='block_1_81' title="bbox 987 1195 1778 1235">
    <p class='ocr_par' dir='ltr' id='par_1_81' title="bbox 987 1195 1778 1235">
     <span class='ocr_line' id='line_1_81' title="bbox 987 1195 1778 1235; baseline -0.008 -8"><span class='ocrx_word' id='word_1_613' title='bbox 987 1200 1104 1235; x_wconf 82' lang='lat' dir='ltr'><strong>amplius</strong></span> <span class='ocrx_word' id='word_1_614' title='bbox 1127 1204 1209 1227; x_wconf 86' lang='lat' dir='ltr'><strong>erunt</strong></span> <span class='ocrx_word' id='word_1_615' title='bbox 1227 1199 1362 1233; x_wconf 83' lang='lat' dir='ltr'><strong>subjecta.</strong></span> <span class='ocrx_word' id='word_1_616' title='bbox 1392 1199 1449 1226; x_wconf 84' lang='lat' dir='ltr'><strong>Hoc</strong></span> <span class='ocrx_word' id='word_1_617' title='bbox 1472 1205 1554 1233; x_wconf 87' lang='lat' dir='ltr'><strong>porro</strong></span> <span class='ocrx_word' id='word_1_618' title='bbox 1578 1195 1778 1224; x_wconf 87' lang='lat' dir='ltr'><strong>immutatiouis</strong></span> 
     </span>
    </p>
   </div>
   <div class='ocr_carea' id='block_1_82' title="bbox 987 1242 1789 1282">
    <p class='ocr_par' dir='ltr' id='par_1_82' title="bbox 987 1242 1789 1282">
     <span class='ocr_line' id='line_1_82' title="bbox 987 1242 1789 1282; baseline -0.009 -8"><span class='ocrx_word' id='word_1_619' title='bbox 987 1254 1072 1282; x_wconf 75' lang='lat' dir='ltr'><strong>genus</strong></span> <span class='ocrx_word' id='word_1_620' title='bbox 1083 1251 1196 1274; x_wconf 86' lang='lat' dir='ltr'><strong>mortem</strong></span> <span class='ocrx_word' id='word_1_621' title='bbox 1208 1245 1343 1281; x_wconf 84' lang='lat' dir='ltr'><strong>appellare</strong></span> <span class='ocrx_word' id='word_1_622' title='bbox 1357 1245 1404 1272; x_wconf 90' lang='lat' dir='ltr'><strong>tibi</strong></span> <span class='ocrx_word' id='word_1_623' title='bbox 1414 1245 1501 1279; x_wconf 83' lang='lat' dir='ltr'><strong>placet</strong></span> <span class='ocrx_word' id='word_1_624' title='bbox 1510 1249 1535 1271; x_wconf 89' lang='lat' dir='ltr'><strong>et</strong></span> <span class='ocrx_word' id='word_1_625' title='bbox 1543 1242 1789 1274; x_wconf 47' lang='lat' dir='ltr'><strong>resurrectionem,</strong></span> 
     </span>
    </p>
   </div>
   <div class='ocr_carea' id='block_1_83' title="bbox 987 1289 1778 1328">
    <p class='ocr_par' dir='ltr' id='par_1_83' title="bbox 987 1289 1778 1328">
     <span class='ocr_line' id='line_1_83' title="bbox 987 1289 1778 1328; baseline -0.008 -8"><span class='ocrx_word' id='word_1_626' title='bbox 987 1293 1065 1328; x_wconf 82' lang='lat' dir='ltr'><strong>cujus</strong></span> <span class='ocrx_word' id='word_1_627' title='bbox 1083 1293 1187 1320; x_wconf 82' lang='lat' dir='ltr'><strong>animas</strong></span> <span class='ocrx_word' id='word_1_628' title='bbox 1201 1300 1311 1327; x_wconf 88' lang='lat' dir='ltr'><strong>quoque</strong></span> <span class='ocrx_word' id='word_1_629' title='bbox 1327 1291 1383 1319; x_wconf 81' lang='lat' dir='ltr'><strong>fore</strong></span> <span class='ocrx_word' id='word_1_630' title='bbox 1404 1290 1552 1326; x_wconf 86' lang='lat' dir='ltr'><strong>aliquando</strong></span> <span class='ocrx_word' id='word_1_631' title='bbox 1568 1289 1714 1325; x_wconf 84' lang='lat' dir='ltr'><strong>participes</strong></span> <span class='ocrx_word' id='word_1_632' title='bbox 1730 1297 1778 1314; x_wconf 84' lang='lat' dir='ltr'><strong>ne-</strong></span> 
     </span>
    </p>
   </div>
   <div class='ocr_carea' id='block_1_84' title="bbox 987 1335 1791 1373">
    <p class='ocr_par' dir='ltr' id='par_1_84' title="bbox 987 1335 1791 1373">
     <span class='ocr_line' id='line_1_84' title="bbox 987 1335 1791 1373; baseline -0.009 -6"><span class='ocrx_word' id='word_1_633' title='bbox 987 1340 1136 1368; x_wconf 86' lang='lat' dir='ltr'><strong>ccssarium</strong></span> <span class='ocrx_word' id='word_1_634' title='bbox 1160 1339 1207 1366; x_wconf 86' lang='lat' dir='ltr'><strong>tibi</strong></span> <span class='ocrx_word' id='word_1_635' title='bbox 1225 1339 1333 1366; x_wconf 87' lang='lat' dir='ltr'><strong>videtur</strong></span> <span class='ocrx_word' id='word_1_636' title='bbox 1349 1346 1356 1365; x_wconf 89' lang='lat'><strong>:</strong></span> <span class='ocrx_word' id='word_1_637' title='bbox 1374 1344 1404 1366; x_wconf 93' lang='lat' dir='ltr'><strong>ut</strong></span> <span class='ocrx_word' id='word_1_638' title='bbox 1423 1338 1552 1373; x_wconf 74' lang='lat' dir='ltr'><strong>qudniam</strong></span> <span class='ocrx_word' id='word_1_639' title='bbox 1568 1341 1658 1364; x_wconf 90' lang='lat' dir='ltr'><strong>ortum</strong></span> <span class='ocrx_word' id='word_1_640' title='bbox 1676 1335 1791 1361; x_wconf 78' lang='lat' dir='ltr'><strong>imbue--</strong></span> 
     </span>
    </p>
   </div>
   <div class='ocr_carea' id='block_1_85' title="bbox 987 1383 1777 1420">
    <p class='ocr_par' dir='ltr' id='par_1_85' title="bbox 987 1383 1777 1420">
     <span class='ocr_line' id='line_1_85' title="bbox 987 1383 1777 1420; baseline -0.008 -7"><span class='ocrx_word' id='word_1_641' title='bbox 987 1391 1051 1413; x_wconf 90' lang='lat' dir='ltr'><strong>runt</strong></span> <span class='ocrx_word' id='word_1_642' title='bbox 1066 1386 1174 1416; x_wconf 72' lang='lat' dir='ltr'><strong>animat.</strong></span> <span class='ocrx_word' id='word_1_643' title='bbox 1191 1386 1304 1420; x_wconf 88' lang='lat' dir='ltr'><strong>ideoque</strong></span> <span class='ocrx_word' id='word_1_644' title='bbox 1313 1385 1391 1412; x_wconf 88' lang='lat' dir='ltr'><strong>ﬁnem</strong></span> <span class='ocrx_word' id='word_1_645' title='bbox 1409 1391 1518 1420; x_wconf 82' lang='lat' dir='ltr'><strong>quoque</strong></span> <span class='ocrx_word' id='word_1_646' title='bbox 1534 1383 1635 1411; x_wconf 86' lang='lat' dir='ltr'><strong>habere</strong></span> <span class='ocrx_word' id='word_1_647' title='bbox 1651 1385 1777 1416; x_wconf 84' lang='lat' dir='ltr'><strong>possunt.</strong></span> 
     </span>
    </p>
   </div>
   <div class='ocr_carea' id='block_1_86' title="bbox 989 1426 1790 1460">
    <p class='ocr_par' dir='ltr' id='par_1_86' title="bbox 989 1426 1790 1460">
     <span class='ocr_line' id='line_1_86' title="bbox 989 1426 1790 1460; baseline -0.007 -1"><span class='ocrx_word' id='word_1_648' title='bbox 989 1432 1165 1458; x_wconf 85' lang='lat' dir='ltr'><strong>renovatione</strong></span> <span class='ocrx_word' id='word_1_649' title='bbox 1180 1431 1224 1458; x_wconf 91' lang='lat' dir='ltr'><strong>illa</strong></span> <span class='ocrx_word' id='word_1_650' title='bbox 1238 1432 1347 1458; x_wconf 91' lang='lat' dir='ltr'><strong>demum</strong></span> <span class='ocrx_word' id='word_1_651' title='bbox 1364 1429 1533 1456; x_wconf 81' lang='lat' dir='ltr'><strong>immortales</strong></span> <span class='ocrx_word' id='word_1_652' title='bbox 1552 1428 1628 1460; x_wconf 88' lang='lat' dir='ltr'><strong>ﬁant,</strong></span> <span class='ocrx_word' id='word_1_653' title='bbox 1643 1428 1737 1460; x_wconf 83' lang='lat' dir='ltr'><strong>sicque</strong></span> <span class='ocrx_word' id='word_1_654' title='bbox 1751 1426 1790 1452; x_wconf 83' lang='lat' dir='ltr'><strong>in.</strong></span> 
     </span>
    </p>
   </div>
   <div class='ocr_carea' id='block_1_87' title="bbox 987 1472 1780 1511">
    <p class='ocr_par' dir='ltr' id='par_1_87' title="bbox 987 1472 1780 1511">
     <span class='ocr_line' id='line_1_87' title="bbox 987 1472 1780 1511; baseline -0.009 -6"><span class='ocrx_word' id='word_1_655' title='bbox 987 1477 1103 1505; x_wconf 88' lang='lat' dir='ltr'><strong>alterum</strong></span> <span class='ocrx_word' id='word_1_656' title='bbox 1120 1477 1264 1511; x_wconf 84' lang='lat' dir='ltr'><strong>quemdam</strong></span> <span class='ocrx_word' id='word_1_657' title='bbox 1281 1480 1382 1504; x_wconf 83' lang='lat' dir='ltr'><strong>statum</strong></span> <span class='ocrx_word' id='word_1_658' title='bbox 1407 1475 1576 1510; x_wconf 81' lang='lat' dir='ltr'><strong>perveniant,</strong></span> <span class='ocrx_word' id='word_1_659' title='bbox 1595 1473 1685 1508; x_wconf 87' lang='lat' dir='ltr'><strong>priore</strong></span> <span class='ocrx_word' id='word_1_660' title='bbox 1700 1472 1780 1507; x_wconf 77' lang='lat' dir='ltr'><strong>longe</strong></span> 
     </span>
    </p>
   </div>
   <div class='ocr_carea' id='block_1_88' title="bbox 988 1519 1780 1553">
    <p class='ocr_par' dir='ltr' id='par_1_88' title="bbox 988 1519 1780 1553">
     <span class='ocr_line' id='line_1_88' title="bbox 988 1519 1780 1553; baseline -0.008 -3"><span class='ocrx_word' id='word_1_661' title='bbox 988 1523 1141 1551; x_wconf 86' lang='lat' dir='ltr'><strong>meliorem.</strong></span> <span class='ocrx_word' id='word_1_662' title='bbox 1168 1522 1230 1550; x_wconf 65' lang='lat' dir='ltr'><strong>Haec</strong></span> <span class='ocrx_word' id='word_1_663' title='bbox 1251 1527 1342 1550; x_wconf 88' lang='lat' dir='ltr'><strong>autem</strong></span> <span class='ocrx_word' id='word_1_664' title='bbox 1368 1522 1472 1553; x_wconf 80' lang='lat' dir='ltr'><strong>dixisti,</strong></span> <span class='ocrx_word' id='word_1_665' title='bbox 1500 1519 1640 1548; x_wconf 78' lang='lat' dir='ltr'><strong>verisimili</strong></span> <span class='ocrx_word' id='word_1_666' title='bbox 1666 1524 1780 1553; x_wconf 88' lang='lat' dir='ltr'><strong>prorsus</strong></span> 
     </span>
    </p>
   </div>
   <div class='ocr_carea' id='block_1_89' title="bbox 990 1565 1780 1604">
    <p class='ocr_par' dir='ltr' id='par_1_89' title="bbox 990 1565 1780 1604">
     <span class='ocr_line' id='line_1_89' title="bbox 990 1565 1780 1604; baseline -0.006 -8"><span class='ocrx_word' id='word_1_667' title='bbox 990 1573 1152 1604; x_wconf 80' lang='lat' dir='ltr'><strong>argumento</strong></span> <span class='ocrx_word' id='word_1_668' title='bbox 1178 1574 1281 1596; x_wconf 88' lang='lat' dir='ltr'><strong>utens:</strong></span> <span class='ocrx_word' id='word_1_669' title='bbox 1310 1576 1372 1596; x_wconf 87' lang='lat' dir='ltr'><strong>cum</strong></span> <span class='ocrx_word' id='word_1_670' title='bbox 1396 1567 1496 1602; x_wconf 84' lang='lat' dir='ltr'><strong>quibus</strong></span> <span class='ocrx_word' id='word_1_671' title='bbox 1520 1567 1593 1594; x_wconf 88' lang='lat' dir='ltr'><strong>enim</strong></span> <span class='ocrx_word' id='word_1_672' title='bbox 1619 1565 1780 1600; x_wconf 84' lang='lat' dir='ltr'><strong>corporibus</strong></span> 
     </span>
    </p>
   </div>
   <div class='ocr_carea' id='block_1_90' title="bbox 990 1611 1779 1648">
    <p class='ocr_par' dir='ltr' id='par_1_90' title="bbox 990 1611 1779 1648">
     <span class='ocr_line' id='line_1_90' title="bbox 990 1611 1779 1648; baseline -0.006 -7"><span class='ocrx_word' id='word_1_673' title='bbox 990 1615 1071 1646; x_wconf 88' lang='lat' dir='ltr'><strong>bona,</strong></span> <span class='ocrx_word' id='word_1_674' title='bbox 1090 1615 1161 1642; x_wconf 83' lang='lat' dir='ltr'><strong>mala</strong></span> <span class='ocrx_word' id='word_1_675' title='bbox 1191 1619 1341 1648; x_wconf 68' lang='lat' dir='ltr'><strong>metet-aque</strong></span> <span class='ocrx_word' id='word_1_676' title='bbox 1359 1614 1471 1640; x_wconf 87' lang='lat' dir='ltr'><strong>omnino</strong></span> <span class='ocrx_word' id='word_1_677' title='bbox 1504 1612 1594 1640; x_wconf 78' lang='lat' dir='ltr'><strong>omnia</strong></span> <span class='ocrx_word' id='word_1_678' title='bbox 1621 1611 1779 1639; x_wconf 83' lang='lat' dir='ltr'><strong>communia</strong></span> 
     </span>
    </p>
   </div>
   <div class='ocr_carea' id='block_1_91' title="bbox 992 1657 1791 1692">
    <p class='ocr_par' dir='ltr' id='par_1_91' title="bbox 992 1657 1791 1692">
     <span class='ocr_line' id='line_1_91' title="bbox 992 1657 1791 1692; baseline -0.009 -3"><span class='ocrx_word' id='word_1_679' title='bbox 992 1662 1145 1689; x_wconf 85' lang='lat' dir='ltr'><strong>habuerunt</strong></span> <span class='ocrx_word' id='word_1_680' title='bbox 1165 1661 1273 1692; x_wconf 57' lang='lat' dir='ltr'><strong>animm,</strong></span> <span class='ocrx_word' id='word_1_681' title='bbox 1293 1668 1354 1687; x_wconf 86' lang='lat' dir='ltr'><strong>cum</strong></span> <span class='ocrx_word' id='word_1_682' title='bbox 1378 1659 1472 1686; x_wconf 85' lang='lat' dir='ltr'><strong>iisdem</strong></span> <span class='ocrx_word' id='word_1_683' title='bbox 1496 1665 1667 1685; x_wconf 86' lang='lat' dir='ltr'><strong>communem</strong></span> <span class='ocrx_word' id='word_1_684' title='bbox 1697 1657 1791 1683; x_wconf 86' lang='lat' dir='ltr'><strong>etiam.</strong></span> 
     </span>
    </p>
   </div>
   <div class='ocr_carea' id='block_1_92' title="bbox 992 1702 1781 1738">
    <p class='ocr_par' dir='ltr' id='par_1_92' title="bbox 992 1702 1781 1738">
     <span class='ocr_line' id='line_1_92' title="bbox 992 1702 1781 1738; baseline -0.008 -4"><span class='ocrx_word' id='word_1_685' title='bbox 992 1712 1106 1734; x_wconf 87' lang='lat' dir='ltr'><strong>mortem</strong></span> <span class='ocrx_word' id='word_1_686' title='bbox 1118 1706 1265 1734; x_wconf 83' lang='lat' dir='ltr'><strong>habebunt.</strong></span> <span class='ocrx_word' id='word_1_687' title='bbox 1279 1704 1340 1732; x_wconf 74' lang='grc' dir='ltr'>Ηιιιο</span> <span class='ocrx_word' id='word_1_688' title='bbox 1350 1704 1406 1731; x_wconf 80' lang='lat' dir='ltr'><strong>fere</strong></span> <span class='ocrx_word' id='word_1_689' title='bbox 1415 1709 1487 1736; x_wconf 85' lang='lat' dir='ltr'><strong>sunt,</strong></span> <span class='ocrx_word' id='word_1_690' title='bbox 1505 1705 1615 1738; x_wconf 83' lang='lat' dir='ltr'><strong>hospes,</strong></span> <span class='ocrx_word' id='word_1_691' title='bbox 1628 1702 1678 1729; x_wconf 90' lang='lat' dir='ltr'><strong>nisi</strong></span> <span class='ocrx_word' id='word_1_692' title='bbox 1687 1702 1781 1729; x_wconf 79' lang='lat' dir='ltr'><strong>admo-</strong></span> 
     </span>
    </p>
   </div>
   <div class='ocr_carea' id='block_1_93' title="bbox 991 1748 1781 1790">
    <p class='ocr_par' dir='ltr' id='par_1_93' title="bbox 991 1748 1781 1790">
     <span class='ocr_line' id='line_1_93' title="bbox 991 1748 1781 1790; baseline -0.008 -10"><span class='ocrx_word' id='word_1_693' title='bbox 991 1753 1055 1781; x_wconf 90' lang='lat' dir='ltr'><strong>dum</strong></span> <span class='ocrx_word' id='word_1_694' title='bbox 1069 1760 1112 1780; x_wconf 94' lang='lat' dir='ltr'><strong>me</strong></span> <span class='ocrx_word' id='word_1_695' title='bbox 1125 1759 1190 1779; x_wconf 59' lang='lat' dir='ltr'><strong>meae</strong></span> <span class='ocrx_word' id='word_1_696' title='bbox 1203 1752 1343 1790; x_wconf 71' lang='lat' dir='ltr'><strong>memoriae</strong></span> <span class='ocrx_word' id='word_1_697' title='bbox 1355 1757 1451 1778; x_wconf 86' lang='lat' dir='ltr'><strong>sensus</strong></span> <span class='ocrx_word' id='word_1_698' title='bbox 1462 1749 1540 1782; x_wconf 79' lang='lat' dir='ltr'><strong>fallit,</strong></span> <span class='ocrx_word' id='word_1_699' title='bbox 1551 1756 1610 1783; x_wconf 81' lang='lat' dir='ltr'><strong>quae</strong></span> <span class='ocrx_word' id='word_1_700' title='bbox 1621 1749 1681 1776; x_wconf 87' lang='lat' dir='ltr'><strong>aliis</strong></span> <span class='ocrx_word' id='word_1_701' title='bbox 1691 1748 1781 1775; x_wconf 84' lang='lat' dir='ltr'><strong>verbis</strong></span> 
     </span>
    </p>
   </div>
   <div class='ocr_carea' id='block_1_94' title="bbox 994 1795 1781 1835">
    <p class='ocr_par' dir='ltr' id='par_1_94' title="bbox 994 1795 1781 1835">
     <span class='ocr_line' id='line_1_94' title="bbox 994 1795 1781 1835; baseline -0.008 -9"><span class='ocrx_word' id='word_1_702' title='bbox 994 1801 1069 1835; x_wconf 88' lang='lat' dir='ltr'><strong>(nam</strong></span> <span class='ocrx_word' id='word_1_703' title='bbox 1087 1798 1210 1826; x_wconf 79' lang='lat' dir='ltr'><strong>contraxi</strong></span> <span class='ocrx_word' id='word_1_704' title='bbox 1223 1797 1372 1825; x_wconf 83' lang='lat' dir='ltr'><strong>orationem</strong></span> <span class='ocrx_word' id='word_1_705' title='bbox 1385 1796 1480 1832; x_wconf 90' lang='lat' dir='ltr'><strong>tuam)</strong></span> <span class='ocrx_word' id='word_1_706' title='bbox 1495 1795 1529 1823; x_wconf 87' lang='lat' dir='ltr'><strong>de</strong></span> <span class='ocrx_word' id='word_1_707' title='bbox 1545 1795 1699 1822; x_wconf 87' lang='lat' dir='ltr'><strong>animarum</strong></span> <span class='ocrx_word' id='word_1_708' title='bbox 1710 1801 1781 1821; x_wconf 90' lang='lat' dir='ltr'><strong>mor-</strong></span> 
     </span>
    </p>
   </div>
   <div class='ocr_carea' id='block_1_95' title="bbox 993 1840 1779 1879">
    <p class='ocr_par' dir='ltr' id='par_1_95' title="bbox 993 1840 1779 1879">
     <span class='ocr_line' id='line_1_95' title="bbox 993 1840 1779 1879; baseline -0.008 -7"><span class='ocrx_word' id='word_1_709' title='bbox 993 1851 1018 1873; x_wconf 90' lang='lat' dir='ltr'><strong>te</strong></span> <span class='ocrx_word' id='word_1_710' title='bbox 1027 1845 1229 1879; x_wconf 76' lang='lat' dir='ltr'><strong>mutntioueque</strong></span> <span class='ocrx_word' id='word_1_711' title='bbox 1238 1843 1339 1870; x_wconf 82' lang='lat' dir='ltr'><strong>dixisti:</strong></span> <span class='ocrx_word' id='word_1_712' title='bbox 1349 1850 1467 1878; x_wconf 88' lang='lat' dir='ltr'><strong>quorttm</strong></span> <span class='ocrx_word' id='word_1_713' title='bbox 1479 1843 1502 1869; x_wconf 92' lang='lat' dir='ltr'><strong>si</strong></span> <span class='ocrx_word' id='word_1_714' title='bbox 1512 1841 1576 1876; x_wconf 85' lang='lat' dir='ltr'><strong>quid</strong></span> <span class='ocrx_word' id='word_1_715' title='bbox 1586 1841 1651 1867; x_wconf 89' lang='lat' dir='ltr'><strong>mibi</strong></span> <span class='ocrx_word' id='word_1_716' title='bbox 1662 1840 1779 1871; x_wconf 80' lang='lat' dir='ltr'><strong>excidit,</strong></span> 
     </span>
    </p>
   </div>
   <div class='ocr_carea' id='block_1_96' title="bbox 992 1884 1780 1921">
    <p class='ocr_par' dir='ltr' id='par_1_96' title="bbox 992 1884 1780 1921">
     <span class='ocr_line' id='line_1_96' title="bbox 992 1884 1780 1921; baseline -0.006 -6"><span class='ocrx_word' id='word_1_717' title='bbox 992 1889 1018 1916; x_wconf 90' lang='lat' dir='ltr'><strong>in</strong></span> <span class='ocrx_word' id='word_1_718' title='bbox 1028 1889 1185 1915; x_wconf 80' lang='lat' dir='ltr'><strong>memoriam</strong></span> <span class='ocrx_word' id='word_1_719' title='bbox 1196 1895 1300 1915; x_wconf 85' lang='lat' dir='ltr'><strong>revoca.</strong></span> <span class='ocrx_word' id='word_1_720' title='bbox 1310 1887 1365 1921; x_wconf 74' lang='lat' dir='ltr'><strong>Ego</strong></span> <span class='ocrx_word' id='word_1_721' title='bbox 1374 1895 1437 1914; x_wconf 87' lang='lat' dir='ltr'><strong>vero</strong></span> <span class='ocrx_word' id='word_1_722' title='bbox 1447 1886 1597 1914; x_wconf 25' lang='lat' dir='ltr'><strong>nihilraliud</strong></span> <span class='ocrx_word' id='word_1_723' title='bbox 1607 1885 1673 1917; x_wconf 78' lang='lat' dir='ltr'><strong>dixi,</strong></span> <span class='ocrx_word' id='word_1_724' title='bbox 1682 1884 1780 1918; x_wconf 90' lang='lat' dir='ltr'><strong>inquit.</strong></span> 
     </span>
    </p>
   </div>
   <div class='ocr_carea' id='block_1_97' title="bbox 1028 1931 1780 1969">
    <p class='ocr_par' dir='ltr' id='par_1_97' title="bbox 1028 1931 1780 1969">
     <span class='ocr_line' id='line_1_97' title="bbox 1028 1931 1780 1969; baseline -0.004 -8"><span class='ocrx_word' id='word_1_725' title='bbox 1028 1935 1070 1961; x_wconf 82' lang='lat' dir='ltr'><strong>l5.</strong></span> <span class='ocrx_word' id='word_1_726' title='bbox 1097 1934 1191 1969; x_wconf 78' lang='lat' dir='ltr'><strong>Igitur,</strong></span> <span class='ocrx_word' id='word_1_727' title='bbox 1208 1934 1329 1968; x_wconf 86' lang='lat' dir='ltr'><strong>inquam,</strong></span> <span class='ocrx_word' id='word_1_728' title='bbox 1347 1933 1391 1960; x_wconf 91' lang='lat' dir='ltr'><strong>dic</strong></span> <span class='ocrx_word' id='word_1_729' title='bbox 1407 1933 1472 1960; x_wconf 91' lang='lat' dir='ltr'><strong>mihi</strong></span> <span class='ocrx_word' id='word_1_730' title='bbox 1490 1932 1620 1967; x_wconf 86' lang='lat' dir='ltr'><strong>primum.</strong></span> <span class='ocrx_word' id='word_1_731' title='bbox 1641 1931 1663 1959; x_wconf 87' lang='lat' dir='ltr'><strong>si</strong></span> <span class='ocrx_word' id='word_1_732' title='bbox 1682 1931 1780 1965; x_wconf 85' lang='lat' dir='ltr'><strong>placet,</strong></span> 
     </span>
    </p>
   </div>
   <div class='ocr_carea' id='block_1_98' title="bbox 993 1977 1782 2016">
    <p class='ocr_par' dir='ltr' id='par_1_98' title="bbox 993 1977 1782 2016">
     <span class='ocr_line' id='line_1_98' title="bbox 993 1977 1782 2016; baseline -0.004 -9"><span class='ocrx_word' id='word_1_733' title='bbox 993 1981 1065 2016; x_wconf 79' lang='lat' dir='ltr'><strong>quali</strong></span> <span class='ocrx_word' id='word_1_734' title='bbox 1084 1984 1111 2006; x_wconf 91' lang='lat' dir='ltr'><strong>tu</strong></span> <span class='ocrx_word' id='word_1_735' title='bbox 1133 1980 1240 2006; x_wconf 82' lang='lat' dir='ltr'><strong>tandem</strong></span> <span class='ocrx_word' id='word_1_736' title='bbox 1254 1979 1335 2006; x_wconf 84' lang='lat' dir='ltr'><strong>morti</strong></span> <span class='ocrx_word' id='word_1_737' title='bbox 1352 1978 1484 2006; x_wconf 83' lang='lat' dir='ltr'><strong>obnoxios</strong></span> <span class='ocrx_word' id='word_1_738' title='bbox 1500 1977 1559 2005; x_wconf 79' lang='lat' dir='ltr'><strong>fore</strong></span> <span class='ocrx_word' id='word_1_739' title='bbox 1583 1978 1694 2012; x_wconf 83' lang='lat' dir='ltr'><strong>angelos</strong></span> <span class='ocrx_word' id='word_1_740' title='bbox 1710 1978 1782 2004; x_wconf 83' lang='lat' dir='ltr'><strong>allir-</strong></span> 
     </span>
    </p>
   </div>
   <div class='ocr_carea' id='block_1_99' title="bbox 993 2023 1794 2060">
    <p class='ocr_par' dir='ltr' id='par_1_99' title="bbox 993 2023 1794 2060">
     <span class='ocr_line' id='line_1_99' title="bbox 993 2023 1794 2060; baseline -0.002 -7"><span class='ocrx_word' id='word_1_741' title='bbox 993 2034 1061 2059; x_wconf 90' lang='lat' dir='ltr'><strong>mas,</strong></span> <span class='ocrx_word' id='word_1_742' title='bbox 1088 2031 1179 2053; x_wconf 92' lang='lat' dir='ltr'><strong>utrum</strong></span> <span class='ocrx_word' id='word_1_743' title='bbox 1207 2025 1412 2060; x_wconf 67' lang='lat' dir='ltr'><strong>propriedicta:</strong></span> <span class='ocrx_word' id='word_1_744' title='bbox 1432 2024 1482 2057; x_wconf 90' lang='lat' dir='ltr'><strong>illi,</strong></span> <span class='ocrx_word' id='word_1_745' title='bbox 1502 2031 1536 2050; x_wconf 89' lang='lat' dir='ltr'><strong>an</strong></span> <span class='ocrx_word' id='word_1_746' title='bbox 1555 2024 1653 2050; x_wconf 82' lang='lat' dir='ltr'><strong>secus?</strong></span> <span class='ocrx_word' id='word_1_747' title='bbox 1667 2023 1794 2057; x_wconf 19' lang='lat' dir='ltr'><strong>Liquida,</strong></span> 
     </span>
    </p>
   </div>
   <div class='ocr_carea' id='block_1_100' title="bbox 993 2070 1782 2108">
    <p class='ocr_par' dir='ltr' id='par_1_100' title="bbox 993 2070 1782 2108">
     <span class='ocr_line' id='line_1_100' title="bbox 993 2070 1782 2108; baseline -0.005 -8"><span class='ocrx_word' id='word_1_748' title='bbox 993 2073 1115 2108; x_wconf 86' lang='lat' dir='ltr'><strong>quidem,</strong></span> <span class='ocrx_word' id='word_1_749' title='bbox 1136 2072 1234 2106; x_wconf 86' lang='lat' dir='ltr'><strong>inquit,</strong></span> <span class='ocrx_word' id='word_1_750' title='bbox 1251 2071 1302 2098; x_wconf 86' lang='lat' dir='ltr'><strong>hac</strong></span> <span class='ocrx_word' id='word_1_751' title='bbox 1317 2071 1350 2098; x_wconf 91' lang='lat' dir='ltr'><strong>de</strong></span> <span class='ocrx_word' id='word_1_752' title='bbox 1365 2079 1394 2098; x_wconf 86' lang='lat' dir='ltr'><strong>re</strong></span> <span class='ocrx_word' id='word_1_753' title='bbox 1407 2078 1496 2105; x_wconf 86' lang='lat' dir='ltr'><strong>neque</strong></span> <span class='ocrx_word' id='word_1_754' title='bbox 1510 2070 1608 2097; x_wconf 90' lang='lat' dir='ltr'><strong>dicitur</strong></span> <span class='ocrx_word' id='word_1_755' title='bbox 1621 2071 1782 2105; x_wconf 87' lang='lat' dir='ltr'><strong>quidquam,</strong></span> 
     </span>
    </p>
   </div>
   <div class='ocr_carea' id='block_1_101' title="bbox 993 2116 1782 2154">
    <p class='ocr_par' dir='ltr' id='par_1_101' title="bbox 993 2116 1782 2154">
     <span class='ocr_line' id='line_1_101' title="bbox 993 2116 1782 2154; baseline -0.005 -7"><span class='ocrx_word' id='word_1_756' title='bbox 993 2127 1081 2154; x_wconf 58' lang='lat' dir='ltr'><strong>neque</strong></span> <span class='ocrx_word' id='word_1_757' title='bbox 1096 2118 1234 2150; x_wconf 82' lang='lat' dir='ltr'><strong>scribitur,</strong></span> <span class='ocrx_word' id='word_1_758' title='bbox 1255 2121 1352 2152; x_wconf 65' lang='lat' dir='ltr'><strong>prmter</strong></span> <span class='ocrx_word' id='word_1_759' title='bbox 1377 2117 1438 2148; x_wconf 84' lang='lat' dir='ltr'><strong>hoc.</strong></span> <span class='ocrx_word' id='word_1_760' title='bbox 1461 2117 1533 2152; x_wconf 90' lang='lat' dir='ltr'><strong>quod</strong></span> <span class='ocrx_word' id='word_1_761' title='bbox 1559 2116 1647 2151; x_wconf 80' lang='lat' dir='ltr'><strong>angeli</strong></span> <span class='ocrx_word' id='word_1_762' title='bbox 1673 2124 1782 2151; x_wconf 87' lang='lat' dir='ltr'><strong>quoque</strong></span> 
     </span>
    </p>
   </div>
   <div class='ocr_carea' id='block_1_102' title="bbox 994 2161 1783 2196">
    <p class='ocr_par' dir='ltr' id='par_1_102' title="bbox 994 2161 1783 2196">
     <span class='ocr_line' id='line_1_102' title="bbox 994 2161 1783 2196; baseline -0.005 -4"><span class='ocrx_word' id='word_1_763' title='bbox 994 2166 1156 2192; x_wconf 82' lang='lat' dir='ltr'><strong>morientur.</strong></span> <span class='ocrx_word' id='word_1_764' title='bbox 1175 2163 1238 2190; x_wconf 84' lang='lat' dir='ltr'><strong>Mihi</strong></span> <span class='ocrx_word' id='word_1_765' title='bbox 1262 2170 1327 2190; x_wconf 83' lang='lat' dir='ltr'><strong>vero</strong></span> <span class='ocrx_word' id='word_1_766' title='bbox 1340 2170 1372 2190; x_wconf 76' lang='lat' dir='ltr'><strong>ex</strong></span> <span class='ocrx_word' id='word_1_767' title='bbox 1389 2162 1422 2190; x_wconf 88' lang='lat' dir='ltr'><strong>iis</strong></span> <span class='ocrx_word' id='word_1_768' title='bbox 1436 2162 1563 2194; x_wconf 65' lang='lat' dir='ltr'><strong>maxime,</strong></span> <span class='ocrx_word' id='word_1_769' title='bbox 1579 2169 1638 2196; x_wconf 67' lang='lat' dir='ltr'><strong>qum</strong></span> <span class='ocrx_word' id='word_1_770' title='bbox 1652 2161 1732 2188; x_wconf 90' lang='lat' dir='ltr'><strong>modo</strong></span> <span class='ocrx_word' id='word_1_771' title='bbox 1742 2162 1783 2188; x_wconf 86' lang='lat' dir='ltr'><strong>di-</strong></span> 
     </span>
    </p>
   </div>
   <div class='ocr_carea' id='block_1_103' title="bbox 994 2209 1777 2244">
    <p class='ocr_par' dir='ltr' id='par_1_103' title="bbox 994 2209 1777 2244">
     <span class='ocr_line' id='line_1_103' title="bbox 994 2209 1777 2244; baseline -0.008 -5"><span class='ocrx_word' id='word_1_772' title='bbox 994 2213 1085 2244; x_wconf 81' lang='lat' dir='ltr'><strong>cebas,</strong></span> <span class='ocrx_word' id='word_1_773' title='bbox 1098 2211 1197 2239; x_wconf 87' lang='lat' dir='ltr'><strong>rationi</strong></span> <span class='ocrx_word' id='word_1_774' title='bbox 1213 2215 1425 2238; x_wconf 82' lang='lat' dir='ltr'><strong>consentaneum</strong></span> <span class='ocrx_word' id='word_1_775' title='bbox 1443 2209 1560 2240; x_wconf 86' lang='lat' dir='ltr'><strong>videtur,</strong></span> <span class='ocrx_word' id='word_1_776' title='bbox 1570 2213 1599 2235; x_wconf 90' lang='lat' dir='ltr'><strong>ut</strong></span> <span class='ocrx_word' id='word_1_777' title='bbox 1614 2212 1777 2240; x_wconf 74' lang='lat' dir='ltr'><strong>statuamus,</strong></span> 
     </span>
    </p>
   </div>
   <div class='ocr_carea' id='block_1_104' title="bbox 960 2251 1780 2291">
    <p class='ocr_par' dir='ltr' id='par_1_104' title="bbox 960 2251 1780 2291">
     <span class='ocr_line' id='line_1_104' title="bbox 960 2251 1780 2291; baseline -0.002 -9"><span class='ocrx_word' id='word_1_778' title='bbox 960 2255 980 2281; x_wconf 90' lang='grc' dir='ltr'><strong>Ι)</strong></span> <span class='ocrx_word' id='word_1_779' title='bbox 996 2256 1144 2291; x_wconf 89' lang='lat' dir='ltr'><strong>improprie</strong></span> <span class='ocrx_word' id='word_1_780' title='bbox 1159 2255 1260 2283; x_wconf 87' lang='lat' dir='ltr'><strong>dictam</strong></span> <span class='ocrx_word' id='word_1_781' title='bbox 1276 2259 1391 2282; x_wconf 89' lang='lat' dir='ltr'><strong>mortem</strong></span> <span class='ocrx_word' id='word_1_782' title='bbox 1416 2254 1527 2288; x_wconf 73' lang='lat' dir='ltr'><strong>angelos</strong></span> <span class='ocrx_word' id='word_1_783' title='bbox 1543 2253 1691 2280; x_wconf 84' lang='lat' dir='ltr'><strong>subituros.</strong></span> <span class='ocrx_word' id='word_1_784' title='bbox 1716 2251 1780 2283; x_wconf 83' lang='lat' dir='ltr'><strong>Nec.</strong></span> 
     </span>
    </p>
   </div>
   <div class='ocr_carea' id='block_1_105' title="bbox 997 2299 1780 2336">
    <p class='ocr_par' dir='ltr' id='par_1_105' title="bbox 997 2299 1780 2336">
     <span class='ocr_line' id='line_1_105' title="bbox 997 2299 1780 2336; baseline -0.006 -6"><span class='ocrx_word' id='word_1_785' title='bbox 997 2304 1120 2336; x_wconf 72' lang='lat' dir='ltr'><strong>inquam,</strong></span> <span class='ocrx_word' id='word_1_786' title='bbox 1139 2309 1189 2336; x_wconf 92' lang='lat' dir='ltr'><strong>pro</strong></span> <span class='ocrx_word' id='word_1_787' title='bbox 1202 2301 1346 2336; x_wconf 80' lang='lat' dir='ltr'><strong>prudentia</strong></span> <span class='ocrx_word' id='word_1_788' title='bbox 1365 2301 1410 2328; x_wconf 83' lang='lat' dir='ltr'><strong>illa</strong></span> <span class='ocrx_word' id='word_1_789' title='bbox 1428 2305 1456 2328; x_wconf 79' lang='lat' dir='ltr'><strong>et</strong></span> <span class='ocrx_word' id='word_1_790' title='bbox 1471 2299 1604 2330; x_wconf 89' lang='lat' dir='ltr'><strong>doctrina,</strong></span> <span class='ocrx_word' id='word_1_791' title='bbox 1617 2305 1680 2333; x_wconf 76' lang='lat' dir='ltr'><strong>quae</strong></span> <span class='ocrx_word' id='word_1_792' title='bbox 1692 2302 1732 2325; x_wconf 89' lang='lat' dir='ltr'><strong>cst</strong></span> <span class='ocrx_word' id='word_1_793' title='bbox 1754 2300 1780 2325; x_wconf 88' lang='lat' dir='ltr'><strong>in</strong></span> 
     </span>
    </p>
   </div>
   <div class='ocr_carea' id='block_1_106' title="bbox 998 2345 1782 2382">
    <p class='ocr_par' dir='ltr' id='par_1_106' title="bbox 998 2345 1782 2382">
     <span class='ocr_line' id='line_1_106' title="bbox 998 2345 1782 2382; baseline -0.004 -7"><span class='ocrx_word' id='word_1_794' title='bbox 998 2355 1023 2376; x_wconf 82' lang='lat' dir='ltr'><strong>te</strong></span> <span class='ocrx_word' id='word_1_795' title='bbox 1037 2356 1154 2379; x_wconf 82' lang='lat' dir='ltr'><strong>summa,</strong></span> <span class='ocrx_word' id='word_1_796' title='bbox 1169 2348 1247 2374; x_wconf 83' lang='lat' dir='ltr'><strong>aliter</strong></span> <span class='ocrx_word' id='word_1_797' title='bbox 1259 2353 1334 2382; x_wconf 88' lang='lat' dir='ltr'><strong>potes</strong></span> <span class='ocrx_word' id='word_1_798' title='bbox 1348 2346 1448 2374; x_wconf 87' lang='lat' dir='ltr'><strong>sentire</strong></span> <span class='ocrx_word' id='word_1_799' title='bbox 1462 2350 1488 2372; x_wconf 88' lang='lat' dir='ltr'><strong>ct</strong></span> <span class='ocrx_word' id='word_1_800' title='bbox 1507 2345 1592 2379; x_wconf 86' lang='lat' dir='ltr'><strong>loqui.</strong></span> <span class='ocrx_word' id='word_1_801' title='bbox 1610 2345 1782 2379; x_wconf 68' lang='lat' dir='ltr'><strong>Qumcunque</strong></span> 
     </span>
    </p>
   </div>
   <div class='ocr_carea' id='block_1_107' title="bbox 997 2390 1817 2429">
    <p class='ocr_par' dir='ltr' id='par_1_107' title="bbox 997 2390 1817 2429">
     <span class='ocr_line' id='line_1_107' title="bbox 997 2390 1817 2429; baseline -0.005 -7"><span class='ocrx_word' id='word_1_802' title='bbox 997 2403 1030 2422; x_wconf 78' lang='lat' dir='ltr'><strong>ex</strong></span> <span class='ocrx_word' id='word_1_803' title='bbox 1047 2394 1170 2429; x_wconf 86' lang='lat' dir='ltr'><strong>pluribus</strong></span> <span class='ocrx_word' id='word_1_804' title='bbox 1180 2393 1350 2427; x_wconf 80' lang='lat' dir='ltr'><strong>diversisque</strong></span> <span class='ocrx_word' id='word_1_805' title='bbox 1363 2392 1442 2419; x_wconf 91' lang='lat' dir='ltr'><strong>rebus</strong></span> <span class='ocrx_word' id='word_1_806' title='bbox 1457 2390 1644 2418; x_wconf 75' lang='lat' dir='ltr'><strong>cxsistenliam</strong></span> <span class='ocrx_word' id='word_1_807' title='bbox 1657 2390 1780 2422; x_wconf 84' lang='lat' dir='ltr'><strong>trahunt,</strong></span> <span class='ocrx_word' id='word_1_808' title='bbox 1811 2425 1817 2429; x_wconf 93' lang='lat'>_</span> 
     </span>
    </p>
   </div>
   <div class='ocr_carea' id='block_1_108' title="bbox 999 2437 1780 2475">
    <p class='ocr_par' dir='ltr' id='par_1_108' title="bbox 999 2437 1780 2475">
     <span class='ocr_line' id='line_1_108' title="bbox 999 2437 1780 2475; baseline -0.006 -7"><span class='ocrx_word' id='word_1_809' title='bbox 999 2448 1029 2468; x_wconf 76' lang='lat' dir='ltr'><strong>ea</strong></span> <span class='ocrx_word' id='word_1_810' title='bbox 1042 2441 1150 2475; x_wconf 87' lang='lat' dir='ltr'><strong>quidem</strong></span> <span class='ocrx_word' id='word_1_811' title='bbox 1165 2440 1315 2474; x_wconf 85' lang='lat' dir='ltr'><strong>composita</strong></span> <span class='ocrx_word' id='word_1_812' title='bbox 1330 2446 1390 2466; x_wconf 85' lang='lat' dir='ltr'><strong>esse</strong></span> <span class='ocrx_word' id='word_1_813' title='bbox 1404 2437 1604 2472; x_wconf 86' lang='lat' dir='ltr'><strong>aliquandoque</strong></span> <span class='ocrx_word' id='word_1_814' title='bbox 1615 2437 1780 2464; x_wconf 83' lang='lat' dir='ltr'><strong>dissolutqu</strong></span> 
     </span>
    </p>
   </div>
   <div class='ocr_carea' id='block_1_109' title="bbox 1000 2482 1792 2520">
    <p class='ocr_par' dir='ltr' id='par_1_109' title="bbox 1000 2482 1792 2520">
     <span class='ocr_line' id='line_1_109' title="bbox 1000 2482 1792 2520; baseline -0.006 -7"><span class='ocrx_word' id='word_1_815' title='bbox 1000 2486 1030 2513; x_wconf 90' lang='lat' dir='ltr'><strong>iri</strong></span> <span class='ocrx_word' id='word_1_816' title='bbox 1048 2486 1193 2514; x_wconf 73' lang='lat' dir='ltr'><strong>manifesto</strong></span> <span class='ocrx_word' id='word_1_817' title='bbox 1208 2486 1301 2520; x_wconf 86' lang='lat' dir='ltr'><strong>liquet.</strong></span> <span class='ocrx_word' id='word_1_818' title='bbox 1317 2484 1382 2510; x_wconf 83' lang='lat' dir='ltr'><strong>Nam</strong></span> <span class='ocrx_word' id='word_1_819' title='bbox 1405 2482 1594 2511; x_wconf 85' lang='lat' dir='ltr'><strong>dissolutionis</strong></span> <span class='ocrx_word' id='word_1_820' title='bbox 1615 2482 1734 2514; x_wconf 91' lang='lat' dir='ltr'><strong>initium,</strong></span> <span class='ocrx_word' id='word_1_821' title='bbox 1753 2486 1792 2509; x_wconf 81' lang='lat' dir='ltr'><strong>ut.</strong></span> 
     </span>
    </p>
   </div>
   <div class='ocr_carea' id='block_1_110' title="bbox 999 2528 1781 2566">
    <p class='ocr_par' dir='ltr' id='par_1_110' title="bbox 999 2528 1781 2566">
     <span class='ocr_line' id='line_1_110' title="bbox 999 2528 1781 2566; baseline -0.006 -6"><span class='ocrx_word' id='word_1_822' title='bbox 999 2534 1086 2565; x_wconf 86' lang='lat' dir='ltr'><strong>aiunt,</strong></span> <span class='ocrx_word' id='word_1_823' title='bbox 1103 2537 1143 2560; x_wconf 81' lang='lat' dir='ltr'><strong>est</strong></span> <span class='ocrx_word' id='word_1_824' title='bbox 1168 2531 1338 2566; x_wconf 86' lang='lat' dir='ltr'><strong>compositio.</strong></span> <span class='ocrx_word' id='word_1_825' title='bbox 1355 2529 1414 2557; x_wconf 84' lang='lat' dir='ltr'><strong>Jam</strong></span> <span class='ocrx_word' id='word_1_826' title='bbox 1432 2537 1498 2557; x_wconf 86' lang='lat' dir='ltr'><strong>vero</strong></span> <span class='ocrx_word' id='word_1_827' title='bbox 1513 2530 1534 2556; x_wconf 88' lang='lat' dir='ltr'><strong>si</strong></span> <span class='ocrx_word' id='word_1_828' title='bbox 1551 2528 1674 2564; x_wconf 64' lang='lat' dir='ltr'><strong>quaedam</strong></span> <span class='ocrx_word' id='word_1_829' title='bbox 1689 2528 1730 2555; x_wconf 88' lang='lat' dir='ltr'><strong>vel</strong></span> <span class='ocrx_word' id='word_1_830' title='bbox 1747 2535 1781 2555; x_wconf 79' lang='lat' dir='ltr'><strong>ex</strong></span> 
     </span>
    </p>
   </div>
   <div class='ocr_carea' id='block_1_111' title="bbox 998 2574 1791 2611">
    <p class='ocr_par' dir='ltr' id='par_1_111' title="bbox 998 2574 1791 2611">
     <span class='ocr_line' id='line_1_111' title="bbox 998 2574 1791 2611; baseline -0.008 -6"><span class='ocrx_word' id='word_1_831' title='bbox 998 2579 1144 2606; x_wconf 82' lang='lat' dir='ltr'><strong>contrariis</strong></span> <span class='ocrx_word' id='word_1_832' title='bbox 1162 2577 1310 2611; x_wconf 70' lang='lat' dir='ltr'><strong>composita</strong></span> <span class='ocrx_word' id='word_1_833' title='bbox 1328 2575 1427 2603; x_wconf 78' lang='lat' dir='ltr'><strong>fuerint</strong></span> <span class='ocrx_word' id='word_1_834' title='bbox 1449 2580 1598 2609; x_wconf 85' lang='lat' dir='ltr'><strong>naturaque</strong></span> <span class='ocrx_word' id='word_1_835' title='bbox 1611 2574 1680 2601; x_wconf 85' lang='lat' dir='ltr'><strong>inter</strong></span> <span class='ocrx_word' id='word_1_836' title='bbox 1691 2580 1720 2600; x_wconf 87' lang='lat' dir='ltr'><strong>se</strong></span> <span class='ocrx_word' id='word_1_837' title='bbox 1732 2580 1791 2608; x_wconf 47' lang='lat' dir='ltr'><strong>pu-u</strong></span> 
     </span>
    </p>
   </div>
   <div class='ocr_carea' id='block_1_112' title="bbox 998 2619 1785 2662">
    <p class='ocr_par' dir='ltr' id='par_1_112' title="bbox 998 2619 1785 2662">
     <span class='ocr_line' id='line_1_112' title="bbox 998 2619 1785 2662; baseline -0.01 -10"><span class='ocrx_word' id='word_1_838' title='bbox 998 2625 1154 2662; x_wconf 76' lang='lat' dir='ltr'><strong>gnantibus,</strong></span> <span class='ocrx_word' id='word_1_839' title='bbox 1171 2623 1324 2657; x_wconf 90' lang='lat' dir='ltr'><strong>cujusmodi</strong></span> <span class='ocrx_word' id='word_1_840' title='bbox 1339 2628 1404 2649; x_wconf 88' lang='lat' dir='ltr'><strong>sunt</strong></span> <span class='ocrx_word' id='word_1_841' title='bbox 1419 2622 1505 2657; x_wconf 87' lang='lat' dir='ltr'><strong>prima</strong></span> <span class='ocrx_word' id='word_1_842' title='bbox 1519 2619 1674 2654; x_wconf 86' lang='lat' dir='ltr'><strong>elementa(</strong></span> <span class='ocrx_word' id='word_1_843' title='bbox 1692 2626 1706 2645; x_wconf 92' lang='lat' dir='ltr'><strong>e</strong></span> <span class='ocrx_word' id='word_1_844' title='bbox 1720 2619 1785 2653; x_wconf 86' lang='lat' dir='ltr'><strong>qui-</strong></span> 
     </span>
    </p>
   </div>
   <div class='ocr_carea' id='block_1_113' title="bbox 999 2663 1780 2702">
    <p class='ocr_par' dir='ltr' id='par_1_113' title="bbox 999 2663 1780 2702">
     <span class='ocr_line' id='line_1_113' title="bbox 999 2663 1780 2702; baseline -0.01 -4"><span class='ocrx_word' id='word_1_845' title='bbox 999 2671 1050 2698; x_wconf 88' lang='lat' dir='ltr'><strong>bus</strong></span> <span class='ocrx_word' id='word_1_846' title='bbox 1067 2675 1158 2697; x_wconf 85' lang='lat' dir='ltr'><strong>nostra</strong></span> <span class='ocrx_word' id='word_1_847' title='bbox 1174 2676 1287 2702; x_wconf 74' lang='lat' dir='ltr'><strong>corpora</strong></span> <span class='ocrx_word' id='word_1_848' title='bbox 1304 2667 1349 2694; x_wconf 62' lang='lat' dir='ltr'><strong>Dei</strong></span> <span class='ocrx_word' id='word_1_849' title='bbox 1368 2667 1478 2694; x_wconf 89' lang='lat' dir='ltr'><strong>numine</strong></span> <span class='ocrx_word' id='word_1_850' title='bbox 1490 2667 1623 2700; x_wconf 90' lang='lat' dir='ltr'><strong>jussuque</strong></span> <span class='ocrx_word' id='word_1_851' title='bbox 1631 2663 1780 2699; x_wconf 78' lang='lat' dir='ltr'><strong>constant),</strong></span> 
     </span>
    </p>
   </div>
   <div class='ocr_carea' id='block_1_114' title="bbox 998 2710 1790 2745">
    <p class='ocr_par' dir='ltr' id='par_1_114' title="bbox 998 2710 1790 2745">
     <span class='ocr_line' id='line_1_114' title="bbox 998 2710 1790 2745; baseline -0.01 0"><span class='ocrx_word' id='word_1_852' title='bbox 998 2719 1097 2745; x_wconf 76' lang='lat' dir='ltr'><strong>mit-um</strong></span> <span class='ocrx_word' id='word_1_853' title='bbox 1121 2719 1191 2742; x_wconf 64' lang='lat' dir='ltr'><strong>certe</strong></span> <span class='ocrx_word' id='word_1_854' title='bbox 1209 2714 1317 2744; x_wconf 78' lang='lat' dir='ltr'><strong>accidit,</strong></span> <span class='ocrx_word' id='word_1_855' title='bbox 1338 2721 1368 2740; x_wconf 84' lang='lat' dir='ltr'><strong>ea</strong></span> <span class='ocrx_word' id='word_1_856' title='bbox 1389 2713 1415 2740; x_wconf 93' lang='lat' dir='ltr'><strong>in</strong></span> <span class='ocrx_word' id='word_1_857' title='bbox 1437 2720 1520 2740; x_wconf 89' lang='lat' dir='ltr'><strong>unutn</strong></span> <span class='ocrx_word' id='word_1_858' title='bbox 1543 2711 1577 2739; x_wconf 84' lang='lat' dir='ltr'><strong>ab</strong></span> <span class='ocrx_word' id='word_1_859' title='bbox 1594 2711 1671 2738; x_wconf 86' lang='lat' dir='ltr'><strong>initio</strong></span> <span class='ocrx_word' id='word_1_860' title='bbox 1691 2710 1790 2738; x_wconf 82' lang='lat' dir='ltr'><strong>locum-</strong></span> 
     </span>
    </p>
   </div>
   <div class='ocr_carea' id='block_1_115' title="bbox 996 2752 1782 2795">
    <p class='ocr_par' dir='ltr' id='par_1_115' title="bbox 996 2752 1782 2795">
     <span class='ocr_line' id='line_1_115' title="bbox 996 2752 1782 2795; baseline -0.01 -4"><span class='ocrx_word' id='word_1_861' title='bbox 996 2762 1169 2793; x_wconf 85' lang='lat' dir='ltr'><strong>conveuisse,</strong></span> <span class='ocrx_word' id='word_1_862' title='bbox 1186 2752 1333 2795; x_wconf 84' lang='lat' dir='ltr'><strong>atiquoque</strong></span> <span class='ocrx_word' id='word_1_863' title='bbox 1348 2759 1455 2786; x_wconf 85' lang='lat' dir='ltr'><strong>tandem</strong></span> <span class='ocrx_word' id='word_1_864' title='bbox 1473 2757 1553 2785; x_wconf 87' lang='lat' dir='ltr'><strong>modo</strong></span> <span class='ocrx_word' id='word_1_865' title='bbox 1563 2761 1704 2792; x_wconf 82' lang='lat' dir='ltr'><strong>utcunque</strong></span> <span class='ocrx_word' id='word_1_866' title='bbox 1716 2763 1782 2784; x_wconf 73' lang='grc' dir='ltr'><strong>ροης</strong></span> 
     </span>
    </p>
   </div>
   <div class='ocr_carea' id='block_1_116' title="bbox 1037 2876 1316 2911">
    <p class='ocr_par' dir='ltr' id='par_1_116' title="bbox 1037 2876 1316 2911">
     <span class='ocr_line' id='line_1_116' title="bbox 1037 2876 1316 2911; baseline -0.011 -8"><span class='ocrx_word' id='word_1_867' title='bbox 1037 2876 1074 2911; x_wconf 70' lang='grc' dir='ltr'><strong>(Ξ)</strong></span> <span class='ocrx_word' id='word_1_868' title='bbox 1088 2876 1117 2902; x_wconf 79' lang='grc' dir='ltr'>Οἱ</span> <span class='ocrx_word' id='word_1_869' title='bbox 1135 2876 1208 2902; x_wconf 66' lang='lat' dir='ltr'><strong>dorsi</strong></span> <span class='ocrx_word' id='word_1_870' title='bbox 1225 2876 1250 2901; x_wconf 89' lang='lat' dir='ltr'><strong>in</strong></span> <span class='ocrx_word' id='word_1_871' title='bbox 1269 2881 1316 2907; x_wconf 46' lang='lat' dir='ltr'><strong>reg</strong></span> 
     </span>
    </p>
   </div>
  </div>
