1929 3087
152 133 203 166 147

738 141 938 175 MANUELIS
954 136 1181 178 PAL/EOLOGI

1730 151 1781 183 148

144 192 258 226 stitisse,
276 199 302 221 et
314 194 364 221 alia
384 194 511 230 longiori,
529 195 584 223 alia
600 197 719 224 breviori
738 198 870 232 tetnporis
891 199 935 226 in-

991 203 1043 237 εῐη.
1058 203 1094 229 Τὸ
1109 203 1164 238 γὰρ
1180 203 1269 231 πάντα
1285 204 1408 238 πεφυκὸς
1423 204 1603 240 διαφθείρειν,
1617 205 1630 232 ὁ
1647 206 1776 241 πῦὶεμος,

143 240 258 267 left-allo
274 248 434 275 permanere
453 251 459 267 :
478 243 572 278 id,qui
584 248 647 272 sunt
659 244 773 272 rationis
786 251 938 287 compotes.

142 287 197 314 nisi
213 289 396 316 admiratione
407 290 594 325 obstupefacti
611 292 792 325 contemplari
807 300 863 319 non
877 300 940 327 pos-

142 337 217 360 sunt.
232 333 309 366 Quod
325 335 397 362 enitn
414 336 447 363 ad
463 337 554 364 omnia
569 338 769 372 corrumpenda
786 342 883 365 natum
895 344 938 366 est

143 379 263 412 bellum,
295 381 338 409 Itic
366 387 472 411 mutato
501 384 598 412 ordine
627 385 826 412 conservandis
852 385 935 413 rebus

144 427 250 453 videtur
273 428 417 457 inservire.
439 429 507 457 Nam
522 431 737 464 consideremus,
754 439 807 466 qua
831 432 937 460 ratione

144 472 248 500 bellum
266 480 292 502 et
306 483 397 511 pugna
413 477 492 505 linem
512 479 631 506 habeant
648 488 655 506 :
675 487 787 507 necesse
801 484 852 511 est,
868 479 936 506 alte-

142 527 203 546 rum
222 521 299 548 sitde
315 523 432 555 duobus.
449 530 476 551 ut
490 525 532 551 vel
551 526 583 552 ad
599 525 754 559 pactionem
768 532 815 552 res
832 524 932 555 veniat,

143 567 183 593 vel
195 568 226 594 all
235 568 386 602 victoriam.
401 574 430 596 ut
440 571 507 597 alter
516 570 627 606 quidem
637 572 740 603 vincat,
752 571 821 599 alter
843 571 941 598 vinca-

144 617 198 642 lur.
211 617 294 651 Atqui
310 621 339 644 ut
352 619 383 644 ad
396 620 547 653 pactionem
558 620 629 647 inter
638 627 666 648 se
675 620 809 647 elementa
819 619 939 650 veniant,

142 663 198 688 lieri
207 671 378 698 nequaquam
391 670 477 699 potest
487 674 494 692 :
504 673 592 700 neque
601 666 672 693 enim
685 673 762 693 suam
779 665 836 699 ipsa
848 669 929 692 natu-

141 715 199 735 ram
220 709 356 744 abnegare
375 711 593 746 possunt.Atque
602 713 635 738 ab
655 711 854 746 alteroquidem
875 711 941 737 alte-

142 763 202 781 rum
217 756 289 783 vinci
304 758 488 784 necessarium
506 758 577 786 foret
593 767 599 785 :
618 757 689 785 Deus
703 763 794 784 autem
808 757 859 784 hoc
872 756 930 784 ﬁeri

994 248 1051 275 ἄνω
1070 249 1202 283 ποταμῶν
1219 250 1266 276 ἐπὶ
1282 251 1389 283 τούτοις
1408 251 1571 278 συστατικὸν
1587 252 1780 286 ἀναφαίνεται.

993 293 1144 329 Σκοπῶμεν
1160 294 1205 328 δὲ,
1222 295 1296 327 ὅπως
1311 296 1431 332 πολέμου
1447 297 1522 328 τέλος
1539 296 1585 323 καὶ
1602 297 1692 332 μάχης
1707 297 1783 324 δυοῖν

992 338 1118 375 θάτερον,
1139 341 1157 375 ἢ
1182 342 1346 369 σπείσασθαι
1369 342 1387 377 ἠ
1412 343 1549 376 κρατῆσαι
1563 351 1570 358 ο
1594 342 1707 378 θάτερον
1730 343 1782 378 μὲν

993 386 1144 420 κρατῆσαι,
1166 386 1281 422 θάτερον
1302 388 1331 414 δὲ
1352 388 1514 423 ἡττηθῆναι.
1537 389 1593 415 Καὶ
1615 389 1781 416 σπείσασθαι

994 431 1044 466 μὲν
1059 432 1094 458 τὰ
1110 434 1232 468 στοιχεῖα
1248 433 1374 469 ἀλλήλοις
1390 435 1530 467 παντελῶς
1545 436 1676 462 ἀδύνατον
1687 443 1694 451 ⁸
1707 436 1781 471 μηδὲ

991 477 1046 512 γὰρ
1062 477 1112 512 τὴν
1127 479 1232 506 ἑαυτῶν
1248 480 1328 514 φύσιν
1342 480 1510 516 ἀρνήσασθαι
1527 480 1649 509 δυνατόν.
1665 481 1777 516 Κρατῆ-

992 532 1036 550 σαι
1057 524 1085 551 δὲ
1108 526 1196 560 πάντη
1219 526 1322 562 θάτερα
1354 527 1411 553 ’τῶν
1442 527 1544 560 ἑτέρων
1565 527 1781 561 ἀναγκαιότατον

995 571 1045 606 μέν
1058 579 1065 587 ·
1080 572 1147 603 Θεὸς
1164 572 1192 599 δὲ
1209 573 1297 608 εἴργει
1310 574 1389 600 τοῦτο
1404 573 1539 608 γενέσθαι.
1557 573 1593 600 Τὸ
1609 574 1663 609 γὰρ
1680 574 1782 610 κρατῆ-

993 625 1043 643 σαν
1060 617 1088 644 ὲν
1105 618 1198 649 αὐτοῖς
1215 619 1322 654 ἀνάγκη
1340 619 1494 653 διαφθεῖραι
1510 620 1541 647 τὸ
1558 620 1715 655 κρατηθὲν,
1734 619 1782 647 καὶ

993 663 1082 698 τούτῳ
1100 664 1296 699 συμφθαρῆναι
1314 666 1344 691 τδ
1362 665 1521 697 ἀναλῶσαν,
1539 665 1665 701 καθάπερ
1683 665 1733 701 ὕλῃ
1749 665 1781 692 τὸ

994 709 1049 743 πῦρ
1062 717 1069 725 ’
1088 709 1159 736 ὥστε
1176 710 1211 737 τὰ
1232 712 1352 746 στοιχεῖα
1374 712 1443 746 μόνα
1460 712 1499 746 (l)
1516 711 1555 746 τῷ
1576 711 1705 746 πολεμεῖν
1721 712 1781 738 δια-

997 755 1090 790 μένει.
1109 757 1156 783 καὶ
1174 757 1212 793 τῷ
1231 757 1377 793 παραδόξῳ
1393 758 1481 792 τούτῳ
1497 757 1660 790 διασώζεται
1676 757 1779 792 τρόπῳ.

128 802 278 843 prohibet.
291 803 358 831 Nam
392 804 567 838 elementum,
582 807 654 840 quod
678 806 704 832 in
723 805 789 839 ipsis
800 804 920 831 victoriae
938 810 1052 838 compos
1071 803 1153 837 foret,
1168 805 1194 832 id
1207 809 1234 832 et
1252 806 1352 833 victum
1367 806 1533 833 elementum
1552 806 1671 837 tolleret,
1687 810 1713 832 et
1728 808 1782 833 una

142 858 205 875 cum
220 850 266 876 illo
279 851 350 886 quod
367 853 596 887 consumpsisset,
617 854 688 880 sicut
700 853 809 879 flamma
822 858 883 878 cum
899 849 1021 882 materia,
1038 850 1126 885 ipsutn
1142 852 1363 887 exstingueretur
1382 863 1389 881 :
1407 853 1478 881 adeo
1498 857 1528 881 ut
1553 852 1616 880 belli
1649 858 1701 887 ope
1722 851 1781 879 sola

141 897 276 924 elementa
299 899 457 933 perdurent,
479 900 693 935 hujusmodique
710 900 802 933 modo,
827 905 915 933 eoque
934 896 1088 924 admirabili
1108 905 1316 927 conserventur.

178 943 222 972 16.
249 944 325 971 Unde
350 946 449 973 mirum
473 953 536 974 esse
560 946 627 979 dixi,
650 947 722 981 quod
747 954 779 973 ex
797 945 930 981 ejusmodi
948 945 970 974 Β

141 991 284 1026 principiis
302 993 335 1019 ab
361 993 441 1020 initio
466 999 559 1021 nostra
580 1001 694 1028 corpora
709 993 894 1025 constiterint,
913 997 940 1020 et

141 1037 183 1063 vel
200 1037 272 1063 brevi
289 1038 416 1072 quopiam
434 1042 556 1073 tctnpore
571 1043 758 1071 permaneant.
771 1037 937 1073 Angelorum

140 1082 210 1109 vcrd
225 1087 321 1109 natura
339 1083 455 1118 simplex
468 1083 668 1118 clementisque
686 1084 874 1118 praestantior,
889 1090 938 1110 ue-

141 1121 244 1163 que-ab
260 1130 303 1162 iis,
320 1130 462 1158 elementis
478 1130 549 1163 dico,
563 1131 750 1158 exsisteutiam
768 1130 849 1157 habet
863 1130 937 1164 (quo

142 1176 226 1208 cuitu,
242 1176 366 1209 obsecro,
384 1182 463 1211 pacto
488 1176 702 1204 consentaneum
723 1183 807 1209 esset,
831 1185 862 1204 ex
880 1180 942 1212 post

142 1219 221 1251 factis
244 1225 318 1259 ipsos
338 1232 398 1252 esse
424 1225 565 1260 factost),
580 1233 669 1259 neque
686 1225 738 1252 alia
757 1224 884 1259 quapiam
910 1230 940 1251 re

142 1270 256 1305 indiget,
285 1276 315 1298 ut
344 1271 478 1298 consistat
502 1276 550 1298 aut
571 1271 641 1298 bene
667 1279 696 1298 se
721 1272 830 1298 habeat.
855 1270 939 1305 Igitur

142 1317 213 1343 haud
232 1322 303 1344 recte
319 1317 448 1350 opinetur
464 1318 536 1351 quis,
558 1318 668 1351 angelos
684 1317 852 1351 eorruptioni
871 1317 938 1344 sub-

139 1364 227 1395 jectos
247 1371 308 1390 esse
322 1371 412 1397 posse.
426 1364 454 1390 Si
469 1364 541 1390 enim
560 1363 723 1397 composita,
742 1370 774 1390 ec
788 1364 847 1398 ipso
864 1364 936 1398 quod

141 1411 293 1443 composita
310 1416 384 1441 sunt,
404 1414 519 1437 mortem
544 1410 653 1444 quidem
674 1410 776 1437 obeunt
802 1411 939 1444 liuemque

144 1455 396 1490 habent,ideoque
425 1456 484 1483 aliis
517 1456 745 1490 eorruptibilibus
779 1456 812 1483 ad
847 1456 940 1484 consi-

142 1502 268 1527 stendum
289 1501 420 1535 indigent,
439 1501 527 1535 palam
560 1506 599 1528 est
623 1502 786 1529 immortalia
805 1509 865 1529 esse
878 1509 938 1536 quae

142 1542 207 1571 s’uut
241 1545 315 1572 hisce
347 1546 496 1574 contraria.
511 1545 554 1572 ES!
567 1553 632 1580 ergo
657 1547 817 1580 angelorum
842 1551 938 1573 natura

141 1592 316 1618 ttmuortalis.
343 1591 410 1618 Nam
434 1599 448 1617 a
468 1592 522 1619 Deo
561 1593 750 1619 exsistentiam
779 1593 890 1625 habent,
908 1597 938 1620 et

142 1638 199 1664 sola
218 1638 299 1672 Itujus
326 1638 537 1673 participatione
559 1639 665 1671 vivunt,
686 1643 843 1671 moventur,
857 1645 935 1667 sunt.

141 1683 301 1719 llujusmodi
336 1689 427 1711 autetn
459 1689 555 1712 natura
594 1686 732 1719 quomodo
767 1686 930 1720 tegrotabit?

140 1731 280 1765 quomodo
316 1730 471 1758 seueswt?
496 1731 633 1765 quomodo
665 1735 816 1757 veteraSCct
836 1731 847 1757 ’ἔ
868 1739 938 1766 quo-

140 1777 222 1803 modo
247 1777 399 1803 morietur?
424 1775 524 1803 Eadem
554 1776 660 1803 ratione
688 1775 795 1803 animas
821 1784 931 1812 quoque

140 1823 311 1850 immortales
339 1830 400 1850 esse
426 1822 642 1850 existimandum
676 1827 728 1849 est.
748 1822 850 1849 Natura
865 1824 936 1850 enim

141 1873 205 1895 sunt
232 1869 371 1902 simplices
386 1887 392 1898 ,
416 1868 587 1902 rationisque
628 1868 797 1902 participes,
821 1869 936 1904 soloque

142 1914 188 1941 Dei
213 1914 370 1940 interventu‘
389 1914 433 1948 (si
460 1914 499 1940 sic
524 1914 594 1948 qttod
621 1913 935 1947 Grazciua'es’g'tvvocanl

141 1961 275 1996 appellari
294 1960 403 1995 placet)
423 1960 572 1987 exsistunt.
590 1959 659 1992 Quin
672 1961 753 1987 etiam
771 1962 937 1996 corruptibi-

142 2008 207 2034 lium
232 2006 444 2040 mortaliuutque
467 2013 558 2032 rerum
586 2013 757 2040 qumrunque
783 2008 936 2041 corruptio-

140 2061 202 2080 nem
218 2061 249 2080 ae
267 2057 382 2079 mortem
408 2052 590 2085 superabunt,
609 2051 678 2078 hanc
704 2052 935 2080 immortalitatem

140 2098 357 2133 incorruptibil's
376 2103 481 2125 naturae
499 2098 707 2132 participatione
729 2099 934 2133 adipiscuntur.

141 2148 271 2178 Qua‘nam
291 2145 373 2180 igitur
388 2144 457 2171 ratio
479 2151 539 2171 esse
565 2148 664 2178 potest,
693 2148 723 2171 ut
746 2145 860 2178 augetis,
889 2147 935 2180 qui

141 2191 306 2219 substantiis
327 2191 489 2218 mortalibus
507 2190 711 2224 prtustautiores
727 2195 802 2221 sunt,
819 2195 935 2218 mortem

141 2237 347 2266 attribuamus?
363 2236 410 2264 Sin
428 2242 517 2263 autern
537 2236 636 2263 horum
650 2240 776 2262 naturam
793 2236 820 2263 in
836 2237 935 2265 melius

1026 944 1074 976 ις’.
1092 946 1145 972 Καὶ
1164 947 1332 982 Θαυμαστὸν,
1350 947 1420 982 ὅπερ
1436 943 1524 979 εἷπον,
1541 946 1582 973 ὅτι
1599 946 1647 973 καὶ
1664 946 1780 981 συνέστη

989 991 1038 1026 τὴν
1055 992 1141 1027 ἀρχὴν
1157 993 1191 1019 τὰ
1209 994 1324 1028 σώματα
1340 993 1406 1028 ἡμῖν
1422 992 1478 1019 ἀπὸ
1494 992 1548 1019 τῶν
1565 992 1693 1019 τοιούτων
1705 1012 1712 1024 ,
1731 994 1779 1019 καὶ

990 1038 1099 1073 διαρκεῖ
1121 1039 1223 1074 βραχύν
1241 1048 1302 1066 τινα
1323 1041 1430 1075 χρόνον.
1451 1040 1482 1066 Ol
1509 1039 1538 1066 δὲ
1559 1038 1669 1073 ἄγγελοι
1697 1038 1780 1073 φύσις

988 1085 1062 1121 ἁπλῆ
1083 1088 1130 1113 καὶ
1147 1086 1201 1112 τῶν
1220 1086 1362 1122 στοιχείων
1380 1086 1531 1121 κρείττων,
1550 1085 1596 1111 καὶ
1617 1085 1681 1112 οὔτε
1702 1085 1779 1119 παρὰ

987 1132 1092 1158 τούτων
1105 1132 1160 1167 ἔχει
1172 1132 1221 1167 τὴν
1235 1131 1353 1167 ὕπαρξιν
1368 1132 1439 1168 (πῶς
1452 1131 1506 1167 γὰρ
1519 1131 1666 1158 ἀκόλουθον
1679 1131 1709 1158 ἐκ
1723 1132 1778 1158 τῶν

989 1179 1218 1214 ὑστερογενῶνῂ,
1244 1171 1306 1205 οὔτε
1328 1179 1400 1209 τινὸς
1412 1179 1489 1209 αὖθις
1514 1178 1611 1210 δεῖται,
1634 1177 1705 1204 ὥστε
1730 1178 1778 1204 καὶ

989 1225 1166 1250 συνίστασθαι
1182 1225 1198 1259 ἦ
1218 1223 1247 1251 εὖ
1265 1223 1344 1252 εἶναι.
1362 1224 1418 1251 Οὐκ
1435 1224 1477 1259 ἄρ’
1490 1223 1520 1250 εὖ
1536 1224 1592 1258 ἔχει
1607 1225 1718 1256 τούτους
1735 1224 1778 1250 δο-

989 1271 1080 1303 ξάζειν
1107 1270 1180 1301 οἵους
1198 1279 1226 1296 τε
1249 1269 1318 1297 εἶναι
1341 1270 1428 1305 φθορᾷ
1445 1269 1597 1297 δουλεῦσαι.
1617 1270 1649 1296 El
1667 1269 1721 1305 γὰρ
1741 1269 1776 1296 τὰ

990 1317 1106 1342 σύνθετα
1127 1315 1211 1350 θνητὰ
1233 1315 1279 1342 καὶ
1298 1315 1375 1349 λῆξιν
1393 1315 1573 1350 ὲκδεχόμενα,
1593 1315 1681 1349 τούτῳ
1701 1316 1776 1349 αύτῷ

988 1363 1026 1397 τῷ
1051 1363 1166 1389 σύνθετα
1188 1360 1269 1392 εἶναι,
1291 1363 1337 1388 καὶ
1360 1362 1403 1389 διὰ
1421 1362 1500 1389 τοῦτο
1522 1362 1625 1388 δέονται
1647 1361 1776 1396 φθαρτῶν

988 1409 1100 1444 ἐτέρων,
1112 1408 1182 1436 ὥστε
1197 1408 1386 1440 συνίστασθαι,
1402 1408 1487 1442 σαφὲς
1500 1408 1533 1435 ἃν
1546 1408 1589 1442 εἴη
1604 1407 1724 1439 πάντως,
1737 1407 1775 1439 ὡς

987 1455 1118 1483 τάναντία
1133 1455 1237 1486 τούτοις
1253 1455 1386 1481 ἀθάνατα.
1404 1455 1438 1481 Ἠ
1451 1454 1504 1481 τῶν
1518 1454 1642 1487 ἀγγέλων
1656 1453 1710 1489 ἄρα
1726 1453 1778 1488 φύ-

991 1510 1033 1533 σις
1052 1501 1195 1531 ἀθάνατος.
1214 1500 1315 1527 Θεόθεν
1330 1501 1385 1535 γὰρ
1402 1501 1450 1535 τὴν
1467 1499 1585 1534 ὕπαρξιν
1602 1499 1711 1534 ἔχουσι,
1728 1500 1776 1525 καὶ

988 1550 1020 1583 τῇ
1038 1548 1134 1574 τούτου
1151 1547 1220 1583 μόνῃ
1235 1548 1344 1582 μεθέξει
1360 1547 1427 1578 ζῶσι
1442 1546 1491 1582 (2),
1505 1545 1551 1572 καὶ
1567 1545 1715 1578 κινοῦνται,
1728 1545 1776 1571 καὶ

990 1595 1057 1621 εἰσιν
1075 1595 1125 1629 ('5).
1137 1594 1220 1621 ’Ὅθεν
1237 1595 1253 1629 ἡ
1269 1594 1382 1629 τοιαύτη
1404 1593 1484 1628 φύσις
1504 1592 1564 1624 πῶς
1583 1591 1631 1628 μὲν
1647 1591 1774 1626 νοσήσεις

990 1641 1049 1672 πῶς
1068 1641 1097 1668 δὲ
1118 1641 1235 1675 γηράσει
1254 1640 1310 1675 (4);
1329 1640 1388 1671 πῶς
1407 1639 1435 1666 δὲ
1456 1638 1701 1672 παλαιωθήσεται;
1718 1636 1776 1668 πῶς

988 1689 1017 1715 δὲ
1031 1687 1208 1722 τεθνήξεταις
1225 1687 1325 1713 Τοῦτον
1341 1687 1369 1713 δὲ
1384 1686 1430 1713 τὸν
1444 1686 1546 1720 τρόπον
1560 1685 1606 1712 καὶ
1622 1684 1671 1714 τὰς
1686 1683 1775 1719 ψυχὰς

989 1735 1140 1765 ἀθανάτους
1153 1734 1334 1769 ὑποληπτέον.
1352 1732 1449 1760 Ἀπλαῖ
1461 1731 1516 1767 γὰρ
1529 1731 1560 1766 δὴ
1575 1731 1620 1757 καὶ
1633 1726 1713 1758 αὗται
1725 1730 1776 1764 τὴν

989 1781 1086 1816 φύσιν,
1105 1780 1153 1807 καὶ
1170 1770 1295 1814 λογικαὶ,
1313 1779 1361 1806 καὶ
1375 1780 1408 1814 τῇ
1427 1778 1474 1805 τοῦ
1492 1777 1559 1804 Θεοῦ
1578 1776 1686 1812 μεθέξει
1706 1776 1776 1811 μόνῃ

989 1827 1173 1853 συνίστανται.
1188 1827 1242 1861 Κριὶ
1260 1826 1311 1860 μὴν
1327 1825 1376 1852 καὶ
1389 1825 1442 1852 τῶν
1457 1823 1585 1858 φθαρτῶν
1599 1831 1629 1849 τε
1644 1823 1692 1849 καὶ
1707 1822 1774 1858 θνη-

988 1873 1052 1905 τῶν,
1066 1874 1115 1899 ὅσα
1130 1872 1221 1907 μέλλει
1237 1873 1345 1902 πάντως
1360 1869 1525 1906 γενήσεσθαι
1539 1869 1656 1904 κρείττω
1670 1867 1774 1903 φθορᾶς

988 1920 1036 1945 καὶ
1053 1919 1178 1951 θανάτου,
1196 1920 1228 1953 τῇ
1244 1917 1292 1944 τοῦ
1308 1918 1448 1952 ἀφθάρτου
1466 1917 1565 1951 μετοχῇ
1581 1915 1660 1942 τοῦτο
1675 1914 1708 1941 ἂν
1724 1913 1775 1940 πά-

989 1966 1040 1993 θοι.
1056 1966 1137 1991 ’Ὥστε
1152 1964 1203 1991 τίν’
1215 1965 1271 2000 ἔχει
1287 1964 1366 1999 λόγον
1376 1983 1383 1996 ,
1400 1963 1517 1990 θάνατον
1532 1962 1660 1996 ἀγγέλοις
1675 1960 1775 1995 περιά-

988 2020 1065 2038 πτειν
1080 2011 1201 2046 ἀμείνοσι
1216 2010 1268 2037 τῶν
1282 2010 1387 2045 θνητῶν
1402 2009 1442 2045 (5)
1456 2009 1640 2043 ύπάρχουσινς
1657 2007 1687 2033 Εἰ
1700 2007 1728 2032 δὲ
1742 2007 1773 2041 δὴ

987 2059 1037 2093 τὴν
1052 2057 1155 2084 τούτων
1170 2056 1250 2092 φύσιν
1266 2057 1320 2092 φῂς
1336 2055 1509 2083 ἀλλοιοῦσθαι
1523 2053 1591 2089 πρὸς
1606 2053 1636 2079 τδ
1652 2052 1772 2088 βέλτιον,

988 2105 1035 2131 καί
1050 2112 1091 2130 σοι
1107 2104 1183 2138 φίλον
1198 2103 1313 2130 θάνατον
1327 2102 1406 2128 τοῦτο
1421 2101 1524 2132 καλεῑν,
1541 2100 1595 2127 ῐσθι
1612 2099 1672 2135 μὲν,
1689 2099 1726 2131 ὡς
1741 2099 1772 2125 οὐ

987 2150 1063 2186 καλῷ
1087 2149 1231 2176 κάλλιστον
1255 2148 1372 2183 πρᾶγμα
1396 2145 1614 2180 προσαγορεύεις
1636 2145 1749 2178 ὀνόματι
1764 2151 1772 2159 ⁸

987 2196 1037 2231 τὴν
1055 2196 1109 2230 γὰρ
1128 2195 1175 2221 tu).
1192 2195 1221 2221 τὸ
1240 2194 1363 2228 κρεῖττον
1379 2191 1524 2218 ἀλλοίωσιν
1541 2189 1614 2224 ζωῆς
1636 2197 1774 2222 προσηγο-

990 2243 1052 2277 ρίαν
1071 2241 1197 2276 δέχεσθαι
1219 2239 1317 2274 μᾶλλον
1337 2238 1353 2272 ἢ
1376 2236 1492 2263 θανάτου
1514 2235 1648 2270 προσῆκε.
1666 2234 1773 2266 Λέξεως

141 2285 241 2311 mutari
257 2284 336 2317 dicis,
355 2289 436 2318 atque
457 2283 508 2310 hoc
524 2289 638 2309 mortem
653 2290 752 2310 vocare
775 2283 822 2309 tibi
835 2284 931 2318 placet,

991 2290 1007 2317 5'
1021 2290 1114 2316 ἕνεκεν
1136 2289 1167 2314 οὐ
1189 2286 1345 2320 διοίσομαι·
1368 2285 1424 2311 ἀλλ’
1437 2284 1497 2310 οὐδὲ
1519 2282 1603 2310 πολύν
1623 2283 1686 2309 τινά
1708 2290 1774 2308 ποτε

140 2331 253 2359 nomine
271 2339 324 2358 non
346 2331 460 2366 pulchro
477 2329 690 2364 pulcherrimam
711 2338 768 2356 rem
786 2330 834 2357 abs
849 2336 872 2357 tc
884 2339 931 2366 ap-

141 2376 236 2410 pellari
264 2377 332 2403 scito
351 2385 359 2402 :
378 2384 438 2403 nam
456 2382 516 2410 qum
536 2375 563 2402 in
585 2375 683 2402 melius
712 2376 740 2402 fit
767 2375 932 2412 immutatio,

987 2335 1138 2368 ποιήσομαι
1153 2333 1231 2364 λόγον
1241 2351 1249 2364 ,
1265 2331 1330 2358 ὅταν
1346 2339 1387 2357 σοι
1402 2329 1451 2364 τῆς
1468 2329 1586 2364 ἀληθοῦς
1600 2329 1614 2355 ὸ
1629 2327 1690 2359 νοῦς
1708 2327 1773 2362 ἔχη-

985 2387 1030 2406 ται
1045 2379 1136 2412 δόξης.

141 2433 172 2452 ca
193 2425 254 2451 vita:
271 2424 363 2459 potius
375 2432 455 2459 quam
474 2424 572 2451 mortis
601 2423 811 2458 appellationem
844 2427 968 2462 accipere
988 2427 1109 2454 deberet.
1133 2425 1186 2452 Sed
1215 2424 1290 2452 nulla
1321 2425 1374 2452 erit
1405 2423 1474 2451 mihi
1512 2426 1601 2450 tecum
1634 2423 1667 2450 de
1691 2422 1775 2451 verbo

142 2472 331 2499 controversia
347 2480 354 2498 :

142 2521 334 2555 sententiaque
351 2524 395 2547 tua
414 2528 468 2546 non
488 2520 522 2547 sit
539 2519 642 2547 aliena.

178 2569 221 2596 17.
239 2567 286 2594 llic
307 2567 399 2599 Persa,
419 2566 535 2601 Optime,
553 2566 652 2600 inquit,
671 2567 792 2594 omnium
813 2572 839 2594 tu
868 2568 932 2595 mihi

142 2616 192 2643 abs
205 2621 229 2643 te
243 2615 378 2643 dictorum
393 2613 512 2648 probasti
522 2613 667 2645 rationem,
680 2615 861 2648 orationeque
875 2619 934 2646 tua,

143 2669 206 2690 eum
220 2662 342 2697 angelos,
353 2666 409 2688 tum
433 2661 548 2692 animas,
562 2660 731 2688 immortales
748 2669 808 2688 esse
823 2662 846 2688 dt
858 2669 936 2687 mon-

144 2709 250 2736 strasti.
262 2709 411 2736 Amborum
427 2713 516 2734 tamen
534 2711 630 2734 natura
646 2715 699 2734 non
718 2707 807 2734 omnis
821 2709 934 2735 omnino

144 2754 280 2789 passionis
296 2762 394 2789 expers
408 2761 467 2782 esse
483 2753 548 2781 tnihi
562 2753 669 2780 videtur
684 2763 691 2780 :
713 2761 762 2780 nec
775 2755 846 2781 enim
864 2761 935 2781 sem-

180 2823 220 2857 (Ι)
232 2824 313 2852 Forte
327 2826 410 2860 μόνῳ.

181 2860 221 2890 (‘2)
236 2861 303 2888 Cod.
319 2862 403 2889 Cuisl.
422 2861 488 2892 ζιΤα.

182 2894 222 2931 (ὅ)
234 2897 337 2925 Alludit
352 2898 384 2926 ad
407 2897 433 2925 ὃ.
448 2897 521 2925 l‘auli
536 2897 649 2929 dictum,
665 2898 694 2924 ita
705 2901 722 2924 ι.
747 2897 786 2933 Ap
800 2902 840 2924 est.
863 2904 929 2927 xm,

396 2479 445 2498 nec
465 2471 576 2505 longum
594 2479 644 2506 ego
658 2471 691 2498 de
713 2471 758 2498 illa
774 2480 802 2499 re
819 2480 879 2500 sum
895 2482 1048 2502 sermonem
1074 2474 1207 2506 facturus,
1227 2473 1374 2500 dummodo
1388 2480 1404 2499 a
1419 2479 1485 2499 vera
1509 2471 1639 2506 opinione
1661 2471 1776 2500 intentio

1023 2571 1064 2602 ιζ’,
1086 2570 1194 2604 Σφόδρα
1209 2569 1314 2601 πάντα,
1330 2568 1383 2603 ἔφη
1398 2569 1411 2595 ὁ
1426 2567 1549 2604 Πέρσης,
1567 2569 1660 2604 ἔχεται
1676 2577 1717 2595 σοι
1732 2568 1775 2595 λό-

985 2624 1034 2648 γον
1055 2616 1089 2641 τὰ
1109 2616 1259 2651 εἰρημένα,
1282 2615 1329 2642 καὶ
1351 2614 1503 2646 ἀθανάτους
1525 2615 1588 2645 τοὺς
1609 2615 1741 2648 ἀγγέλους
1761 2615 1775 2641 ὁ

985 2660 1064 2694 λόγος
1077 2661 1202 2696 ἀπέφηνε
1211 2682 1217 2692 ,
1233 2662 1279 2687 καὶ
1291 2661 1324 2696 δὴ
1338 2661 1384 2687 καὶ
1397 2660 1444 2691 τὰς
1457 2659 1555 2694 ψυχάς.
1571 2661 1605 2686 'H
1619 2659 1699 2694 φύσις
1712 2659 1775 2693 μέν·

987 2716 1028 2732 τοι
1052 2707 1100 2733 καὶ
1121 2708 1223 2742 ἀμφοῖν
1246 2709 1296 2734 οὐκ
1317 2707 1426 2741 ἀπαθὴς
1447 2707 1620 2734 παντάπασιν
1639 2704 1706 2732 οὖσά
1728 2714 1772 2739 μοι

988 2753 1115 2787 φαίνεται
1127 2762 1133 2768 ·
1151 2754 1210 2780 οὐδὲ
1229 2755 1283 2789 γὰρ
1301 2754 1343 2780 ἀεὶ
1359 2754 1492 2785 ὡσαύτως
1508 2753 1606 2788 ἔχουσα
1617 2773 1624 2784 ,
1640 2752 1687 2778 καὶ
1703 2751 1774 2778 κατὰ

987 2825 1032 2851 ίὶ8,
1047 2824 1078 2851 In
1090 2826 1145 2858 ipso
1156 2827 1223 2852 enim
1240 2826 1361 2857 vivimus,
1377 2833 1510 2853 movemur
1524 2831 1547 2852 cl
1563 2833 1664 2852 sumus.

1027 2861 1064 2891 (λι)
1077 2861 1144 2888 (Iud.
1159 2861 1244 2888 Cuisl.
1260 2870 1290 2894 γε
1310 2862 1453 2895 κρατήσει.

1025 2896 1064 2927 Hi)
1080 2895 1124 2924 Sic
1140 2896 1246 2923 correxi
1267 2905 1271 2922 :
1286 2898 1310 2923 iu
1327 2905 1391 2924 tussi
1405 2896 1503 2930 igitur
1515 2895 1563 2922 τῶν
1577 2895 1673 2922 ἕντων.
