1929 3087
149 130 202 162 15⁵1

648 131 842 162 DIALOGUS
861 131 893 162 ll
915 131 996 162 CUM
1009 130 1286 162 ΜΟΠΑΜΕΤΛΝΟ.

1724 131 1776 163 ιέ

146 188 199 222 τὴν
217 187 389 223 κατασκευὴν
404 188 459 214 τῶν
479 187 596 222 ἱματίων
623 187 772 223 ὠνήσηται.
797 187 866 214 Ἀλλ’
881 187 935 214 οὐδ’

992 186 1071 214 homo
1088 187 1140 214 tale
1160 187 1298 221 quidpiam
1312 185 1410 213 dixerit
1430 194 1437 212 :
1464 190 1536 214 esset
1548 186 1620 214 enim
1636 194 1651 214 ει
1668 187 1774 214 ratione

148 233 183 260 ἂν
201 230 242 265 εἷς
260 233 412 268 ἀνθρώπων
429 233 576 267 φθέγξαιτό
590 242 617 259 τι
638 233 759 259 τοιοῦτον
771 241 778 248 θ
798 233 858 260 οὐδὲ
879 233 934 268 γὰρ

149 279 373 314 σωφρονούντων.
388 280 419 306 Εἰ
435 279 458 305 δ’
471 279 541 313 ὑπὲρ
551 279 630 313 λόγον
645 279 661 313 ἠ
677 278 774 312 κτῆσις
791 278 845 305 τῶν
860 270 935 305 ἐνδυ-

151 327 246 362 μάτων
259 327 306 353 καὶ
322 327 340 361 ή
350 325 465 361 διαμονὴ
481 324 650 360 (διαμένουσι
665 324 730 359 γὰρ,
744 324 776 351 τὸ
788 324 936 358 παραδοξό-

148 381 242 404 τατον,
260 372 398 406 ἄφθαρτα,
415 379 432 408 ῃ
447 370 487 406 [ll
503 368 690 405 πιστεύομεν),
703 369 762 401 πῶς
769 370 818 396 οὐκ
830 369 937 396 ἀτοπώ-

148 427 231 445 τατον
256 419 363 445 πάντων
390 418 428 453 μή
445 417 475 444 τὸ
494 418 547 444 πᾶν
575 417 680 452 ίσχύειν
700 416 791 450 λέγειν
817 417 937 452 περᾶναι

149 465 196 490 τὸν
210 463 405 498 ἀριοτοτέχνην
417 464 494 496 Θεῦν,
510 462 578 489 ἀλλά
592 462 637 489 καὶ
651 463 772 498 ἀκεστήν
784 462 935 496 ἐπιζητεῖν,

150 511 179 541 τις
202 511 366 545 εἰδοποιήσει
392 510 431 545 (2)
452 510 505 544 τὴν
530 509 615 544 ὖ).ην;
632 509 726 542 ὥσπερ
751 509 800 535 οὐκ
815 509 874 535 ἐνὸν
891 509 937 535 καὶ

152 556 209 583 τόδε
228 557 295 592 πρὸς
309 557 365 588 τοῖς
379 555 472 588 ἄλλοις
483 555 593 582 τελέσαι
607 555 680 591 μόνῳ
689 554 854 590 βουλήματι.

187 689 221 721 ζ’.
245 689 299 717 Καὶ
313 691 326 716 ὁ
350 689 457 724 Πέρσης
470 689 541 724 ἥσθη
557 697 588 715 τε
613 687 796 723 διαφερόντως
812 689 869 719 τοῖς
885 688 937 714 τῶν

154 737 230 763 υἱέων
255 736 355 770 λόγοις,
382 736 439 769 καὶ,
464 734 564 765 Καλῶς
590 743 634 769 μοι
652 734 787 765 δοκοῦσιν,
803 731 891 764 εἶπεν,
914 733 938 759 οι

152 784 207 810 νέοι
225 782 419 818 βεϐοηθηκέναι
436 783 491 813 τοῖς
518 781 570 807 ὑπὸ
590 781 636 807 σοῦ
652 780 819 815 λεγομένοις,
835 779 863 805 εὔ
890 778 939 805 καὶ

151 822 242 856 δίκαια
258 829 420 864 πράξαντες,
434 829 482 863 τῆς
496 829 564 862 πρὸς
578 827 675 858 αὐτούς
687 835 732 861 μοι
749 827 937 861 παραινέσεως

986 234 1158 267 etsapientia
1171 232 1398 260 remotissimum.
1417 232 1493 265 Quod
1507 233 1529 260 si
1549 233 1698 260 humanum
1726 241 1774 260 ca-

985 286 1062 314 ptum
1077 284 1187 314 superat
1211 278 1435 306 vestimentorum
1449 278 1505 305 hmc
1522 278 1609 312 gestio
1623 283 1650 305 et
1665 286 1774 306 conser-

985 326 1059 353 vatio
1074 326 1244 361 (permanent
1259 326 1342 356 enim,
1361 325 1432 360 quod
1449 325 1490 352 vel
1517 326 1639 352 omnium
1657 325 1774 356 maxime

987 372 1153 405 mirandum,
1168 372 1336 406 incorrupta,
1355 376 1383 398 ut
1399 379 1448 399 nos
1472 372 1582 406 quidem
1600 372 1738 398 credimus
1753 372 1773 404 ).

986 419 1139 454 quomodo,
1153 427 1258 453 quaeso,
1278 426 1331 445 non
1350 419 1427 446 valde
1439 418 1576 445 absurdus
1591 423 1662 444 esset
1679 417 1713 449 is,
1728 417 1774 450 qui

987 468 1179 498 prmpotentem
1209 465 1397 498 optimumque
1424 464 1547 498 opilicem
1564 462 1771 490 aediﬁcatorem-

987 516 1040 543 que
1064 510 1156 535 mundi
1176 509 1258 536 Deum
1280 517 1333 536 non
1358 509 1449 536 omnia
1480 508 1609 544 perﬁcere
1624 516 1703 542 posse
1729 509 1770 534 di-

989 559 1074 586 ceret,
1093 555 1138 582 sed
1156 560 1290 581 sartorem
1307 556 1388 582 etiam
1404 555 1553 589 requirere,
1568 554 1613 589 qui
1627 555 1769 581 materiam

987 601 1075 628 forma
1092 601 1241 635 insigniat?
1267 602 1344 635 quasi
1368 609 1421 628 non
1443 606 1544 635 posset,
1564 606 1592 628 ut.
1608 607 1717 633 czetera,
1734 602 1774 628 sic

989 647 1040 674 hoc
1054 654 1162 681 quoque
1183 648 1320 674 voluntate
1335 648 1392 674 sola
1416 655 1465 674 sua
1479 648 1596 675 eﬁicere.

1023 692 1049 718 7.
1067 691 1132 724 Qua:
1146 699 1206 718 cum
1225 692 1372 724 dixissent,
1388 701 1523 720 summam
1544 694 1610 721 mihi
1624 702 1638 721 ε
1655 694 1772 721 ﬁliorum

988 737 1160 765 sermonibus
1186 737 1349 772 voluptatem
1367 746 1464 772 capere
1481 740 1556 766 visus
1567 745 1608 767 est
1623 739 1715 769 Persa,
1735 743 1773 769 el.

989 782 1035 810 Nm
1050 783 1156 810 medius
1174 783 1261 815 ﬁdius,
1279 783 1377 819 inquit,
1406 785 1519 819 pulchre
1532 786 1585 812 tuis
1609 785 1690 812 dictis
1709 785 1775 811 ado-

990 827 1124 855 lescentes
1137 828 1180 855 isti
1201 834 1265 855 sunt
1292 830 1464 862 patrocinati,
1487 830 1569 865 idque
1585 837 1657 858 recte
1669 839 1700 858 ae
1714 831 1777 865 jure

154 875 380 910 μνημονεύοντες.
397 875 518 909 Ἦδομαι
534 873 600 908 γὰρ,
617 873 675 905 πῶς
691 873 752 905 οἴει,
770 874 810 899 ὅτι
826 872 873 898 καὶ
887 871 934 898 τοῦ

992 875 1098 907 merito,
1110 875 1180 909 quod
1204 882 1291 901 meam
1310 875 1342 901 ad
1361 876 1435 910 ipsos
1446 876 1663 904 adhortationem
1680 877 1776 903 menti-

152 921 287 959 φύσαντος
299 921 366 954 ἐμοῦ
374 920 490 955 τάληθὲς
503 919 732 954 προτιμῶσι.Ναὶ
744 919 840 951 ὅντως,
854 918 933 953 ἔφην,

152 967 174 995 ὦ
200 968 335 1003 βέλτιστε·
359 964 432 994 οὗτοί
451 974 480 992 τε
503 967 557 1000 γάρ
584 974 634 1000 μου
654 965 692 999 τῷ
709 965 782 1000 λόγῳ
798 964 935 999 λαμπρῶς

152 1015 278 1040 «avsi-trav
291 1021 298 1027 '
317 1012 349 1038 σύ
366 1021 396 1038 τε
419 1012 525 1042 δίκαιος
539 1011 662 1045 ἥδεσθαι,
682 1009 721 1042 οἷς
744 1012 768 1036 οἱ
783 1011 876 1041 παῖδές
895 1018 936 1036 σοι

151 1060 202 1093 τῆς
228 1058 357 1093 ἀληθείας
372 1058 483 1091 ἄγουσιν
507 1058 584 1083 οὐδὲν
608 1057 780 1091 τιμιώτερον.
799 1056 873 1089 Πλήν
892 1063 936 1089 μοι

153 1106 200 1132 τὸν
214 1104 379 1138 παράδεισον
398 1103 497 1137 φράζε,
511 1103 558 1129 καὶ
571 1102 620 1136 τὴν
631 1102 711 1129 αὑτοῦ
727 1102 877 1136 διατριῦὴν,
891 1101 938 1126 καὶ

152 1150 202 1184 τὴν
217 1149 368 1175 ἀπόλαυσιν
381 1149 481 1179 πᾶσαν,
497 1149 542 1174 καὶ
559 1148 627 1182 πρός
635 1156 665 1180 γε
685 1147 724 1173 ἔτι
736 1147 784 1181 τὴν
799 1147 888 1178 δόξαν,
899 1143 938 1186 ιῆς

156 1194 315 1230 μεθέξουσιν
324 1195 453 1226 ἆπαντες,
469 1193 533 1220 ὂσοί
540 1194 572 1228 δὴ
582 1194 616 1220 τὰ
631 1194 725 1227 ἱμάτια
743 1193 919 1227 ἀμφιέσονται
929 1200 936 1208 ·

154 1239 194 1272 οἷς
215 1240 263 1267 καὶ
284 1239 377 1274 Θαῦμα
403 1240 545 1274 μέμικται,
572 1240 651 1274 εἴπερ
674 1239 773 1273 ἀληθές
797 1240 880 1270 ἐστιν,
900 1239 938 1270 ὡς

155 1287 209 1320 ἄρα
225 1286 342 1320 κρείττω
354 1285 440 1311 ταῦτά
456 1294 487 1320 γε
502 1285 660 1319 διαμενοῦσι
676 1285 777 1319 φθορᾶς
790 1292 797 1299 ·
812 1284 878 1310 πολύ
893 1293 938 1318 μοι

155 1333 220 1366 γᾶρ,
238 1329 268 1358 εὖ
287 1331 352 1361 ίσθι.
372 1330 458 1357 ταῦτα
474 1331 591 1365 παρέχει
607 1331 769 1356 διαπιστεῖν.
785 1320 895 1361 Δίδαξον
910 1330 938 1355 δέ

159 1386 192 1412 με
211 1378 279 1413 πρὸς
304 1378 360 1408 τοῖς
375 1377 464 1408 ἄλλοις
480 1376 527 1404 καὶ
543 1377 601 1403 τόδε
612 1384 618 1391 ·
633 1377 734 1407 πάντες
759 1376 939 1410 ἀμφιέσονται

157 1424 252 1456 ταῦτα,
267 1423 324 1450 ὅσοι
338 1423 370 1458 δὴ
386 1423 435 1457 τῆς
447 1423 583 1457 ὑμετέρας
598 1422 767 1457 θρησκείας;
784 1423 799 1457 ἢ
814 1421 879 1447 ἐνιοι
891 1421 939 1455 μὲν

156 1470 258 1502 αὐτῶν,
271 1469 336 1495 ἐνιοι
350 1468 378 1495 δὲ
389 1468 419 1494 οὕ
432 1477 439 1501 ;
457 1469 502 1494 καὶ
517 1469 542 1494 εί
557 1468 630 1494 ἔστιν
643 1467 794 1494 ἀπολαῦσαι
810 1466 939 1500 μειζόνων

157 1513 265 1548 ἀγαθῶν
294 1514 425 1548 φανέντας
441 1513 539 1548 ἄνδρας
564 1513 684 1547 ἀγαθοὺς
711 1513 758 1540 καὶ
773 1513 938 1546 βεϐιωκότας

986 926 1096 949 nerunt.
1110 920 1177 947 Nam
1195 921 1267 955 quod
1281 922 1381 949 veritas
1395 921 1429 949 ab
1460 922 1512 950 illis
1543 924 1584 950 vel
1615 923 1680 950 mihi
1706 924 1774 957 patri

986 967 1149 999 antefertur,
1164 967 1339 993 vehementer
1356 967 1443 994 laetor.
1461 967 1498 994 Ita
1516 973 1569 1000 est,
1587 969 1709 1004 inquam.
1726 977 1776 1002 op-

988 1013 1053 1040 time
1068 1012 1107 1038 vir
1125 1022 1131 1039 :
1149 1012 1193 1039 isti
1221 1012 1373 1040 luculenter
1387 1021 1452 1047 meze
1467 1015 1607 1048 suﬁragati
1633 1020 1697 1042 sunt
1712 1023 1776 1042 ora—

987 1058 1053 1085 tioni
1073 1066 1081 1084 2
1100 1058 1223 1091 ﬁliosque
1242 1062 1305 1085 tuos
1319 1058 1432 1086 veritate
1460 1059 1528 1086 nihil
1551 1060 1691 1094 antiquius
1724 1062 1776 1088 du-

988 1111 1050 1131 cere
1068 1103 1165 1130 merito
1194 1103 1297 1130 laetare.
1329 1102 1382 1130 Sed
1413 1104 1486 1131 enim
1508 1113 1580 1132 nunc
1596 1106 1629 1132 de
1647 1107 1776 1140 paradiso

988 1150 1054 1176 mihi
1076 1156 1169 1180 narra,
1185 1153 1211 1175 et
1228 1148 1261 1174 de
1281 1149 1422 1176 beatorum
1443 1150 1470 1176 in
1485 1157 1518 1177 eo
1531 1155 1615 1183 statu,
1632 1155 1659 1177 et
1682 1151 1715 1178 de
1730 1159 1776 1178 vo-

989 1195 1139 1230 luptatihtts
1152 1202 1221 1229 quas
1237 1195 1391 1229 percipiunt.
1407 1196 1492 1222 :item
1510 1196 1542 1222 de
1554 1197 1713 1224 muneribus
1729 1207 1791 1223 cut

990 1241 1120 1275 ronisque
1143 1247 1237 1267 eorum
1267 1240 1312 1274 qui
1337 1240 1460 1268 vestibus
1492 1241 1557 1270 illis.
1574 1249 1643 1276 quas
1671 1242 1775 1272 dixisti,

989 1285 1137 1312 iuduentur
1148 1295 1154 1312 :
1165 1285 1264 1320 quibus
1275 1290 1366 1313 tamen
1379 1286 1500 1314 vestibus
1512 1287 1612 1320 aliquid
1626 1288 1773 1314 admistum

989 1338 1049 1358 esse
1063 1336 1170 1365 oportet
1191 1331 1326 1364 miraculi,
1344 1333 1365 1359 si
1391 1333 1503 1367 quidem
1532 1341 1624 1360 verum
1643 1338 1695 1365 est,
1714 1342 1777 1360 cor-

989 1376 1124 1410 ruptionis
1138 1382 1264 1411 expertes
1275 1385 1322 1405 eas
1340 1385 1400 1405 esse
1417 1386 1610 1413 permansurae
1626 1388 1632 1406 :
1646 1379 1776 1413 quocirca

989 1422 1023 1449 de
1047 1427 1102 1450 tota
1121 1431 1160 1454 re.
1199 1423 1267 1450 mihi
1299 1424 1390 1456 crede,
1420 1424 1580 1455 addubitare
1609 1425 1694 1451 nimio
1717 1424 1776 1459 plus

992 1469 1104 1503 incipio.
1118 1468 1186 1496 illud
1202 1474 1293 1496 autem
1311 1477 1353 1496 me
1368 1474 1465 1504 praeter
1478 1475 1575 1498 cmtera
1597 1472 1711 1498 edoceas
1726 1471 1777 1498 ob-

991 1523 1092 1542 secro:
1120 1523 1153 1542 an
1176 1515 1334 1550 huiusmodi
1362 1517 1485 1543 vestibus
1511 1516 1657 1544 inducatur
1678 1523 1775 1543 omnes

158 1561 213 1596 βίον
228 1560 303 1594 φίλον
315 1559 384 1596 Θεῷ,
406 1559 422 1594 ἦ
436 1560 518 1594 μέχρι
533 1560 579 1585 καὶ
592 1559 638 1585 τοῦ
661 1559 826 1593 παραδείσου
844 1559 939 1593 στήσε-

992 1563 1146 1596 ψιὶειιηιμιο
1182 1562 1337 1596 religionem
1370 1567 1488 1590 vestram
1521 1556 1706 1597 proﬁtentur?
1732 1563 1776 1589 vel

157 1615 200 1632 ται
218 1605 320 1640 τούτοις
333 1606 350 1640 ἡ
364 1605 418 1631 εἴτε
429 1605 508 1639 χάρις
522 1603 681 1639 είτ’ἀμοι6ὴ
697 1605 745 1638 τῆς
764 1605 818 1630 τῶν
833 1604 940 1638 τρέπων

157 1651 274 1685 ἀρετῆς;
292 1651 338 1678 καὶ
354 1651 398 1678 διὰ
413 1651 446 1677 τά
468 1650 535 1685 ἔργα
555 1649 672 1683 τούτοις,
696 1650 712 1684 ἦ
726 1649 770 1677 διὰ
784 1650 832 1686 τὴν
849 1649 940 1676 πίστιν

159 1697 234 1723 ἔσται
262 1697 341 1723 ταυτὶ
351 1696 457 1730 τάγαθά
469 1704 477 1729 ;

995 1609 1092 1643 partim
1112 1608 1219 1642 quidem
1235 1608 1395 1642 intluentur,
1412 1609 1511 1643 partial
1535 1616 1600 1636 vero
1613 1617 1667 1636 non
1687 1610 1751 1636 item
1764 1609 1777 1635 ?

994 1661 1027 1680 an
1046 1653 1194 1688 majoribus
1218 1653 1379 1688 quibusdam
1394 1654 1471 1681 benis
1495 1655 1549 1681 l'rui
1583 1659 1708 1688 possunt,
1728 1654 1776 1688 qni

994 1699 1066 1725 viros
1090 1699 1190 1733 probos
1219 1706 1248 1726 se
1276 1691 1511 1730 demonstrarunt,
1546 1704 1704 1733 gratamque
1724 1698 1777 1724 Deo

163 1744 245 1770 vitam
262 1743 399 1775 vixerunt,
414 1743 456 1770 vel
471 1743 531 1776 ipso
558 1742 686 1778 paradiso
700 1742 940 1770 circumscribatur
957 1743 1000 1771 illa
1016 1750 1063 1772 aut
1077 1745 1163 1779 gratia
1179 1749 1226 1773 aut
1239 1744 1370 1772 virtutum
1384 1745 1590 1773 remuneratio?
1603 1746 1730 1780 denique,
1742 1753 1777 1772 an

158 1795 268 1826 propter
280 1797 372 1824 opera,
391 1790 433 1817 vel
454 1794 564 1828 propter
589 1790 681 1823 ﬁdem,
709 1790 766 1817 haec
791 1790 831 1818 eis
851 1790 992 1825 obtingent
1007 1791 1099 1819 bona?

192 1837 227 1873 η’.
249 1837 329 1864 Ἀλλά
349 1846 389 1864 σοι
416 1836 504 1863 πάντα
532 1837 711 1872 πειράσομαι,
740 1838 818 1871 φησὶ,
845 1838 941 1873 διηγή-

159 1884 270 1916 σασθαι,
285 1884 318 1919 ἢν
336 1885 349 1910 ὁ
364 1883 460 1918 καιρὸς
485 1883 631 1918 ἐπιτρέψῃ.
648 1884 705 1910 Καὶ
730 1884 785 1918 γὰρ
804 1884 835 1910 τὸ
850 1884 940 1917 λέγειν

157 1932 280 1963 τοιαῦτα,
297 1931 312 1967 ἢ
335 1931 444 1958 ἀκούειν
459 1930 537 1958 ἄλλου
551 1930 597 1957 τοῦ
628 1930 764 1964 λέγοντος,
779 1930 874 1965 ἔμοιγε
894 1931 941 1956 καὶ

160 1976 267 2012 μέλιτος
282 1977 367 2012 ἣδιον.
393 1975 505 2010 Ῥητέον
524 1975 547 2002 δ’
562 1976 594 2002 ἂν
619 1976 662 2011 εἴη
680 1975 788 2010 πρῶτον
803 1976 867 2010 περὶ
893 1975 940 2001 τοῦ

157 2025 278 2057 πρώτου.
301 2021 368 2048 Ἴσοι
385 2021 484 2054 τοίνυν,
501 2022 538 2053 ὠς
551 2021 636 2055 ὀλίγοι
651 2022 751 2055 κομιδῆ
767 2023 892 2057 μετεῖχον
908 2022 942 2048 ἂν

158 2069 207 2103 τῆς
225 2069 364 2103 μακαρίας
381 2068 452 2103 ζωῆς
469 2068 515 2095 καὶ
540 2067 595 2095 τῶν
618 2068 647 2094 ἐν
662 2068 821 2103 παραδείσῳ
841 2068 942 2100 καλῶν,

158 2115 236 2149 εἴπερ
259 2115 272 2141 ὁ
289 2113 404 2147 Χριστὸς
424 2113 547 2148 ἀκριϐῶς
567 2113 622 2140 τῶν
643 2114 711 2149 ἡμῖν
737 2114 942 2149 πεπραγμένων

157 2160 208 2191 τὰς
224 2160 339 2191 εὐθύνας
360 2159 470 2194 ἀπῄτει.
487 2159 575 2190 Αὐτὸς
590 2159 645 2194 γὰρ
660 2158 817 2186 καθεδεῖται
832 2159 944 2186 πάντων

158 2207 254 2241 κριτὴς
266 2205 435 2242 δικαιότατος
447 2213 454 2220 '
472 2205 552 2237 ῐσμεν
564 2203 645 2231 τοῦτο
665 2204 735 2231 πάνυ
748 2203 839 2236 καλῶς
849 2212 856 2219 ·
872 2203 940 2238 πνοή

157 2260 186 2278 τε
199 2252 254 2286 γάρ
269 2252 336 2284 ἔστι,
346 2251 393 2277 καὶ
409 2250 494 2286 ψυχὴ,
507 2251 555 2277 καὶ
570 2251 658 2284 Λόγος
676 2251 778 2283 ζῶντος
793 2249 873 2283 Θεοῦ,
894 2249 942 2276 καὶ
958 2243 980 2271 θ

158 2299 191 2339 £7;
204 2298 342 2332 Παρθένου
358 2297 476 2332 τεχθεὶς,
493 2297 615 2330 φυλάξας
630 2297 733 2332 ταύτην
746 2297 794 2324 καὶ
812 2296 882 2330 μετὰ
895 2297 941 2335 τύ-

122 2379 125 2381 ,
158 2353 217 2376 κον,
238 2343 328 2378 ὡς’δὴ
347 2344 394 2369 καὶ
419 2344 552 2377 πρότερον
574 2340 627 2377 ἦν·
656 2343 724 2369 ἀλλὰ
744 2343 789 2369 τὸν
812 2341 938 2377 Μωάμεθ

158 2391 273 2416 πλεῖστα
287 2390 384 2425 φιλῶν,
407 2389 477 2424 ὑπὲρ
497 2389 551 2416 τῶν
569 2389 739 2415 ἐπταικότων
754 2388 942 2423 παραιτούμε-

157 2445 212 2466 νον,
226 2436 448 2470 αἰσχυνθήσεται,
463 2435 508 2461 καὶ
524 2436 573 2461 οὐκ
588 2435 746 2470 ἀποπέμψει
760 2434 853 2461 τοῦτον
865 2434 942 2460 κενὸν

158 2482 272 2508 ἐλπίδων
286 2489 293 2496 ·
320 2482 380 2508 ὅθεν
396 2480 419 2508 οἰ
437 2482 537 2512 πάντες
559 2481 652 2516 σχεδὸν
670 2481 848 2516 σωθήσονται.
870 2480 942 2513 λέγω

158 2527 189 2561 δὴ
204 2527 266 2558 τοὺς
284 2527 443 2561 ἡμετέρους.
466 2526 494 2552 '0
513 2525 541 2553 δὲ
564 2527 597 2560 δὴ
617 2526 718 2560 τρόπος
733 2527 783 2560 τῆς
804 2524 942 2560 σωτηρίας

160 2573 206 2598 καὶ
220 2573 234 2598 ὁ
249 2572 412 2606 παράδεισος
427 2572 513 2604 οὕτως
528 2573 596 2607 ἔχει.
608 2572 718 2607 τάφρος
732 2572 813 2598 αὑτὸν
825 2571 871 2597 τὸν
891 2579 945 2596 ttat—

161 2619 285 2653 ράδεισον
303 2619 509 2653 περικυκλοῦσα
526 2619 633 2653 βαθεῖα,
648 2618 709 2653 ἥτις
740 2626 771 2652 γε
791 2617 945 2652 αὐτόματος

159 2665 273 2698 γέγονε.
305 2660 362 2696 τοῖς
392 2666 458 2692 πᾶσι
484 2664 579 2692 τοῦτον
604 2664 705 2691 ἄϐατον
733 2662 943 2698 ἁπεργάζεται⁸

159 2710 208 2736 καὶ
230 2709 284 2745 γάρ
308 2719 348 2737 τοι
373 2710 470 2745 πίττης
495 2711 603 2746 πλήρης
629 2709 718 2741 ἐστὶν,
740 2709 800 2743 ἥτις
824 2709 855 2743 δὴ
878 2707 945 2741 πυρὶ⁴

159 2755 285 2791 ἀσϐέστῳ
302 2756 494 2792 ὲκπυρονμένη
508 2757 554 2784 τὸν
575 2756 664 2783 πάντα
680 2755 775 2790 χρόνον
794 2755 895 2790 σφόδρα
914 2761 944 2780 τε

197 2847 235 2882 (t)
249 2847 317 2876 eod.
332 2847 415 2877 Coi-si.
428 2846 458 2884 ἦ.

1028 1839 1055 1868 8.
1072 1839 1208 1872 Conabor,
1228 1839 1327 1874 inquit,
1344 1839 1366 1866 si
1378 1840 1485 1874 quidem
1499 1845 1548 1874 per
1563 1843 1670 1874 tempus
1690 1839 1778 1866 licue-

993 1885 1039 1918 rit,
1055 1892 1184 1912 enarrare
1199 1884 1245 1911 tibi
1260 1885 1316 1912 ha:c
1332 1885 1434 1911 omnia.
1454 1884 1559 1912 Etenim
1576 1884 1608 1911 de
1621 1884 1777 1918 hujusmodi

994 1931 1075 1958 rebus
1089 1930 1131 1957 vel
1147 1930 1248 1960 dicere.
1265 1930 1306 1957 vel
1323 1930 1439 1963 aliquem
1453 1930 1588 1957 dicentem
1614 1930 1719 1960 audire.
1737 1930 1778 1957 vel

994 1968 1073 2003 me'lle
1090 1976 1154 2003 mihi
1168 1981 1209 2004 est
1224 1976 1342 2003 dulcius.
1367 1975 1486 2003 Primum
1512 1981 1603 2003 autem
1630 1975 1664 2004 de
1678 1976 1776 2011 primo.

995 2023 1071 2050 Scire
1086 2022 1167 2057 igitur
1183 2027 1211 2054 te
1227 2023 1400 2054 volo,’felicis
1425 2023 1498 2050 illius
1538 2023 1611 2053 vitm,
1627 2022 1779 2049 hortorum-

993 2075 1046 2103 que
1063 2076 1123 2102 qtue
1142 2068 1170 2094 in
1188 2067 1316 2102 paradiso
1336 2068 1532 2102 percipientur,
1548 2067 1697 2102 participes
1719 2066 1779 2094 fore

993 2113 1143 2140 admodum
1157 2120 1269 2147 paucos,
1287 2113 1310 2140 si
1324 2113 1452 2140 Christus
1467 2117 1622 2140 accuratam
1637 2111 1776 2138 actionum

992 2164 1148 2186 nostrarum
1165 2158 1296 2186 rationem
1320 2166 1336 2185 a
1362 2159 1442 2186 nobis
1465 2159 1596 2194 exigeret.
1616 2158 1676 2192 Ipse
1701 2159 1773 2185 enim

993 2205 1098 2233 sedebit
1112 2205 1234 2232 omnium
1250 2205 1421 2241 justissimus
1431 2205 1513 2240 judex
1528 2213 1536 2232 :
1550 2205 1663 2239 pulchre
1677 2205 1702 2231 id
1727 2205 1779 2232 sei-

994 2259 1077 2278 mus:
1104 2251 1217 2285 spiritus
1245 2251 1318 2278 enim
1342 2255 1395 2282 est,
1414 2255 1442 2279 et
1471 2252 1574 2282 anima,
1599 2255 1626 2277 et
1657 2249 1777 2277 Verbum

995 2297 1112 2324 viventis
1126 2296 1185 2329 Dei,
1201 2300 1280 2323 natus
1301 2304 1333 2323 ex
1357 2295 1478 2330 Virgine,
1495 2303 1576 2330 quam
1591 2300 1654 2331 post
1670 2301 1777 2330 partum

996 2343 1088 2376 etiam,
1106 2347 1136 2370 ut
1155 2347 1212 2370 erat
1230 2347 1304 2374 ante,
1335 2342 1524 2370 conservavit:
1554 2343 1600 2370 sed
1615 2342 1778 2375 Moamethi,

996 2398 1076 2425 quem
1090 2389 1190 2416 eximie
1203 2389 1299 2424 diligit,
1315 2396 1364 2423 pro
1380 2388 1463 2422 lapsis
1478 2388 1671 2416 intercedentis
1685 2390 1780 2423 depre-

997 2436 1140 2471 cantisque
1168 2436 1300 2463 rationem
1324 2434 1443 2466 habebit,
1475 2441 1562 2467 neque
1581 2443 1641 2462 eum
1668 2442 1716 2462 sua
1731 2441 1779 2469 spe

995 2482 1153 2509 frustratum
1167 2481 1284 2508 dimittet
1299 2481 1492 2507 :undeomncs
1509 2480 1574 2511 fere.
1588 2486 1695 2508 nostros
1706 2481 1778 2511 dico,

995 2529 1188 2555 servabuntur.
1205 2526 1306 2553 Salutis
1321 2531 1412 2554 autem
1430 2527 1501 2553 ratio
1515 2531 1544 2554 et
1558 2528 1702 2561 paradisus
1715 2531 1779 2553 sunt

996 2573 1164 2608 hujusmodi.
1184 2573 1342 2600 Paradisum
1368 2571 1442 2600 (ossa
1465 2573 1617 2600 circumdat
1633 2573 1779 2606 profunda,

997 2617 1099 2649 nativa,
1115 2616 1190 2642 aditu
1201 2623 1297 2643 omnes
1309 2623 1406 2643 arcens
1423 2625 1430 2643 :
1448 2623 1480 2643 ea
1499 2615 1573 2643 fossa
1600 2616 1659 2650 pice
1675 2615 1777 2649 repleta

998 2667 1051 2694 est,
1065 2669 1125 2696 qua:
1140 2661 1354 2696 inexstinguihili
1379 2660 1496 2695 ﬂagrans
1523 2660 1631 2688 ﬂamma
1647 2666 1778 2695 perpetuo

998 2707 1088 2739 bullit,
1104 2707 1235 2741 omnique
1252 2711 1373 2742 tempore
1387 2706 1552 2734 circumﬂuit
1580 2706 1606 2733 in
1636 2707 1721 2738 fossa,
1734 2707 1778 2733 ἥτις

996 2752 1166 2787 faudumque
1179 2752 1288 2779 exhibet
1307 2752 1420 2781 auribus
1448 2753 1594 2787 fragorem,
1607 2758 1635 2781 et
1647 2752 1782 2780 horribile

1037 2846 1075 2882 (2)
1092 2845 1183 2879 Forte,
1200 2845 1367 2881 εἰδοποιήσῃ.
