1929 3087
151 113 202 146 159

751 111 948 143 MANUELIS
976 110 1199 142 FALIEOLOGI
1250 142 1253 144 .

1716 109 1770 141 fit)

148 169 285 204 quoddam
301 169 486 204 spectaculum
502 169 600 196 oculis.
630 169 677 196 Est
704 176 787 204 porro
807 169 929 204 paradisi

994 167 1034 200 ζεῖ,
1049 168 1094 193 καὶ
1113 167 1240 203 περιρρεῖ
1255 166 1284 193 ἐν
1298 166 1329 201 τῇ
1347 166 1442 201 τάφρῳ
1457 164 1601 200 διηνεκῶς,
1611 148 1661 192 ’καὶ
1671 166 1771 193 δοῦπον

148 219 227 249 porta
246 222 310 246 una,
324 223 392 250 pons
409 223 479 242 untis
494 225 500 242 ι
523 215 544 242 is
575 223 643 249 pons
658 215 765 249 gladius
779 220 821 243 est
833 216 933 242 mirum

148 265 280 294 quantum
296 266 402 291 acutus.
415 269 497 296 super
517 269 596 296 quem
613 260 695 289 nudis
711 261 825 296 pedibus
845 265 936 288 trans-

151 307 189 333 ire
216 312 336 341 oportet,
362 312 390 334 ιιι
404 308 465 342 quis
489 308 608 342 paradisi
633 309 679 335 ﬁat
703 295 929 343 particépsmlio

154 352 234 378 modo
254 361 287 379 eo
315 354 456 387 pcrtcnire
472 362 523 382 uon
559 354 631 382 licet.
657 354 870 387 Quibuscunque
885 353 936 388 igi-

151 401 196 423 tur
211 397 268 424 lere
281 405 379 432 corpus
396 399 457 430 erit,
473 404 500 426 et
521 399 664 434 aligerum,
682 404 711 426 ut
726 399 762 427 ita
778 400 877 431 dicam,
897 399 924 425 hi

151 443 224 470 nulla
242 451 270 470 re
285 444 340 471 laesi
355 445 520 477 transibunt,
537 446 568 472 ad
585 445 783 479 beatorumque
798 445 934 479 regionem

152 490 310 524 pervenient
326 500 332 517 :
347 491 505 526 quicunque
529 496 620 519 autem
641 497 814 526 peccatorum
828 492 933 526 pondus

150 543 242 561 secum
257 535 454 563 circumferunt
466 537 541 571 (sunt
558 541 649 564 autem
663 537 679 563 ii
694 545 808 564 numero
823 537 934 572 plures),

151 581 209 607 acie
227 581 252 607 hi
269 581 324 607 [tesi
343 581 469 609 deorsum
488 583 738 617 prtecipitabuntur.
759 583 811 610 Sed
833 591 881 616 pro
897 584 930 610 iis

151 630 252 657 tamen,
266 627 371 658 utdixi,
388 627 516 662 propheta
541 632 632 655 noster
647 632 783 654 amantem
797 629 838 655 sui
854 628 931 663 judi-

152 678 210 697 cent
224 672 425 706 deprecabitur.
437 673 624 708 obtinebitquc
637 681 698 708 qua:
714 674 786 701 volet
801 683 808 701 :
823 674 851 702 id
868 681 936 709 quo-

151 717 232 745 modo
247 718 301 751 lict,
318 718 371 753 jam
390 726 463 746 nunc
479 719 579 746 dicam.

186 809 213 837 9.
231 810 377 845 Postquam
402 815 486 838 totum
502 811 656 839 confectum
672 811 753 838 fuerit
769 811 866 845 iudicii
883 818 933 838 ne-

153 857 267 889 gotium,
287 840 368 884 Iesus
384 856 550 889 Moametho,
561 865 641 892 quem
655 840 827 893 singulariter
840 857 937 892 diligit,
953 840 974 867 Β

154 902 224 929 hanc
239 903 375 937 optionem
392 903 468 930 dabit
486 912 494 930 :
514 906 605 930 utrum
624 904 700 931 malit
713 911 761 931 eos
782 904 829 938 qui
843 904 936 930 eadem

155 948 207 974 ﬁde
225 948 338 979 fuerint,
354 948 462 975 etiamsi
482 956 515 976 ex
529 949 583 975 alio
594 957 702 983 genere,
713 949 874 984 diversaque
892 957 941 976 su-

155 993 318 1026 perstitione
335 993 368 1020 ad
395 1001 445 1020 nos
472 994 650 1028 accesserint,
679 1003 712 1021 ex
741 994 816 1022 lossa
831 996 939 1030 eripere

156 1038 333 1073 [ruet-disque
349 1039 468 1072 paradisi
489 1039 595 1066 deliciis
622 1039 726 1067 donare
743 1048 751 1066 :
771 1048 806 1067 an
830 1048 878 1068 eos
891 1040 937 1076 qui

154 1091 254 1119 genere
270 1085 357 1118 ipsum
375 1085 519 1120 attingant,
537 1085 663 1118 quamvis
687 1093 740 1112 non
755 1085 877 1120 ejusdem
895 1094 939 1114 re-

156 1129 265 1163 ligionis
278 1130 398 1157 cultores
415 1137 475 1157 esse
504 1131 753 1165 deprehendantur.
780 1132 849 1159 'l'nm
865 1131 939 1160 Moa-

154 1175 263 1201 tnethus
280 1175 428 1208 discipulos
441 1175 531 1209 potius
552 1176 634 1211 eliget
649 1178 913 1212 quam-propinquos
929 1186 936 1205 :

155 1219 311 1255 Christique
331 1220 496 1248 auctoritate
513 1220 599 1248 fretus
612 1221 646 1248 ad
663 1221 764 1249 fossam
779 1222 835 1249 cito
855 1224 940 1250 devo-

157 1267 236 1298 lahit,
252 1271 278 1293 et
293 1272 369 1294 stans
386 1267 412 1293 in
443 1266 585 1301 crepidine
614 1267 745 1294 inclinato
759 1268 847 1301 capite
861 1275 938 1296 suam

156 1312 214 1346 ipse
230 1319 335 1338 comam
352 1311 483 1345 prehendi
499 1311 581 1344 sinet,
595 1316 622 1338 et
636 1319 689 1338 uno
704 1319 814 1347 quoque
827 1313 940 1347 capillo-

157 1365 216 1384 rum
231 1357 297 1392 (nnn
312 1356 405 1383 dubito
418 1356 484 1390 quin
500 1357 601 1383 mirere
612 1357 683 1390 quod
697 1358 803 1392 audies)
822 1358 940 1385 incredi-

158 1403 238 1429 bilem
252 1402 450 1436 discipulorum
463 1409 620 1434 numerum,
630 1402 835 1437 quilacinorum
846 1411 940 1438 pwnas

157 1450 288 1484 pendunt.
303 1456 317 1475 e
331 1448 400 1475 fossa
416 1448 502 1475 tollet.
517 1449 604 1483 Atque
618 1449 653 1475 ita
668 1449 707 1481 lit,
717 1449 826 1483 hospes,
840 1454 868 1477 ut
883 1457 940 1477 ser-

985 213 1130 249 ἀποφράδα
1151 213 1267 248 παρέχει
1285 214 1345 243 ταῖς
1359 213 1465 244 ἀκοαῖς,
1494 213 1542 240 καὶ⁸
1566 213 1684 248 φρικτήν
1709 221 1773 239 τινα

985 256 1049 283 θέαν
1060 257 1116 289 τοῖς
1127 257 1286 292 ὀφθαλμοῖς.
1299 257 1358 284 Μία
1370 257 1398 283 δέ
1412 265 1455 288 τις
1468 256 1539 291 θύρα
1550 256 1588 291 τῷ
1601 257 1771 291 παραδείσῳ,

982 294 1031 329 καὶ
1046 303 1153 338 γέφυρα
1169 303 1233 337 μία·
1248 302 1290 338 ἥδ’
1304 303 1362 329 ἐστὶ
1375 302 1451 341 ξίφος
1462 302 1621 338 τομώτατον
1634 303 1693 334 πῶς
1708 303 1772 335 οἴει,

985 348 1000 375 ὃ
1011 349 1051 375 δεῖ
1064 350 1178 387 γυμνοῖν
1193 350 1249 375 τοῖν
1264 349 1356 376 ποδοῖν
1371 348 1526 380 διελθόντας
1541 349 1588 375 τοῦ
1605 350 1773 385 παραδείσου

987 395 1131 430 μετέχειν
1153 396 1241 427 ἄλλως
1266 396 1289 422 δ’
1315 396 1365 422 οὒκ
1395 395 1502 422 ἔνεστιν
1530 396 1637 422 ἐκείνου
1665 398 1773 432 τυχεῖν.

986 441 1082 474 Ὀσοις
1107 443 1197 469 τοίνυν
1214 443 1243 469 τὸ
1257 442 1337 476 σῶμα
1362 441 1476 476 κοῦφον,
1493 443 1542 469 καὶ
1557 442 1722 478 ὑπόπτερον,
1735 443 1775 474 ὼς

986 486 1027 513 av.
1039 486 1113 513 είποι
1125 495 1178 520 τις,
1203 486 1286 522 μηδὲν
1297 486 1521 521 παραϐλαϐέντες
1530 486 1715 520 διαϐήσονται,
1727 489 1775 514 καὶ

984 532 1127 565 τεύξονταί
1147 541 1178 566 γε
1203 533 1251 559 τοῦ
1273 532 1363 568 χώρου
1394 533 1448 559 τῶν
1476 532 1639 567 μακαρίων·
1661 533 1719 559 ὅσοι
1750 533 1774 559 δ’

984 579 1067 613 ἄχθος
1080 579 1223 613 ἁμαρτιῶν
1235 579 1432 614 περιφέρουσιν
1445 578 1511 613 (alat
1519 578 1541 604 δ’
1554 578 1630 613 ἄρόί
1643 578 1773 610 πλείους),
1806 606 1814 611 ν

984 626 1022 660 τῷ
1040 626 1141 661 σιδήρῳ
1156 626 1320 660 τεμνόμενοι
1336 625 1594 660 κατενεχθήσονται.
1613 625 1693 653 Ἀλλὰ
1708 626 1774 661 περὶ

984 672 1098 704 τούτων,
1106 672 1143 703 ὡς
1154 672 1232 707 ἔφην,
1246 672 1260 698 ό
1271 671 1405 707 ἡμέτερος
1418 672 1564 707 προφήτης
1578 671 1625 698 τὺν
1637 671 1770 706 φιλοῦντα

985 718 1081 753 κριτὴν
1091 718 1303 753 παραιτήσεται,
1313 718 1361 744 καὶ
1370 717 1418 752 τῆς
1432 718 1565 753 αἰτήσεως
1577 717 1751 750 ἰπιτεύξεται
1760 724 1769 733 ³

985 763 1015 789 τὸ
1029 763 1051 790 δ’
1070 763 1155 797 ὅπως,
1171 763 1288 798 ἔρχομαι
1305 762 1399 794 λέξων.
1430 783 1441 792 .

1023 810 1056 836 θ’.
1082 810 1158 837 Μετὰ
1177 809 1207 836 τὺ
1227 809 1304 841 τέλος
1321 810 1411 836 πάντα
1429 809 1505 844 σχεῖν
1521 808 1556 836 τὰ
1575 808 1626 843 τῆς
1642 808 1772 844 κρίσεως,

989 855 1175 891 προθήσειτῷ
1195 855 1319 890 Μωάμεθ
1341 855 1355 881 ό
1370 855 1554 890 διαφερόντως
1578 855 1659 881 αὐτὸν
1687 854 1774 889 φιλῶν

995 902 1098 937 Ἰησοῦς
1114 902 1221 937 αἵρεσιν
1236 901 1315 936 τήνδε
1331 909 1338 916 ·
1354 902 1370 937 ἢ
1387 902 1450 932 τοὺς
1464 900 1633 936 όμοπίστους
1647 900 1734 935 αὐτῷ,
1748 901 1775 927 εί

989 948 1021 982 δὴ
1038 948 1085 974 καὶ
1095 947 1124 980 ἐξ
1141 948 1221 974 ἄλλου
1236 948 1330 982 γένους
1343 947 1389 973 καὶ
1405 946 1555 983 θρησκείας
1575 946 1776 982 προσεληλύθε-

991 1003 1051 1026 σαν,
1078 993 1218 1027 ἐξελέσθαι
1241 994 1350 1028 ὲκείνης
1366 994 1416 1028 τῆς
1438 994 1557 1027 τάφρου,
1572 993 1619 1019 καὶ
1632 993 1682 1027 τῆς
1694 992 1724 1018 εν
1737 992 1777 1027 τῷ

993 1038 1153 1076 παραδείσῳ
1167 1040 1260 1066 δοῦναι
1281 1040 1389 1074 τρυφῆς
1401 1032 1553 1066 ¹ἀπολαύειν
1565 1046 1573 1055 ·
1594 1038 1610 1073 ἢ
1626 1038 1689 1070 τοὺς
1702 1038 1777 1073 αὐτῷ

989 1087 1179 1121 προσήκοντας
1205 1086 1277 1113 κατὰ
1296 1086 1385 1119 γένος,
1401 1086 1424 1111 εί
1449 1085 1497 1112 καὶ
1524 1085 1574 1120 τῆς
1591 1084 1676 1119 αὐτῆς
1699 1085 1775 1120 αὐτῷ

990 1131 1140 1167 θρησκείας
1155 1132 1204 1167 οὐχ
1220 1131 1363 1167 εὕρηνται.
1388 1131 1417 1157 ’0
1431 1131 1460 1157 δὲ
1476 1130 1540 1162 τοὺς
1556 1131 1688 1166 φοιτητὰς
1704 1132 1776 1166 μᾶλ-

990 1179 1036 1205 λον
1055 1179 1072 1214 ἢ
1089 1179 1152 1210 τοὺς
1172 1179 1204 1205 ἐκ
1218 1179 1315 1212 γένους
1330 1178 1474 1213 αἱρήσεται
1487 1185 1494 1193 ’
1505 1178 1554 1204 καὶ
1566 1177 1659 1205 λαϐὼν
1671 1176 1777 1204 τούνδό-

990 1233 1072 1260 σιμον
1087 1225 1156 1260 ταχὺ
1186 1225 1333 1259 δραμεῖται
1349 1224 1424 1260 παρὰ
1436 1223 1486 1259 τὴν
1508 1224 1622 1259 τάφρον,
1638 1225 1687 1251 καὶ
1705 1223 1776 1259 πρὸς

989 1274 1048 1304 ταῖς
1062 1272 1163 1306 ταύτης
1178 1271 1272 1306 ὄχθαις
1286 1270 1362 1303 στὰς,
1375 1270 1469 1301 κλίνας
1481 1270 1559 1298 κάτω
1572 1270 1622 1306 τήν
1637 1271 1771 1306 κεφαλήν,

989 1317 1070 1344 δώσει
1087 1317 1136 1351 τῆς
1153 1318 1241 1352 κόμης
1260 1316 1406 1350 λαϐέσθαι,
1426 1317 1474 1344 καὶ
1490 1316 1592 1352 ἑκάστῃ
1606 1316 1661 1344 τῶν
1675 1317 1776 1353 τριχῶν

991 1363 1154 1398 (θαυμάσεις
1171 1362 1200 1389 εὖ
1224 1360 1272 1389 οἷδ’
1286 1363 1327 1389 ὅτι
1348 1363 1479 1398 ἀκούσας)
1492 1363 1627 1399 μυριάδας
1641 1364 1777 1391 ἀνελεῑται

990 1409 1044 1436 τῶν
1062 1409 1156 1442 αὑτοῦ,
1172 1409 1300 1435 τινόντων
1315 1409 1394 1445 δίκην
1408 1409 1463 1436 τῶν
1477 1409 1693 1445 πεπραγμένων.
1706 1409 1777 1437 Τοῦ-

990 1462 1037 1481 τον
1060 1453 1151 1481 τοίνυν
1170 1454 1303 1489 ἀμηγέπη
1316 1454 1363 1482 τὸν
1375 1455 1475 1490 τρόπον
1490 1455 1543 1487 πᾶς
1558 1456 1572 1482 ὁ
1587 1455 1718 1491 καθαρῶς
1731 1456 1778 1482 ἰλ-

158 1501 238 1522 vntus
252 1495 332 1522 fuerit
347 1495 503 1530 quicunque
517 1495 544 1522 in
561 1494 742 1538 lldoamcthum
759 1496 868 1523 sincere
882 1504 940 1531 spc-

994 1501 1076 1532 πίσας
1089 1502 1130 1532 εἰς
1144 1500 1188 1527 τὸν
1203 1501 1326 1536 Μωάμεθ
1340 1501 1504 1537 σωθήσεται,
1517 1502 1652 1537 μακάριος
1666 1502 1716 1537 μὲν
1728 1502 1778 1538 τῆς

159 1543 236 1575 rarit,
249 1543 342 1569 beatus
355 1542 399 1568 ille
410 1542 444 1569 ab
455 1530 661 1569 immortalitate
674 1546 701 1569 et
716 1542 832 1576 honore,
848 1542 945 1570 beatus

160 1596 174 1615 ιι
193 1587 298 1615 deliciis
315 1588 416 1621 quibus
443 1587 600 1622 perfruetur
613 1588 640 1615 in
652 1587 790 1622 paradiso,
805 1596 874 1623 quas
887 1588 944 1622 jam

159 1638 345 1668 nunctenipus
359 1638 401 1661 est
411 1633 560 1661 utdiceudo
572 1641 728 1668 persequar.
738 1633 801 1667 Sed,
812 1634 849 1661 dii
864 1635 941 1668 boni,

159 1680 288 1715 quidnam
299 1688 331 1707 cx
341 1679 395 1706 illis
405 1679 611 1714 rebusprimum
624 1679 774 1706 enarrabo?
782 1680 872 1707 omnia
881 1685 946 1708 sunt

160 1724 250 1752 divine
279 1724 392 1760 pulchra
407 1732 415 1751 :
432 1724 550 1759 singula‘
565 1724 689 1756 suadent,
704 1729 744 1757 ut,
759 1725 946 1760 cujuscunque

159 1772 237 1807 prius
250 1769 416 1802 memineris,
426 1770 452 1797 id
462 1770 581 1803 primum
591 1770 709 1797 humana
718 1771 835 1798 celebret
843 1771 946 1806 lingua.

196 1818 240 1845 10.
259 1817 368 1844 Florum
379 1816 451 1844 enim
467 1817 594 1848 varietas,
616 1815 753 1844 fructuum
767 1817 944 1850 abundantia,

163 1864 255 1892 omnis
272 1863 381 1898 generis
395 1862 504 1898 frugum
521 1862 661 1895 nobilitas,
671 1862 826 1897 plantarum
837 1870 946 1898 semper

162 1909 308 1936 \‘ircntium
323 1909 422 1943 gratia,
437 1916 536 1943 cespes
561 1908 638 1935 nullo
651 1915 770 1941 unquam
781 1908 862 1936 modo
887 1916 946 1935 are-

164 1961 255 1985 scens,
276 1960 408 1988 aquarum
424 1953 678 1988 limpidissimarum
700 1952 798 1981 eil‘usio
819 1959 846 1981 et
874 1962 948 1981 mur-

164 2008 236 2032 mur,
257 1999 369 2027 suavius
382 2006 463 2034 quam
479 1999 607 2026 Sirenum
623 2003 720 2026 cantus
733 2007 813 2027 aures
829 2001 948 2034 permul-

165 2054 240 2080 cens,
257 2046 347 2073 omnia
372 2046 489 2080 denique
504 2052 565 2081 quae
578 2044 708 2072 olfactum
721 2046 839 2073 aliumve
854 2054 947 2080 quent-

166 2093 207 2120 vis
223 2099 332 2119 sensum
347 2091 484 2119 oblectare
497 2096 623 2127 possunt,
637 2091 664 2118 in
684 2098 800 2123 summa,
815 2092 946 2126 quidquid

165 2143 319 2171 venustum,
331 2137 462 2172 quidquid
479 2145 619 2173 magnum,
630 2137 762 2172 quidquid
774 2136 947 2172 splendidum

166 2193 182 2214 ι
197 2185 243 2212 Dei
259 2184 423 2212 immortalis
440 2191 521 2211 manu
533 2187 720 2211 constructum
743 2188 795 2216 est,
813 2183 838 2210 id
854 2191 946 2217 omne,
964 2174 986 2202 θ

165 2223 280 2266 hospes.
301 2231 328 2258 in
346 2234 537 2258 ornamentum
560 2229 632 2257 cedit
653 2229 805 2264 paradiso:
825 2229 850 2256 id
867 2237 948 2256 omne

166 2284 228 2303 cum
245 2275 404 2303 mirabiliter
419 2279 532 2303 exornat
547 2283 555 2302 :
570 2274 596 2302 id
607 2282 688 2302 omne
698 2274 787 2301 locum
803 2273 868 2301 facit
880 2282 948 2309 qua—

137 2343 142 2345 Α
168 2322 232 2351 libet
249 2322 358 2349 tristitia
374 2322 554 2355 superiorem.
567 2320 626 2348 Duo
646 2328 727 2355 porro
748 2327 841 2348 amnes
853 2328 949 2354 peren-

166 2367 357 2400 nes,maximi,
371 2370 454 2394 latera
465 2366 524 2400 ejus
538 2366 681 2399 alluentes,
690 2373 752 2393 eum
764 2365 950 2399 complectun-

169 2421 224 2445 tur,
234 2419 261 2441 et
272 2414 410 2441 ccelestem
423 2434 430 2446 ,
445 2417 474 2440 ut
489 2413 528 2440 ita
543 2413 644 2449 dicam,
660 2416 824 2440 concentum
840 2411 925 2438 edunt
941 2420 948 2438 :

168 2461 381 2495 paradisumque
397 2459 554 2486 scindentes
580 2458 711 2490 medium,
730 2462 824 2492 postea
839 2456 890 2491 ipsi
904 2457 948 2483 di-

168 2506 218 2534 visi
228 2507 254 2533 in
269 2506 369 2532 multas
384 2509 476 2539 partes
488 2504 658 2536 dilabuntur,
670 2505 813 2537 denuoque
825 2503 851 2529 in
867 2509 951 2529 unum

168 2552 322 2583 conﬂuunt,
335 2551 454 2584 inseque
467 2550 646 2584 pratcipitant,
667 2549 744 2583 quasi
761 2548 874 2575 animati
890 2555 953 2582 per-

169 2605 276 2630 petuam
310 2597 429 2630 aliquam
451 2595 621 2622 saltationem
634 2598 802 2624 exercerent,
820 2597 955 2627 spectato~

171 2643 299 2676 ribusque
330 2640 499 2668 exhiberem.
523 2639 577 2665 Nec
587 2645 681 2665 eorum
707 2638 836 2664 alteruter
851 2644 949 2671 aquam

171 2689 259 2715 habet:
277 2687 368 2718 ambo,
380 2691 408 2713 ut
422 2693 482 2712 cuni
497 2684 648 2718 inspexeris
662 2688 687 2710 et
700 2684 830 2715 audietis,
842 2685 875 2709 ita
889 2690 950 2710 cum

171 2733 298 2765 gustaris,
312 2731 464 2758 incredibili
482 2735 506 2756 te
523 2730 659 2763 voluptate
671 2728 858 2762 permulcent:
874 2727 951 2753 melle

170 2767 249 2809 alter:
266 2777 336 2803 lacte
355 2777 422 2803 alter
435 2780 527 2802 manat
543 2783 551 2802 ;
571 2773 854 2807 remunerationisquc
870 2773 950 2798 ambo

208 2831 247 2866 (1)
259 2831 327 2859 Cod.
342 2839 397 2867 reg.
411 2831 527 2866 όσφησιν

995 1545 1145 1577 ἀθανασίας
1171 1545 1219 1572 καὶ
1245 1545 1295 1579 τῆς
1314 1546 1409 1581 τιμῆς,
1427 1545 1562 1581 μακάριος
1584 1546 1613 1573 δὲ
1627 1545 1678 1581 τῆς
1694 1547 1723 1574 ἐν
1739 1546 1779 1582 τῷ

995 1591 1152 1626 παραδείσῳ
1171 1591 1288 1626 τρυφῆς,
1304 1591 1338 1626 ἢν
1356 1592 1390 1628 δὴ
1409 1591 1504 1627 καιρὸς
1519 1592 1552 1619 ἂν
1575 1592 1618 1627 εἴη
1638 1592 1781 1625 διεξιέναι.

996 1637 1029 1664 Τί
1040 1637 1068 1664 δὲ
1078 1638 1188 1673 πρῶτον
1203 1638 1258 1665 τῶν
1266 1639 1325 1664 ὲκεῐ
1338 1638 1522 1673 διηγήσομαις
1537 1638 1627 1665 πάντα
1641 1638 1696 1674 γὰρ
1709 1638 1780 1665 καλὰ

995 1682 1055 1709 λίαν
1069 1691 1076 1698 υ
1096 1683 1141 1710 καὶ
1157 1683 1205 1718 τὴν
1218 1683 1342 1718 γλῶτταν
1360 1683 1477 1710 ἕκαστον
1493 1684 1594 1716 πείθει,
1609 1684 1669 1711 ὅτου
1689 1693 1731 1716 τις
1745 1684 1779 1712 ἂν

997 1728 1106 1755 πρώτου
1122 1729 1240 1765 μνησθῇ,
1258 1730 1322 1765 περὶ
1339 1729 1421 1756 αὑτοῦ
1437 1737 1469 1764 γε
1485 1730 1594 1765 πρῶτον
1606 1731 1704 1758 εἰπεῖν.

1011 1825 1014 1827 “
1033 1822 1059 1847 ι’.
1073 1819 1176 1846 Αὐτίκα
1186 1819 1277 1846 τοίνυν
1291 1819 1397 1847 ἀνθέων
1412 1828 1440 1847 τε
1456 1820 1588 1852 ποικιλία,
1604 1821 1650 1848 καὶ
1665 1822 1779 1857 καρπῶν

996 1864 1124 1899 ἀφθονία,
1138 1865 1185 1891 καὶ
1197 1865 1378 1892 παντοδαπῶν
1390 1865 1501 1901 ὡραίων
1513 1866 1649 1901 εὐγένεια,
1666 1868 1714 1894 καὶ
1729 1877 1780 1903 φυ-

997 1910 1051 1937 τῶν
1078 1910 1212 1937 ἀειθαλῶν
1235 1910 1328 1946 χάρις,
1343 1911 1391 1937 καὶ
1415 1911 1471 1949 μιόα
1489 1912 1622 1946 μηδαμῶς
1648 1912 1781 1947 μηδέποθ’

998 1955 1170 1991 ὑπομένουσα
1181 1956 1283 1990 φθίσιν,
1297 1956 1344 1983 καὶ
1356 1956 1545 1983 διειδεστάτων
1560 1957 1662 1984 ὑδάτων
1672 1957 1721 1993 ῥοή
1732 1959 1781 1984 σὺν

997 2001 1055 2036 ἤχῳ
1073 1996 1126 2027 τῶν
1147 2002 1282 2037 Σειρήνων
1308 2003 1420 2037 ἄμεινον
1445 2003 1494 2037 τήν
1513 2004 1597 2037 ἀκοήν
1613 2004 1781 2038 γοητεύοντι,

998 2047 1045 2074 καὶ
1063 2046 1140 2074 πάνθ’
1163 2047 1182 2074 ἃ.
1196 2048 1245 2083 τὴν
1261 2047 1396 2082 ὄσφρησιν
1410 2048 1447 2083 (1)
1462 2048 1552 2083 θέλγει
1564 2049 1611 2076 καὶ
1624 2048 1689 2084 τήνί
1699 2049 1782 2083 ἄλλην

998 2092 1127 2128 αἴσθησιν
1145 2093 1247 2125 πᾶσαν,
1268 2094 1316 2119 καὶ
1330 2093 1410 2126 ὅλως.
1426 2094 1452 2121 εί
1474 2103 1501 2121 τι
1516 2093 1621 2129 χαρίεν,
1637 2094 1684 2122 καὶ
1699 2095 1781 2129 μέγα,

999 2138 1046 2164 καὶ
1062 2138 1200 2173 λαμπρὸν,
1218 2138 1265 2164 ἆτε
1286 2137 1319 2172 δὴ
1336 2135 1408 2173 χειρὶ
1431 2137 1498 2164 Θεοῦ
1517 2138 1783 2172 κατεσκευασμένον,

1000 2183 1039 2219 τῷ
1058 2183 1216 2219 παραδείσῳ
1231 2184 1354 2217 γίγνεται
1371 2183 1487 2217 κόσμος·
1503 2182 1550 2209 καὶ
1560 2182 1674 2216 ὡραΐζει
1688 2183 1784 2209 τοῦτον

1002 2229 1061 2261 πῶς
1078 2230 1129 2257 οἴει
1141 2238 1148 2244 ·
1172 2230 1220 2256 καὶ
1247 2230 1318 2254 ποιεῖ
1337 2227 1439 2262 ,χωρίον
1457 2226 1546 2262 λύπης
1567 2223 1712 2262 ἀνώέερον.
1729 2229 1784 2255 Καὶ

1000 2275 1069 2309 δῆτα
1079 2274 1196 2308 ποταμοί
1211 2281 1283 2303 τινες
1296 2271 1352 2304 δύο,
1367 2271 1474 2298 ὰένναοί
1487 2279 1516 2297 τε
1525 2271 1573 2298 καὶ
1582 2272 1784 2306 παμμεγέθεις,

1002 2319 1132 2348 κυκλοῠσί
1149 2327 1179 2345 τε
1199 2317 1280 2344 αὐτὸν
1294 2318 1498 2352 περιρρέοντες,
1514 2319 1561 2345 καὶ
1576 2318 1675 2352 κομιδῆ
1689 2318 1788 2353 δαιμό-

1003 2376 1058 2393 νιον
1069 2367 1163 2401 ὥσπερ
1172 2364 1363 2400 ἀντιπέμπουσι
1377 2365 1458 2399 μέλος
1471 2372 1481 2389 ἰ
1492 2361 1552 2391 εἷτα
1564 2365 1659 2391 τοῦτον
1674 2365 1787 2400 τέμνον-

1001 2422 1047 2445 τες
1064 2413 1156 2448 μέσον,
1173 2412 1219 2439 xui
1237 2411 1270 2438 αὖ
1286 2411 1341 2439 οἵδε
1358 2412 1520 2447 τεμνόμενοι
1536 2420 1565 2437 τε
1582 2412 1630 2438 καὶ
1646 2413 1686 2444 είς
1701 2412 1787 2440 πολλὰ

1001 2459 1198 2494 διαιρούμενοι,
1215 2458 1263 2485 καὶ
1277 2457 1358 2484 πάλιν
1371 2458 1411 2490 είς
1420 2457 1502 2485 ταυτὺ
1516 2458 1718 2492 συνερχόμενοι,
1737 2459 1786 2485 καὶ

1002 2506 1042 2536 είς
1052 2504 1183 2540 ἀλλήλους
1198 2504 1375 2539 ἐμϐαλόντες,
1388 2503 1513 2538 καθάπερ
1526 2503 1642 2538 ἑμψυχοί
1656 2512 1729 2535 τινες
1741 2513 1786 2538 χο.

1006 2550 1080 2586 ρείαν
1093 2550 1237 2583 ἐξελίττειν
1251 2549 1362 2583 διηνεκῆ
1377 2548 1481 2581 δόξαιεν
1490 2550 1522 2575 ἂν
1540 2550 1594 2580 τοῖς
1610 2549 1705 2584 ὁρῶσι.
1719 2549 1787 2576 Τού‹

1003 2603 1060 2620 τοιν
1076 2594 1215 2628 οὐδέτερος
1230 2593 1316 2628 ὕδωρ·
1334 2593 1463 2627 ἑκάτερος
1480 2593 1513 2625 δ’,
1530 2593 1624 2629 ὥσπερ
1639 2595 1726 2630 τρυφή
1743 2603 1786 2626 τις

971 2668 974 2671 η
1005 2639 1077 2673 ἄκρα
1092 2639 1228 2673 θεώμενός
1247 2648 1276 2665 τε
1294 2639 1342 2665 καὶ
1355 2639 1532 2671 ἀκουόμενος,
1545 2639 1591 2664 τὸν
1613 2640 1669 2665 ἴσον
1686 2639 1785 2674 τρόπον

1005 2685 1050 2710 καὶ
1065 2685 1340 2720 μεταλαμϐανόμενες
1350 2693 1357 2700 ·
1373 2685 1434 2719 μέλι
1447 2686 1495 2720 μὲν
1507 2685 1559 2721 γὰρ
1572 2687 1586 2712 ὁ
1600 2686 1703 2720 ἕτερος.
1716 2685 1785 2718 γάλα

1005 2729 1027 2756 δ’
1043 2731 1057 2755 ό
1072 2729 1164 2761 mea;
1180 2730 1217 2756 ὥν
1232 2730 1360 2765 τυγχάνει
1371 2739 1377 2746 ’
1394 2730 1418 2756 οἶ
1436 2730 1467 2766 δὴ
1484 2731 1577 2766 μισθός
1595 2732 1671 2757 ἐστον
1686 2730 1724 2764 (‘2)
1740 2731 1788 2756 καὶ

1006 2775 1140 2806 ἀντίδοσις
1164 2777 1219 2806 τοῖς
1244 2776 1361 2802 ἐνταῦθα
1379 2776 1578 2811 καθαρεύουςιν
1602 2776 1684 2802 οἴνου.
1705 2775 1788 2802 Βαϐαῖ

1042 2830 1078 2864 (Ξ)
1093 2830 1158 2858 Cod.
1175 2831 1260 2858 Cuisl.
1277 2832 1348 2857 ἐστι.
