1929 3087
109 168 156 202 161

589 161 778 193 DIALOGUS
795 160 823 189 II
843 157 923 188 CUM
942 142 1222 184 MOHAMETANO.’

1691 145 1743 178 “:2

105 227 155 260 τῆς
175 223 353 259 εὐεργεσίαςί
370 220 412 253 οἷς
441 220 614 256 πρόσκαιρον
630 218 780 250 ἀκόλαστον
796 214 892 251 ἡδονὴ-ι
909 224 916 243 .I

974 219 1005 238 eo
1024 215 1105 236 erunt
1121 209 1154 236 iis
1170 208 1217 243 qui
1234 207 1262 234 in
1283 206 1333 233 hac
1355 206 1411 232 vita
1429 205 1491 232 vino
1506 211 1535 231 se
1547 202 1740 231 abstinuerint.

1128 255 1135 260 ι
1218 253 1235 260 λ
1317 252 1324 260 |
1342 259 1345 260 ν
1376 251 1476 260 γιινεαμμ
1492 251 1498 260 l
1522 249 1558 260 EII!
1578 249 1646 260 _....,l
1677 248 1723 260 1....-

106 270 326 306 ἀπεκροὺααντο,
342 267 453 295 αίωνίου
471 266 609 301 σώφρονος
625 263 838 291 ἀπολαύσουσιν.

145 394 191 423 ια’.
215 393 248 420 Τί
266 393 320 429 χρὴ
335 391 497 426 καταλέγειν
513 390 562 422 τὰς
592 389 657 424 ἡμῖν
688 386 898 422 ἐπηγγελμένας

108 443 186 473 θείας
197 440 303 476 τρυφάς
316 447 324 472 ;
337 440 388 467 Ἀν
401 447 431 465 τε
445 437 500 473 γάρ
515 445 557 468 τις
573 435 706 471 φίλιππος
720 431 748 471 ᾖ,
766 433 814 460 καὶ
829 432 900 468 θήρᾳ

110 488 227 524 χαίρων,
242 487 290 514 καὶ
302 485 403 518 τόξοις,
414 485 462 512 καὶ
474 484 549 516 κυσὶ,
557 482 606 509 καὶ
618 479 776 517 χειροήθεσι
788 480 900 514 πτηνοῖς

112 533 244 570 (τουτοισί
255 541 326 568 φημι
341 532 396 563 τοῖς
410 529 593 565 θηρευτικοῖς,
609 525 648 559 οἷς
664 527 699 554 τὰ
713 525 832 560 ἐδώδιμα
846 533 901 559 χει-

113 581 256 617 ρούμεθα),
269 580 303 607 ἄν
314 587 344 606 τε
359 578 409 614 τὴν
426 576 530 611 ἐσθῆτα
546 575 699 610 φιλότιμοξ,
721 573 769 600 καὶ
783 571 822 606 τῷ
838 579 902 597 ουν-

113 630 183 655 εῖναι
210 626 308 662 κόραις
337 623 499 659 ἐντρυφῶν,
521 622 569 648 καὶ
597 621 692 653 πᾶσιν,
711 619 756 645 ἵνα
787 617 902 649 συνέλω,

115 675 188 708 ᾶπερ
209 674 249 704 si;
266 671 364 707 ἡδονὴν
377 671 391 697 ό
405 669 467 700 νοῦς
480 668 548 702 ἡμῖν
562 667 707 702 δυνήσεται
722 663 835 695 πλάσαι,
851 662 905 688 πά-

117 707 209 755 ρεατιν
222 718 305 749 εὐθὺς
317 715 488 752 βουληθεῖσιν
498 721 504 727 ·
513 714 544 740 οὐ
557 713 612 748 γάρ
624 713 698 738 ὲστιν
705 707 738 737 οὗ
753 709 905 744 δεηθέντων

116 767 205 794 ἐκεῖνο
232 764 270 800 μὴ
296 763 396 799 φθάσοι
413 761 464 796 τὴν
481 760 587 794 ἔφεσιν,
604 757 695 792 πολλῷ
720 756 760 792 τῷ
782 756 905 791 περιόντι

116 812 219 847 ταύτην
233 811 326 838 νικῶν.
346 808 489 843 Τοσαύτην
505 815 537 841 γε
554 806 603 842 τὴν
619 804 738 840 ἀμοιϐὴν
753 802 907 837 ἀπολήψον-

117 861 163 886 ται
185 857 263 893 παρά
277 856 326 883 τοῦ
344 855 452 883 δικαίου
481 853 617 879 Δεσπότου
645 851 692 878 καὶ
716 848 831 884 ἀγαθοῦ,
849 848 906 874 ὅσοι

118 903 252 939 δήπουθεν
266 902 356 933 καλῶς
371 901 406 928 τὰ
420 898 621 933 διατεταγμένα
648 896 830 932 τηρήσουσιν.
839 893 910 920 Ἀλλ’

118 951 136 985 ἠ
167 950 223 976 τῶν
252 947 430 983 προσιαίρων
464 945 559 980 ἀπάτη
589 942 677 970 πείθει
702 942 766 973 τοὺς
795 940 911 970 πολλοὺς

118 996 317 1030 κατολιγωριῖν
334 994 383 1028 τῆς
399 993 557 1028 ἀπορρήτου
571 990 650 1025 δόξης
671 988 780 1023 ἐκείνης
796 987 843 1014 καὶ
862 986 911 1021 τῆς

118 1041 296 1077 τρυφῆς,καἰ
320 1039 487 1074 πρόσκαιρον
507 1037 555 1063 καὶ
574 1035 675 1071 μικρὰν
690 1033 785 1069 ἡδονὴν
805 1032 855 1066 τῆς
876 1031 913 1077 ὡς

118 1075 230 1124 ἀληθῶς
248 1086 380 1122 μεγίστης
398 1095 428 1112 τε
452 1084 499 1111 καὶ
519 1083 606 1111 ἀϊδίου
622 1079 868 1108 ἀνταλλάττεσθαι·
881 1075 911 1104 οὖ

117 1135 147 1161 τί
167 1133 266 1168 γένοιτ’
282 1133 315 1161 ἂν
329 1130 508 1167 εὖηθέστερόν
521 1138 550 1156 τε
565 1129 613 1155 καὶ
626 1126 821 1163 σχετλιώτερον
832 1125 913 1157 ;Ὶδοὺ

121 1190 165 1208 σοι
180 1181 253 1208 κατά
269 1179 370 1206 σκοπὸν
382 1179 430 1214 (ὡς
444 1177 517 1205 δοκῶ
533 1175 602 1211 μοι),
620 1174 670 1209 τὴν
685 1172 832 1205 ἀπόκρισιν
847 1171 915 1197 ἀπο-

121 1227 238 1259 δέδωκα,
255 1225 321 1261 περὶ
343 1221 380 1253 ὧν
393 1223 475 1255 αὐτὸς
492 1222 646 1249 ὲπυνθάνου
656 1228 663 1236 °
683 1221 707 1247 εί
722 1219 749 1246 δέ
764 1228 790 1246 τι
804 1219 850 1245 καὶ
868 1219 915 1244 ἐπὶ

123 1272 207 1300 πλέον
228 1271 339 1298 ἀκούειν
364 1269 481 1303 ἐθέλεις,
499 1268 572 1300 εἰπὲ,
590 1267 639 1293 καὶ
654 1267 683 1292 ἐν
706 1265 797 1300 χεροῖν
814 1264 843 1290 τὸ
865 1272 914 1290 πο-

126 1318 269 1353 θούμενον.
289 1317 361 1352 Ἤδη
391 1315 446 1351 γὰρ
475 1313 593 1350 πάρειμί
613 1321 655 1340 σοι
683 1311 843 1347 πρόθυμος,
860 1311 915 1337 πᾶν

126 1366 195 1400 ὅπερ
209 1365 242 1394 ἂν
256 1365 415 1397 κελσύσειας
431 1363 470 1399 (l)
487 1362 649 1389 ὲκτελέσων.

164 1503 210 1540 ιβ’.
231 1503 300 1531 Ἀλλ’
331 1501 401 1534 ἅλις,
426 1501 505 1535 ἔφην,
531 1499 670 1534 διεξῆλθες
694 1497 728 1524 τὰ
745 1497 796 1532 τῆς
817 1496 912 1532 Ἐδέμ-

951 258 1103 291 Quantum,
1128 255 1200 282 bone
1217 253 1299 284 Deus,
1317 251 1498 291 benelicium!
1522 249 1560 277 illi
1575 249 1647 283 quod
1677 248 1743 275 brr-

953 311 1012 330 rem
1028 307 1055 329 et
1071 302 1298 334 intemperantem
1317 287 1486 332 voluptatem
1504 295 1671 329 rejecerunt,
1682 293 1746 321 ideo

951 348 1118 382 sempiterna
1155 345 1375 380 temperantique
1396 343 1581 378 perfruentur.

989 393 1008 420 ll
1019 393 1110 425 .~Quid
1123 399 1192 427 opus
1204 396 1246 419 est
1257 390 1374 424 amplius
1387 389 1536 423 promissas
1548 388 1625 415 nobis
1636 388 1744 415 ιιίνίιιεις

954 439 1245 469 delicias-recensere?
1259 438 1287 465 Si
1302 438 1363 472 quis
1378 436 1458 472 equis
1476 436 1578 467 studet,
1595 436 1652 463 sive
1664 443 1747 462 vena-

957 489 1031 515 tione
1063 487 1174 523 gaudet,
1206 492 1337 519 arcuque,
1363 483 1523 513 canibusve.
1557 487 1605 509 aut
1635 482 1749 508 alitilms

958 535 1106 563 mansuetis
1123 534 1166 565 (de
1179 532 1326 559 venatoriis
1340 531 1394 558 illis
1413 529 1630 564 loqunr,‘luihus
1646 528 1749 555 bestias

957 583 1057 609 victum
1071 580 1148 608 nobis
1164 579 1368 614 suppeditantes
1388 577 1544 612 capimus),
1559 576 1616 602 sive
1631 575 1750 602 vestium

958 627 1128 662 splendorem
1142 625 1487 658 aﬂuetatnpuellarnmqne
1517 629 1666 656 congressu
1681 621 1755 647 delc—

961 681 1061 705 ctalur,
1075 673 1165 701 omnia
1183 671 1312 706 denique,
1329 675 1359 699 ut
1373 671 1492 697 breviter
1512 669 1613 700 dicam,
1625 674 1753 702 (ιιιαξοιιιις

959 729 1013 756 que
1043 720 1071 747 in
1089 719 1228 753 voluptate
1252 725 1328 745 mens
1347 716 1474 751 ellingere
1498 714 1578 742 nobis
1599 717 1698 747 potest,
1721 719 1753 738 ea

960 766 1113 794 volentibus
1129 766 1220 792 statim
1245 763 1359 791 adsunt:
1392 770 1442 789 nec
1472 761 1544 788 enim
1577 760 1659 786 ullam
1695 766 1753 785 rem

961 813 1126 844 desiderant.
1138 819 1200 846 quae
1218 818 1270 838 non
1289 811 1408 845 ipsorum
1425 809 1505 835 etiam
1527 806 1661 834 desideria
1689 812 1756 838 pras-

962 863 1057 889 vertat.
1098 856 1386 891 abundantissimequ
1419 857 1541 888 superet.
1579 850 1754 886 Huiusmodi,

929 897 948 924 Β
965 906 1074 939 hospes,
1090 903 1340 931 remunerationem
1356 901 1390 927 ah
1411 900 1567 936 justissiino
1596 897 1755 933 optimoque

964 953 1019 980 Deo
1035 951 1157 979 omnium
1182 958 1271 978 rerum
1301 950 1415 976 Domino
1446 947 1592 982 accipient,
1621 945 1668 980 qui
1696 945 1758 979 ejus

963 1002 1095 1032 praecepta
1110 1002 1181 1024 recte
1191 996 1334 1024 servarint.
1347 995 1382 1021 At
1393 994 1465 1021 enim
1480 1001 1571 1020 rerum
1585 991 1756 1019 terrestrium

963 1051 1040 1071 error
1054 1043 1192 1078 plerisque
1207 1041 1364 1076 persuadet.
1382 1045 1411 1067 ut
1425 1039 1575 1066 imlI'abiles
1604 1038 1665 1065 illas
1690 1037 1759 1063 deli-

964 1089 1021 1116 cias
1036 1089 1205 1123 gloriamque
1232 1087 1381 1122 negligant,
1411 1086 1575 1119 brevemque
1591 1092 1622 1111 ac
1647 1091 1759 1118 parvam

966 1135 1133 1169 voluptatem
1151 1142 1214 1161 vere
1225 1133 1344 1160 maxima
1359 1136 1386 1159 et
1402 1131 1570 1166 sempiterna
1591 1131 1634 1157 illa
1652 1129 1760 1156 eharin-

965 1189 1021 1208 rem
1035 1181 1173 1208 habeant:
1191 1187 1245 1214 quo
1260 1178 1324 1214 quid
1341 1178 1468 1205 stolidius
1493 1178 1562 1208 liert,
1591 1176 1655 1210 quid
1678 1175 1762 1203 mise-

966 1226 1080 1254 rabilius
1089 1225 1175 1261 possit
1186 1225 1270 1252 Illaec
1285 1225 1350 1252 mihi
1361 1224 1418 1251 fere
1430 1223 1457 1250 in
1473 1226 1592 1250 mentem
1605 1221 1762 1251 xeniehaut,

965 1273 1067 1308 quibus
1083 1279 1234 1306 congruum
1250 1271 1291 1306 (ut
1307 1270 1416 1305 opinor)
1435 1268 1566 1296 vol'nntati
1585 1272 1637 1295 tuae
1649 1275 1762 1301 repon-

952 1327 1026 1348 -sutn
1040 1319 1180 1346 redderem
1198 1318 1231 1345 de
1254 1318 1306 1344 illis
1322 1317 1414 1349 rebus,
1430 1315 1464 1343 de
1479 1314 1580 1350 quibus
1613 1315 1749 1347 interroga

966 1364 1119 1399 bas:quod
1137 1364 1159 1391 si
1181 1364 1245 1398 quid
1261 1362 1382 1397 amplius
1410 1361 1507 1388 audire
1521 1360 1599 1392 velis,
1630 1360 1705 1386 dicas
1718 1361 1766 1393 per
1791 1360 1794 1362 ⁷

966 1418 1009 1439 me
1021 1411 1094 1443 licet,
1110 1416 1136 1437 et
1151 1410 1223 1445 quod
1247 1415 1326 1444 optas
1343 1409 1370 1436 in
1387 1415 1471 1435 manu
1484 1406 1548 1434 erit.
1565 1406 1668 1432 Adsum
1693 1405 1764 1432 enim

966 1457 1026 1489 tibi,
1041 1457 1150 1492 hospes,
1162 1457 1195 1483 ad
1211 1456 1395 1491 quodcunque
1408 1453 1524 1487 iusseris
1544 1451 1764 1487 exsequendum.

1003 1504 1052 1531 1‘2.
1069 1502 1142 1530 Satis
1162 1508 1191 1529 tu
1217 1502 1296 1533 mihi,
1311 1501 1436 1535 inquam,
1456 1507 1516 1534 quae
1531 1498 1563 1526 ad
1592 1498 1664 1525 Edon
1679 1497 1766 1532 perti-

129 1551 203 1581 ὂπως
217 1548 240 1576 δ’
255 1547 370 1583 ἀμυνείς
386 1547 520 1580 γενναίως
535 1547 589 1577 τοῖς
607 1545 774 1580 εἰρημένοις,
790 1544 854 1578 περὶ
878 1540 915 1570 ὦν

971 1554 1044 1582 nent,
1067 1547 1182 1575 dicendo
1210 1546 1386 1582 percurristi:
1403 1546 1449 1573 sed
1465 1546 1526 1572 vide
1538 1545 1587 1577 sis,
1609 1544 1719 1578 hospes,
1737 1546 1768 1570 ut

129 1596 163 1624 ἂν
173 1596 263 1631 ἔχοιμι
289 1594 337 1622 νῦν
361 1594 512 1629 προφέρειν
524 1602 532 1610 ·
546 1592 607 1619 οὐδὲ
621 1593 675 1626 γὰρ
693 1591 773 1618 πάντ’
795 1591 919 1625 ἐλέγχειν

131 1641 300 1676 βουλήσομαι
328 1639 363 1666 τὰ
392 1637 582 1674 προειρημένα
608 1645 670 1668 σοι,
692 1636 747 1662 οὐδ’
771 1635 864 1662 ἐκεῖνά
887 1641 926 1669 γε

131 1687 251 1721 πάντῳς,
267 1686 307 1714 ὁσ²
332 1686 366 1712 ὲκ
395 1684 500 1712 τούτων
526 1691 571 1718 μοι
590 1682 714 1709 δοκοῦσιν
744 1681 865 1717 ἀνίσχειν
886 1681 921 1708 τὰ

131 1733 296 1767 ἁτοπήματα
307 1738 314 1746 ·
329 1729 364 1765 ἦν
376 1730 430 1765 γὰρ
445 1729 489 1761 ἂν,
506 1729 587 1755 ταυτὶ
602 1726 756 1762 βουληθεὶς,
777 1727 818 1758 είς
833 1726 920 1760 λόγων

131 1779 249 1812 πέλαγος
263 1777 393 1813 ἐμπεσών
404 1785 411 1792 ι
427 1776 499 1802 οὕτω
521 1783 568 1809 μοι
583 1774 670 1801 πολλά
683 1774 821 1809 φαίνεται.
835 1772 923 1800 Ταυτὶ

134 1825 184 1860 μὲν
199 1823 247 1851 οὖν
263 1824 440 1859 σιωπήσομαι
451 1829 459 1837 ’
482 1821 650 1856 πειράσομαι
664 1820 692 1850 δέ
710 1828 752 1847 σοι
768 1819 866 1851 δεῖξαι,
885 1818 922 1850 ὡς

133 1867 236 1901 avoid;
255 1878 284 1896 τε
302 1865 336 1901 ὦ,
351 1867 469 1901 σαθροὺς
483 1867 547 1899 τοὺς
562 1866 704 1901 θεμελίους
729 1865 784 1892 τῶν
810 1864 924 1899 εἰρημέ-

126 1921 188 1943 ’νων
206 1923 247 1942 σοι
259 1923 266 1930 ·
281 1914 334 1941 κᾶν
350 1913 429 1941 τοῦτο
442 1914 566 1948 γένηται,
578 1913 666 1943 οὐδείς
682 1920 722 1939 σοι
745 1911 855 1942 πάντως
868 1911 922 1938 τῶν

134 1961 237 1997 λοιπῶν
250 1961 326 1988 ἔσται
339 1960 430 1995 λόγος.
448 1959 515 1986 Οὐδὲ
527 1959 582 1994 γὰρ
593 1958 706 1994 μελήσει
727 1967 769 1985 σοι
787 1956 837 1992 τῆς
850 1959 923 1984 οἰκο-

134 2008 231 2043 δομῆς,
246 2006 495 2042 ἀνατετραμμένης
521 2006 571 2040 τῆς
601 2004 770 2040 ὑποσάθρας.
795 2003 923 2039 Ἐφηαθα

114 2055 236 2095 .rolvov,
259 2054 297 2086 ὡς
321 2055 335 2080 ὁ
361 2053 479 2086 Χριστὸς
508 2051 663 2079 καθεδεῖται
690 2051 801 2079 πάντων
826 2051 923 2086 κριτὴς

137 2100 308 2131 δικαιότατος
319 2099 387 2134 μετὰ
394 2098 445 2133 τὴν
453 2097 556 2124 τούτων
570 2097 730 2125 ἀνάστασιν.
744 2094 811 2123 Εἶτα
821 2096 922 2130 λέγεις,

137 2146 217 2172 αὐτὸν
231 2141 461 2179 αίάχυνθήσεσθαι
485 2142 534 2169 τὸν
547 2141 669 2176 Μωάμεθ
691 2140 924 2176 παραιτούμενον,

137 2193 175 2221 ὡς
201 2192 266 2219 ὅντα
295 2191 355 2217 λίαν
382 2190 470 2225 τούτῳ
495 2187 701 2224 πεφιλημένον
719 2189 767 2214 καὶ
788 2188 837 2223 τὴν
853 2188 924 2222 ὑπὲρ

137 2238 191 2264 τῶν
219 2237 326 2264 ἐκείνου
354 2235 486 2271 μαθητῶν
510 2243 540 2261 τε
563 2234 613 2261 καὶ
627 2234 735 2260 ὀπαδῶν
749 2233 840 2268 ψῆφον
857 2233 925 2268 πρὸς

138 2283 217 2318 χάριν
248 2282 334 2308 οῐσειν
358 2275 525 2316 διισχυρίζῃ.
539 2280 576 2307 Τὸ
596 2280 624 2307 δὲ
642 2280 716 2315 -πρὸς
732 2280 813 2315 χάριν
841 2280 871 2306 οὗ
888 2280 930 2306 δίο

139 2338 217 2356 καιον
229 2337 235 2344 ·
255 2329 299 2355 ὅτε
318 2327 366 2354 καὶ
389 2327 421 2354 τὸ
436 2327 541 2354 δίκαιον
563 2327 613 2353 οὐκ
642 2327 674 2354 ἄν
701 2334 764 2352 ποτε
777 2326 821 2361 ετη
838 2326 930 2361 χάρις.

141 2375 221 2402 Ὅθεν
249 2373 374 2409 οὐδαμῶς
407 2373 554 2407 συμϐαίνει
569 2373 604 2399 τὰ
627 2372 774 2407 εἰρημένα,
791 2372 860 2398 ἀλλὰ
884 2379 934 2405 καὶ

138 2421 323 2457 διαφερόντως
337 2420 465 2455 ἀλλήλοις
480 2420 654 2455 διαφέρεται.
673 2419 710 2446 Τὸ
722 2419 775 2453 γὰρ
795 2418 858 2453 ἴσην
872 2417 933 2444 δοῦ-

139 2477 184 2495 ναι
213 2468 292 2503 δίκην
317 2467 381 2498 τοὺς
404 2467 433 2494 ἐν
457 2466 554 2501 τάφρῳ
566 2474 596 2492 τε
609 2465 656 2492 καὶ
671 2466 705 2501 τῇ
718 2465 813 2500 πίττῃ,
832 2465 869 2496 ὠς
881 2464 928 2490 lea.

139 2512 274 2547 δήπουθεν
291 2511 577 2547 πεπλημμεληκότας·
595 2508 665 2543 εἶτα,
695 2511 757 2542 τοὺς
775 2511 824 2546 μὲν
838 2510 928 2537 αὐτῶν

140 2557 204 2593 ἄχρι
215 2557 262 2585 τοῦ
273 2557 374 2589 παντὸς
386 2558 466 2584 ἐᾶσαι
476 2557 651 2589 κολάζεσθαι,
660 2557 698 2589 ὡς
711 2556 750 2592 μὴ
767 2556 930 2592 δυνηθέντας

140 2603 272 2630 λαϐέσθαι
287 2603 343 2629 τῶν
357 2603 405 2630 τοῦ
418 2603 543 2637 Μωάμεθ
557 2603 661 2638 τριχῶν
675 2623 682 2635 ,
698 2605 754 2635 τοῖς
769 2603 798 2630 δὲ
817 2604 930 2639 τυχοῦσι

140 2649 255 2680 τούτων,
276 2648 325 2675 καὶ¹
353 2648 508 2680 ἀνελθοῦσι,
526 2649 574 2675 καὶ
593 2648 675 2676 αὑτὸν
695 2648 728 2684 δὴ
739 2649 785 2675 τὸν
800 2649 932 2684 παράδει-

143 2703 189 2721 σον
213 2694 305 2729 δοῦναι
327 2694 533 2730 κληρονομῆσαι
553 2694 593 2731 (ὃς
606 2696 662 2726 τοϊς
676 2695 820 2730 ἀριστεῦσι
841 2696 931 2730 μόνοις

142 2738 225 2767 ἆθλόν
237 2749 267 2768 τε
286 2742 334 2768 καὶ
359 2741 446 2776 γέρας
461 2741 642 2776 ἀφώρισται),
660 2741 711 2768 ποῦ
726 2741 759 2776 δὴ
777 2741 853 2768 ταῦτ’
871 2741 932 2768 ἐστὶ

141 2788 177 2812 τὰ
189 2786 280 2813 δίκαια.
299 2787 434 2826 τιμῶντος
455 2787 569 2822 ἀνδρόςς
588 2788 670 2822 μήτοι
685 2795 717 2820 γε
732 2786 826 2822 κριτοῦ
843 2786 930 2813 τοιούσ

141 2843 200 2867 του,
214 2835 262 2860 καὶ
281 2833 370 2869 ψυχῆς
385 2842 416 2860 τε
434 2833 480 2860 καὶ
497 2833 580 2869 πνοῆς
594 2834 640 2861 καὶ
656 2833 743 2868 Λόγου
758 2833 838 2866 Θεοῦ,
852 2832 931 2860 τοῦτο

179 2893 217 2926 tl)
232 2892 298 2925 Cod.
316 2892 400 2919 Coisl.
416 2892 551 2920 κελευσει.

304 2990 315 3007 ο

971 1594 1044 1621 dicta
1058 1598 1103 1620 ttta
1114 1592 1221 1619 fortiter
1234 1591 1364 1619 defendas
1379 1592 1514 1619 adversus
1529 1599 1561 1619 ea
1584 1591 1691 1623 saltem,
1705 1598 1768 1626 qna:

973 1647 1044 1666 nunc
1059 1639 1106 1666 tibi
1123 1639 1223 1673 possim
1241 1638 1380 1671 obiicere:
1399 1645 1450 1665 nec
1463 1638 1535 1664 enim
1564 1637 1654 1664 omnia
1671 1637 1720 1665 abs
1741 1642 1768 1664 te

972 1685 1044 1712 dicta
1065 1684 1125 1712 volo
1143 1683 1317 1719 redarguere,
1329 1684 1417 1711 necin
1434 1682 1593 1710 universum
1606 1682 1651 1709 illa
1670 1683 1767 1709 subiu-

972 1732 1057 1763 sulsa,
1073 1738 1133 1766 quae
1157 1731 1234 1766 sequi
1254 1729 1380 1757 videntur
1396 1737 1429 1756 ex
1446 1728 1587 1764 principiis
1606 1729 1661 1756 tuis
1679 1738 1685 1756 ε
1703 1736 1768 1755 nam

973 1777 994 1804 si
1011 1777 1117 1810 vellem,
1134 1777 1160 1803 in
1176 1775 1313 1812 quoddam
1326 1775 1404 1810 quasi
1420 1775 1566 1802 verborum
1598 1775 1708 1810 pelagus
1723 1775 1767 1802 in—

973 1825 1092 1851 ciderent
1107 1832 1113 1850 :
1130 1822 1199 1850 adeo
1214 1823 1297 1850 multa
1311 1822 1378 1849 mihi
1397 1822 1532 1849 videntur.
1558 1821 1604 1848 Illa
1631 1822 1714 1857 igitur
1730 1821 1772 1849 si-

973 1870 1057 1898 lentio
1070 1869 1274 1904 praetermittam
1285 1877 1292 1895 :
1304 1867 1354 1895 tibi
1368 1875 1444 1900 vero,
1459 1871 1591 1902 quantum
1605 1867 1688 1894 inme
1699 1867 1768 1899 erit,

974 1917 1119 1944 ostendere
1152 1915 1283 1946 conabor.
1311 1921 1394 1949 quam
1422 1914 1543 1946 inﬁrma,
1568 1913 1677 1949 hospes,
1703 1913 1776 1941 mihi

974 1963 1121 1990 videantur
1135 1961 1269 1989 dictorum
1298 1965 1408 1988 tuorum
1440 1959 1633 1987 fundamenta:
1658 1959 1731 1994 quod
1747 1959 1773 1987 si

974 2009 1075 2037 factum
1091 2007 1184 2040 fuerit,
1205 2011 1367 2034 caeterorum
1383 2006 1486 2033 nullam
1504 2006 1617 2033 omnino
1633 2005 1772 2033 rationem

975 2057 1075 2083 haltere
1089 2054 1200 2090 poteris.
1214 2053 1281 2080 Nam
1296 2061 1390 2080 eversa
1402 2053 1472 2085 basi,
1494 2053 1527 2080 de
1537 2052 1661 2083 mdillcio,
1677 2052 1772 2085 credo,

974 2111 1028 2130 non
1043 2101 1164 2129 curabis.
1179 2101 1274 2128 Dixisti
1290 2100 1383 2134 igitur,
1398 2099 1537 2127 Christum
1554 2104 1614 2134 post
1629 2098 1773 2126 hominum

975 2148 1202 2176 resurrectionem
1221 2146 1403 2181 iustissimum
1420 2145 1540 2172 omnium
1573 2145 1691 2179 judieem
1712 2151 1773 2172 esse

975 2202 1127 2222 sessurum.
1148 2193 1250 2220 Deinde
1266 2193 1335 2221 dicis
1349 2192 1419 2225 fore,
1439 2197 1469 2219 ut
1499 2191 1658 2224 Moamethi,
1690 2198 1774 2225 quem

940 2237 967 2267 D
979 2241 1080 2268 eximie
1099 2240 1198 2275 diligit,
1213 2247 1262 2275 pro
1279 2239 1437 2267 hominibus
1452 2238 1622 2273 deprecantis
1637 2236 1771 2263 rationem

983 2286 1093 2318 habeat,
1102 2292 1220 2319 eumque
1233 2292 1247 2311 a
1271 2285 1356 2320 gratia
1367 2283 1465 2311 ﬂexum
1479 2284 1512 2310 de
1537 2283 1610 2309 illius
1633 2282 1776 2316 discipulis

982 2327 1217 2365 sectatoribusqne
1231 2329 1396 2357 sententiam
1422 2329 1540 2356 laturum
1555 2335 1616 2355 esse
1642 2327 1774 2354 amrmas.

984 2379 1040 2406 Hoc
1052 2383 1154 2409 autem.
1171 2387 1185 2405 α
1201 2379 1285 2413 gratia
1301 2378 1412 2411 ﬂexum,
1425 2377 1528 2412 justum
1543 2383 1596 2403 non
1613 2381 1655 2403 est
1669 2384 1676 2402 :
1692 2377 1773 2410 quia,

985 2425 1057 2460 quod
1069 2425 1171 2459 justum
1183 2431 1235 2458 est,
1248 2425 1333 2460 gratia
1346 2432 1407 2451 esse
1432 2423 1537 2458 nequit.
1552 2421 1629 2450 Unde
1644 2430 1704 2457 qua
1729 2422 1772 2448 di-

984 2471 1048 2499 xisti
1059 2478 1232 2506 nequaquam
1262 2473 1427 2504 congruunt,
1440 2469 1487 2496 sed
1501 2468 1674 2495 vehementer
1690 2467 1776 2494 etiam

982 2517 1053 2544 inter
1063 2524 1093 2544 se
1104 2521 1234 2552 pugnant.
1248 2515 1315 2543 Nam
1328 2516 1446 2550 primum
1463 2514 1535 2549 quod
1556 2513 1586 2546 ii,
1602 2515 1648 2549 qui
1661 2514 1687 2540 in
1702 2513 1777 2540 fossa

983 2567 1010 2590 et
1021 2563 1080 2598 pice
1089 2563 1255 2592 detinentur.
1266 2562 1383 2596 mquales
1393 2568 1489 2596 pinnas
1499 2561 1668 2596 persolvunt,
1680 2564 1776 2594 utpote

983 2610 1031 2644 qui
1041 2609 1182 2644 aequaliter
1192 2608 1385 2643 peccaverint:
1401 2612 1471 2639 tum,
1483 2614 1578 2634 eorum
1595 2606 1727 2640 quosdam
1739 2606 1772 2631 ad

983 2661 1115 2683 atternum
1128 2654 1290 2689 supplicium
1303 2654 1458 2684 detrudere,
1470 2654 1542 2688 quod
1550 2652 1697 2679 Moamethi
1727 2659 1775 2678 ca-

984 2702 1064 2736 pillos
1085 2701 1251 2735 prehendere
1271 2707 1327 2727 non
1345 2701 1485 2735 potuerint
1507 2708 1514 2726 :
1533 2699 1643 2730 deinde,
1655 2698 1775 2731 caneris,

983 2745 1033 2779 qui
1048 2752 1096 2772 eos
1107 2744 1303 2780 prehenderint
1313 2748 1340 2772 et
1353 2743 1541 2776 ascenderint,
1556 2742 1722 2770 haereditatis
1734 2743 1773 2768 lo—

985 2797 1017 2816 eo
1028 2789 1183 2823 paradisum
1193 2789 1259 2816 dare
1269 2788 1524 2824 (quiprtestantibus
1541 2793 1645 2815 tantum
1663 2787 1729 2814 viris
1744 2791 1774 2813 ιιι

987 2834 1127 2869 prmmium
1143 2839 1170 2863 et
1183 2841 1283 2863 corona
1298 2839 1452 2863 reservatus
1463 2834 1532 2870 est):
1547 2838 1646 2862 suntne
1657 2833 1715 2860 tunc
1725 2831 1777 2859 viri
