1929 3087
145 109 198 141 163

751 103 956 136 MANUELIS
969 91 1201 135 ‘PAL/EOLOGI
1254 94 1258 97 κ

1722 101 1777 135 164

138 168 184 203 ξοδ
199 172 226 195 et
241 175 350 202 equum
362 167 544 195 aestimantis?
559 166 657 195 nedum
671 166 828 201 huiusmodi
839 163 936 199 iudicis

991 162 1022 197 δὴ
1036 162 1067 189 τὸ
1083 163 1136 198 πρὸ
1152 162 1251 198 μικροῦ
1263 163 1308 197 ὑφ’
1324 162 1399 198 ὑμῶν
1411 162 1557 198 εἰρημένον
1569 183 1577 195 ,
1591 161 1647 188 Καὶ
1660 161 1714 196 μὴν
1729 165 1753 188 ει
1764 162 1780 188 ὁ

140 215 187 249 qui
197 214 280 250 paulo
289 218 353 241 ante
365 215 413 242 Dei
424 214 649 248 anima,spiritus
659 218 685 240 et
697 212 816 240 Verbum
829 219 843 238 ο
855 211 933 238 vobis

991 209 1109 243 Μωάμεθ
1135 209 1224 236 εἵλετο
1255 210 1320 241 τοὺς
1351 211 1493 244 συγγενεῖς
1521 209 1538 244 ή
1564 208 1628 240 τοὺς
1645 207 1779 242 φοιτητὰς

141 260 453 296 nominabatur?Atqui
481 260 504 287 si
528 259 699 287 Moamethus
713 263 844 292 cognatos
869 263 935 284 suos

141 305 232 339 potius
245 314 326 342 quam
340 305 487 340 discipulus
498 305 578 332 malis
590 305 694 339 eripere
706 303 849 334 voluisset,
858 306 936 330 certe

142 352 287 379 inmtcrnis
308 352 449 386 suppliciis
473 348 598 387 discipuli
622 352 820 378 remansissent
844 357 936 378 :nunc

142 407 217 431 vero,
232 399 392 434 propinquis
403 399 537 430 dimissis,
554 407 615 425 cum
629 399 676 433 qui
691 398 786 424 eadem
801 396 935 431 religione

142 451 271 472 essenth
287 446 456 473 tenebricosa
472 446 517 473 illa
531 445 639 472 ﬂamma
665 445 781 472 voluerit
807 444 934 476 educere,

143 498 176 517 ne
189 491 239 518 hoc
251 491 359 526 quidem
376 491 499 526 perfecit.
813 515 835 533 .

178 538 221 566 15.
237 538 302 564 Nam
325 538 416 565 habito
430 539 540 573 quidem
558 538 590 564 ad
607 538 739 572 quosdam
761 540 886 571 respectu
902 543 934 562 ex

141 583 224 610 animi
243 583 375 611 sententia
395 592 450 610 rem
463 583 703 611 eonfecit:c-.eteri
720 588 810 610 autem
825 582 851 608 in
872 589 931 617 gur-

142 631 194 663 g’te
214 630 335 656 derelicti
350 634 422 661 sunt,
438 630 544 657 etiamsi
566 637 662 656 omnes
681 629 724 656 ille
740 636 774 656 ex
801 628 875 655 fossa
890 635 938 655 cx-

142 677 250 703 trahcre
266 676 396 703 voluerit.
413 676 465 704 Sed
480 676 532 709 fac,
546 676 697 703 secundum
725 675 897 710 propositum
910 679 937 701 et

142 723 310 749 Vuluiitatetir
333 721 479 760 llloamethi
494 723 545 749 hoc
557 722 690 749 accidisse
705 727 846 756 ,quonam,
856 721 937 747 obse-

144 776 204 800 cro,
215 769 291 802 justo
299 768 403 803 judicio
413 768 470 795 ﬁeri
501 768 588 802 putuit
603 769 616 807 ’ξ
628 767 729 794 Omnes
743 768 814 794 enim
842 766 935 794 eadem

144 813 276 848 religione
307 818 396 846 erant,
416 814 583 848 nimiamque
609 813 726 847 aliquam
757 817 933 846 peccatorum

147 859 349 886 multitudinem
375 859 507 886 ferebant.
521 858 638 885 Proinde
655 858 696 885 vel
710 865 802 885 omnes
824 862 935 892 pr0pter

151 906 229 932 iidem
246 904 363 931 liberare
375 903 527 938 oportebat,
546 903 586 929 vel
601 910 698 929 omnes
727 909 812 937 preme
828 901 935 928 tradere

147 957 257 987 propter
287 954 460 985 peccatorum
496 949 722 984 magnitudinem.
751 947 827 975 Nunc
859 955 934 980 vero,

144 997 209 1032 quia
236 995 398 1023 criminibus
427 994 564 1031 similibus
584 995 736 1021 obstrictos
765 1001 818 1020 non
840 993 935 1022 eodem

146 1044 226 1071 modo
239 1045 405 1073 remnnerat,
414 1047 488 1068 certe
503 1045 550 1067 aut
563 1040 605 1068 his
622 1040 800 1075 gratiﬁcatnr,
816 1044 862 1066 aut
875 1040 936 1067 illos

145 1089 244 1124 injuria
254 1087 346 1118 allicit,
358 1092 405 1113 aut
416 1087 500 1121 (quod
514 1086 622 1114 tertium
636 1086 771 1121 superest)
783 1093 836 1112 non
849 1086 937 1120 potuit

145 1135 274 1169 p.:rticcre
287 1133 314 1160 id
324 1133 396 1167 quod
410 1133 532 1160 volebat:
543 1140 699 1167 quanquam
713 1133 763 1159 hac
774 1139 882 1167 qttoque
894 1130 936 1158 via

146 1187 242 1208 omnes
265 1187 279 1206 e
296 1179 376 1206 malis
391 1178 498 1206 liberari
517 1186 629 1206 necesse
658 1183 726 1205 erat.
744 1177 845 1212 Nempe
862 1178 934 1211 Alin,

152 1232 182 1252 ut
195 1225 356 1260 prophetam
370 1229 396 1250 et
410 1223 455 1250 Dei
476 1224 608 1256 amicum,
637 1224 772 1258 plurimos
800 1224 936 1259 supplicio

148 1271 252 1305 eripere
264 1273 402 1304 beataeque
415 1270 476 1297 vitae
500 1271 651 1305 participes
680 1270 786 1298 cﬂicerc
812 1271 935 1303 decebat,

152 1317 277 1349 idemque
289 1315 378 1342 fecere
390 1314 516 1346 Fatmen,
541 1315 578 1340 tui
602 1314 740 1348 prophetae
759 1314 851 1346 ﬁliam,
876 1322 937 1350 qua:

152 1363 251 1388 multos
264 1362 321 1394 ipsa
337 1360 443 1394 conjugi
462 1367 512 1386 suo
524 1359 566 1386 Ali
593 1360 739 1394 prophetas
760 1361 873 1394 peperit.
898 1361 936 1387 ita

147 1407 332 1441 unusquisque
341 1414 435 1432 eorum
453 1410 583 1440 quantum
596 1405 629 1432 ab
639 1405 729 1440 judice
738 1406 868 1440 diligitur,
878 1411 937 1433 Ian-

150 1458 206 1480 tutn
224 1453 323 1487 poterit
338 1451 410 1485 apud
424 1452 511 1485 ipsum
525 1461 532 1478 :
545 1452 613 1478 adeo
628 1457 658 1479 ut
669 1452 740 1479 alius
752 1452 861 1486 quidem
874 1454 934 1487 plu-

952 843 972 870 Β

986 255 1070 282 αὑτοῦ
1087 255 1141 283 τῶν
1152 256 1246 284 δεινῶν
1261 256 1414 289 ἐξελέσθαι,
1428 256 1542 291 ἔμειναν
1560 255 1594 282 ἃν
1609 255 1634 281 οἱ
1649 253 1779 289 φοιτηταί

985 300 1128 335 ἀπέραντα
1142 301 1323 336 κολαζόμενοι
1333 309 1340 317 ·
1356 301 1404 328 νῦν
1425 301 1464 333 δὲ,
1483 301 1591 336 χαίρειν
1614 300 1698 330 ἐάσας
1713 299 1779 330 τοὺς

986 347 1061 381 αὐτῴ
1085 348 1294 382 προσήκοντας,
1308 348 1372 380 τοὺς
1392 347 1420 375 δὲ
1443 346 1494 382 τῆς
1516 345 1603 381 αὐτῆς
1628 345 1781 380 θρησκείας

986 393 1060 428 αὑτῷ
1077 394 1126 428 τῆς
1139 394 1282 429 σκοτεινῆς
1296 394 1396 428 φλογὸς
1409 393 1517 428 ἐκείνης
1533 391 1665 426 ἐθελήσας
1681 391 1780 425 ἐξαγα-

985 441 1056 474 γεῖν,
1072 440 1133 467 οὐδὲ
1147 440 1214 475 γοῦν
1225 440 1305 468 τοῦτο
1319 440 1504 475 κστέπραξεν.

1022 533 1067 567 ιγ’.
1086 533 1159 567 Πρὸς
1185 533 1234 567 μὲν
1261 532 1314 568 γὰρ
1339 533 1402 564 τοὺς
1425 532 1504 565 ἐξέϐη
1537 533 1625 566 τούτῳ
1642 531 1672 558 τὸ
1693 530 1781 566 πέρας

987 583 1057 608 κατὰ
1074 581 1121 616 τὴν
1138 581 1270 616 πρόθεσιν
1283 588 1290 596 ·
1309 581 1333 607 οί
1346 580 1369 606 δ’
1384 579 1622 613 ὲναπελείφθησαν
1643 578 1684 613 τῷ
1697 578 1782 613 βαρά-

988 628 1044 663 θρῳ
1055 647 1063 658 ,
1083 628 1179 654 τούτου
1196 627 1301 657 πάντας
1315 625 1493 660 βουληθέντος
1510 624 1651 656 ἐξελέσθαι
1667 625 1717 658 τῆς
1733 624 1782 651 τά·

988 681 1067 710 φρου.
1085 673 1115 698 El.
1132 672 1160 698 δὲ
1176 672 1245 698 κατὰ
1258 671 1373 705 γνώμην
1387 670 1483 698 τούτου
1501 671 1597 704 γέγονε
1613 669 1713 701 ταῦτα,
1727 669 1780 695 τινι

987 720 1080 755 δικαίᾳ
1109 719 1206 753 γέγονε
1235 718 1341 753 ψήφῳς
1367 717 1472 748 Πάντες
1493 717 1547 751 γὰρ
1565 716 1612 742 καὶ
1624 716 1674 750 τῆς
1693 715 1780 748 αὐτῆς

988 766 1138 801 θρησκείας
1154 766 1232 797 ὄντες
1247 764 1408 799 ἐτύγχανον,
1421 764 1468 790 καὶ
1484 763 1514 790 οὺ
1532 762 1652 797 φορητόν
1667 770 1694 787 τι
1711 760 1782 794 πλῆ-

989 814 1034 844 Οος
1048 813 1192 848 ἁμαρτιῶν
1215 812 1354 845 φέροντες.
1374 810 1408 838 Ἣ
1426 810 1492 844 γοῦν
1507 809 1570 840 τοὺς
1592 809 1699 838 πάντας
1721 808 1781 833 ἁνε-

987 859 1082 886 λέσοαι
1098 859 1180 893 ἐχρῆν
1197 859 1241 884 διὰ
1254 859 1305 893 τὴν
1329 857 1460 891 πίστιν,ἢ
1475 855 1539 887 τοὺς
1555 856 1679 885 ἅπαντας
1701 854 1781 880 ἐᾶσαι

987 905 1150 937 κολάζεσθαι
1181 904 1225 930 διὰ
1248 904 1279 930 τὺ
1292 904 1347 930 τῶν
1363 902 1508 938 ἁμαρτιῶν
1530 902 1656 937 μέγεθος.
1674 900 1731 926 Νῦν
1751 899 1780 926 δὲ

987 954 1042 984 τοῖς
1061 953 1129 982 ῖσυις
1145 951 1322 985 ἐνεχομένους
1337 949 1367 976 οὐ
1379 950 1437 980 τοῖς
1445 949 1537 980 αὐτοῖς
1549 948 1744 982 ἀμειϐόμενος,
1761 945 1778 980 ἤ

985 997 1105 1024 τουτοισὶ
1121 997 1313 1032 χαριζόμενος,
1327 996 1343 1031 ἢ
1358 995 1482 1026 ἐκείνους
1497 995 1598 1022 ἀδικῶν
1611 993 1750 1028 φαίνεται,
1761 991 1781 1026 ἢ

987 1044 1028 1078 (τό
1047 1052 1080 1077 γε
1095 1042 1196 1077 τριτον)
1217 1042 1254 1078 μὴ
1271 1042 1408 1077 δυνηθεὶς,
1419 1041 1488 1077 ὅπερ
1506 1040 1646 1072 “miluo,
1664 1038 1779 1074 πρᾶξαι.

986 1090 1084 1118 Καίτοι
1099 1098 1130 1123 γε
1145 1090 1193 1115 καὶ
1208 1089 1273 1125 τῇδε
1293 1089 1400 1118 πάντας
1425 1088 1511 1122 ἐχρῆν
1528 1087 1583 1114 τῶν
1595 1086 1690 1114 κακῶν
1702 1085 1780 1112 ἐλευ-

987 1136 1154 1171 θερωθῆναι.
1170 1135 1222 1162 Τδν
1237 1136 1291 1170 γὰρ
1313 1134 1404 1170 Ἀλῆν,
1429 1134 1575 1169 προφήτην
1588 1142 1619 1159 τι
1637 1133 1685 1159 καὶ
1700 1132 1780 1167 φίλον

986 1183 1051 1209 ὄντα
1069 1182 1150 1214 Θεοῦ,
1177 1181 1323 1212 πλείστους
1347 1181 1403 1208 τῶν
1428 1181 1524 1208 δεινῶν
1552 1180 1716 1216 ἁφαρπάσαι
1739 1179 1779 1215 (l)

987 1229 1035 1255 καὶ
1057 1229 1107 1261 τῆς
1120 1228 1270 1263 ’μακαρίας
1287 1226 1373 1259 δεῖξαι
1391 1227 1520 1262 μετόχους
1538 1226 1622 1261 ζωῆς,
1646 1226 1693 1252 καὶ
1710 1225 1780 1259 πρός

986 1283 1018 1309 γε
1035 1274 1075 1301 ἔτι
1095 1274 1145 1309 τὴν
1168 1273 1316 1308 Φατουμᾶν
1334 1273 1372 1307 (ἢ)
1385 1272 1467 1299 τοῦτο
1489 1273 1590 1307 δρᾶσαι
1603 1293 1609 1303 ,
1637 1270 1779 1305 θυγατέρα

989 1321 1037 1354 μὲν
1052 1319 1136 1346 οὖσαν
1153 1319 1199 1345 τοῦ
1216 1318 1264 1345 σοῦ
1276 1319 1431 1353 προφήτου,
1443 1317 1558 1348 πολλοὺς
1572 1318 1599 1344 δὲ
1615 1317 1698 1344 πάλιν
1713 1325 1781 1353 προ-

987 1367 1074 1402 (ρήτας
1091 1366 1217 1400 φύσασαν
1232 1366 1263 1392 ὲκ
1285 1365 1332 1391 τοῦ
1350 1365 1469 1399 συζύγου
1487 1364 1589 1399 ταύτης
1601 1364 1677 1398 Ἀλῆ.
1692 1364 1779 1390 Ἕκα-

988 1420 1049 1442 στος
1073 1412 1126 1446 γὰρ
1143 1410 1205 1438 καθ’
1223 1411 1284 1437 ὅσον
1297 1410 1458 1445 φιλούμενός
1475 1411 1534 1437 ἐστι
1549 1412 1587 1445 τῷ
1601 1411 1694 1445 κριτῇ,
1709 1410 1781 1436 κατὰ

987 1457 1113 1484 τοσοῦτον
1127 1458 1273 1492 δυνήσεται
1292 1457 1357 1492 παρ’
1373 1457 1449 1492 αὐτῷ
1461 1465 1468 1473 ·
1485 1457 1552 1484 ὥσθ’
1565 1458 1580 1483 ὁ
1594 1457 1643 1492 μὲν
1655 1448 1778 1489 πὶὲίους,

148 1507 201 1531 res,
217 1500 284 1526 alius
303 1499 456 1533 pauciores,
474 1498 587 1532 quilibet
600 1504 689 1525 tamen
714 1507 729 1525 a
744 1498 798 1526 Deo
821 1498 936 1526 dilectus

991 1504 1001 1529 ὃ
1024 1504 1051 1530 δὲ
1078 1503 1218 1535 ἐλάττους,
1237 1505 1292 1535 πᾶς
1315 1512 1356 1534 τις
1371 1503 1400 1529 δὲ
1417 1504 1492 1538 ὅμως
1510 1503 1658 1537 δυνήσεται
1671 1503 1725 1530 τῶν
1741 1503 1780 1538 τῷ

147 1548 252 1581 aliquos
268 1546 419 1573 esnntibus
443 1545 561 1573 liberare
588 1546 684 1580 possit,
711 1549 788 1572 tanto
819 1545 936 1581 quisque

991 1550 1049 1584 Θεῷ
1063 1550 1235 1585 φιλουμένων
1248 1550 1326 1580 τινὰς
1345 1550 1400 1577 τῶν
1424 1550 1562 1577 ὐποδίκων
1582 1550 1778 1584 ἐλευθερῶσαι,

147 1593 266 1629 (opinor)
283 1599 409 1624 numero,
421 1597 553 1626 quantum
577 1592 692 1619 dilectus
708 1597 759 1619 est.
774 1591 828 1618 Hoc
844 1593 936 1627 sequi-

147 1646 191 1668 tur
202 1648 235 1667 ex
249 1640 282 1666 iis
291 1646 351 1673 quae
363 1638 465 1666 dixisti.
479 1638 649 1665 Namsitnus
662 1639 793 1673 propheta
806 1646 848 1671 co,
863 1638 936 1673 quod

146 1695 162 1715 a
180 1688 233 1714 Deo
249 1685 323 1712 valle
335 1685 466 1721 diligitur,
478 1685 616 1711 inﬁnitum
631 1691 725 1710 eorum
747 1685 793 1718 qui
816 1685 936 1719 puniun-

991 1597 1040 1624 καὶ
1054 1597 1199 1628 τοσούτους
1210 1596 1327 1628 ἕκαστος
1338 1596 1451 1633 (οϊμαι),
1463 1598 1579 1624 καθόσον
1589 1598 1647 1624 ἐστὶ
1657 1598 1778 1633 φιλητός.

991 1644 1077 1672 Τοῦτο
1096 1645 1123 1671 δὲ
1138 1644 1193 1671 ἀπὸ
1204 1644 1252 1671 τοῦ
1271 1645 1317 1671 σοῦ
1335 1645 1554 1680 συμπεραίνεται
1568 1645 1660 1679 λόγου.
1674 1646 1705 1671 ΕΞ
1725 1645 1779 1680 γὰρ

993 1691 1032 1726 τῷ
1059 1691 1197 1726 φιλεῖσθαι
1220 1691 1352 1723 ἐπιεικῶς
1381 1691 1497 1726 ἀριθμὸν
1526 1691 1667 1726 ἀμύθητον
1696 1691 1778 1717 σώσει

148 1739 344 1761 turnumeruin
362 1731 493 1763 servabit,
507 1730 596 1757 caueri
609 1738 717 1765 quoque
731 1731 869 1765 propheta:
879 1739 936 1758 om-

995 1737 1189 1772 κολαζομένων
1208 1737 1221 1763 ὁ
1239 1736 1284 1768 σὸς
1302 1737 1459 1771 προφήτης,
1475 1736 1574 1762 ταυτὸν
1596 1735 1630 1762 ἂν
1650 1735 1780 1770 δράσαιεν

147 1788 197 1808 nes
210 1780 279 1807 idem
299 1779 387 1806 facere
414 1781 546 1812 possunt;
564 1777 656 1804 nullus
672 1776 745 1803 cnim
768 1785 863 1804 eorum
889 1783 936 1812 est,

992 1784 1037 1810 ml
1053 1784 1077 1810 oi
1094 1783 1170 1810 mm
1188 1783 1291 1814 πάντες
1305 1783 1445 1817 προφῆται
1456 1789 1464 1797 ”
1481 1781 1568 1811 οὐδεὶς
1580 1781 1634 1816 γὰρ
1645 1780 1779 1817 δήπουθεν

146 1835 227 1863 quem
241 1834 295 1854 non
307 1824 460 1860 ipsejudici
475 1825 598 1852 omnium
611 1824 751 1851 hominum
766 1825 885 1852 amicum
896 1833 936 1853 es-

991 1829 1106 1861 τούτων,
1119 1830 1148 1856 ὃν
1161 1830 1213 1856 οὐκ
1225 1829 1259 1856 ἂν
1275 1829 1356 1860 αὐτὸς
1371 1828 1473 1863 φήσαις
1489 1828 1565 1863 φίλον
1581 1826 1652 1854 εἶναι
1669 1827 1707 1862 τῷ
1721 1835 1779 1862 κρι⁴

147 1881 176 1902 se
191 1872 319 1900 alIirmes.

183 1920 218 1946 Μ
235 1937 242 1945 .
260 1919 353 1952 Igitur,
369 1917 392 1944 si
406 1924 468 1944 vera
488 1916 535 1943 tibi
556 1916 684 1951 iustaque
714 1916 806 1945 dicere
832 1918 937 1953 videor,

990 1878 1025 1913 τῇ
1052 1876 1107 1903 τῶν
1126 1876 1235 1903 πάντων
1253 1874 1418 1910 ἀνθρώπων.

1029 1923 1070 1950 ιδ’.
1103 1923 1136 1950 El
1162 1922 1252 1949 τοίνυν
1280 1929 1322 1947 σοι
1347 1920 1480 1956 δοκοῦμεν
1507 1920 1594 1961 ᾁληθῆ
1620 1922 1667 1948 καὶ
1687 1921 1780 1948 δίκαια

148 1973 209 1998 nec,
226 1969 255 1992 ut
271 1969 342 1992 certe
354 1963 421 1996 scio,
442 1963 512 1990 meis
530 1963 611 1990 dictis
632 1962 765 1991 infensius
782 1963 936 1994 adversaris

991 1969 1092 2002 λέγειν,
1112 1968 1160 1995 καὶ
1176 1968 1227 1994 οὐκ
1243 1967 1414 1997 ἀντιτείνεις,
1430 1965 1461 1993 εὖ
1474 1964 1533 1993 οῖδα
1547 1966 1618 2002 (οὐδὲ
1632 1967 1687 2001 γὰρ
1701 1967 1781 1994 δικαί-
1818 1960 1822 1964 ”

149 2014 215 2048 (non
235 2011 306 2039 enim
323 2019 429 2039 mecum
448 2015 545 2045 praeter
562 2017 618 2036 rem
643 2010 807 2038 contendere
836 2013 912 2040 voles
929 2020 936 2039 :

149 2059 175 2086 id
189 2066 222 2085 ex
239 2057 331 2085 multis
347 2056 400 2084 tuis
417 2061 442 2084 et
453 2056 591 2091 praeclaris
619 2056 766 2083 virtutibus
786 2058 937 2093 conjicio):

147 2105 212 2140 quid
228 2104 316 2131 facere
331 2111 384 2130 non
403 2107 498 2137 posset
515 2101 622 2128 inﬁnita
645 2101 689 2128 illa
703 2107 858 2130 vestrorum
874 2112 937 2138 pro-

149 2152 292 2186 phetarum
307 2149 465 2180 multitudo,
481 2156 530 2183 pro
544 2149 576 2176 iis
593 2149 638 2183 qui
656 2149 806 2182 puniuntur
821 2151 939 2178 amicum

992 2024 1047 2051 ρως
1071 2014 1207 2050 καταδέξῃ
1243 2013 1426 2048 φιλονεικεῖν·
1465 2013 1574 2043 πολλοῖς
1613 2015 1670 2045 σοῖς
1700 2013 1779 2040 τοῦτο
1804 2036 1810 2040 ,

990 2059 1188 2095 τεκμαίρομαι)
1203 2067 1209 2075 ·
1223 2059 1250 2087 τί
1265 2060 1316 2086 οὐκ
1332 2059 1365 2086 ἂν
1383 2060 1523 2094 ίσχὺσαιεν
1552 2059 1657 2095 πρᾶξαι.
1672 2060 1700 2086 αἱ
1722 2059 1777 2085 τῶν

993 2107 1136 2142 ὑμετέρων
1151 2106 1298 2141 προφητῶν
1314 2106 1443 2141 μυριάδες
1456 2106 1507 2140 (3),
1521 2106 1591 2141 ὑπὲρ
1604 2106 1658 2133 τῶν
1667 2107 1780 2138 κολαζο-

996 2153 1084 2186 μένων
1105 2153 1152 2180 τδν
1177 2153 1255 2186 φίλον
1286 2153 1384 2188 κριτὴν
1412 2153 1648 2186 παραιτούμενοι;
1669 2153 1699 2179 οὒ
1727 2153 1781 2188 μὴν

145 2183 264 2232 iudicem
297 2196 472 2232 deprecans?
494 2195 560 2230 quid
590 2203 653 2228 non,
684 2195 841 2230 quicunque
868 2197 936 2223 anti-

992 2183 1061 2225 αλλὰ
1087 2200 1135 2226 καὶ
1157 2183 1258 2229 παντες
1277 2183 1345 2224 οίὲν
1358 2183 1397 2231 τῷ
1411 2183 1484 2231 νόμῳ
1501 2183 1682 2232 σωθήσονται,
1699 2183 1780 2234 εἶπε-ρ

149 2253 202 2280 qua
218 2244 277 2278 lege
296 2243 488 2271 servabuntur.
516 2241 539 2268 si
558 2249 619 2268 vera
639 2245 691 2273 est,
721 2248 768 2268 nec
783 2242 938 2274 subinanis,

149 2297 194 2319 tua
208 2289 321 2325 opinio?
341 2289 424 2319 Cedo,
439 2295 542 2322 quarso,
571 2287 616 2314 ubi
649 2287 795 2316 collorabis
819 2288 938 2323 Moysen,

993 2245 1009 2279 ή
1025 2238 1090 2277 δόξαί
1104 2253 1151 2271 σου
1168 2243 1272 2279 ἀληθὴς
1305 2243 1352 2268 καὶ
1379 2242 1411 2267 οὐ
1428 2242 1532 2277 ψευδὴς
1555 2251 1606 2275 τις,
1622 2241 1689 2270 οὖσα
1713 2240 1780 2278 τυγ-

992 2292 1089 2326 χάνεις
1108 2291 1163 2316 Ποῦ
1177 2291 1231 2324 γὰρ
1246 2290 1350 2323 θήσεις,
1366 2289 1427 2314 είπέ
1447 2297 1502 2323 μοι,
1527 2290 1574 2315 καὶ
1591 2290 1714 2325 Μωῦσῆν
1735 2292 1781 2317 τὸν

149 2341 255 2364 tantum
282 2334 392 2362 virum?
416 2333 461 2360 ubi
487 2332 572 2360 David
602 2332 711 2368 regem?
733 2333 778 2360 ubi
801 2341 862 2360 cum
893 2334 936 2361 illo

991 2336 1136 2367 τοσοῦτονς
1154 2336 1202 2362 καὶ
1215 2335 1297 2361 Δαῦιδ
1311 2335 1356 2361 τὶν
1371 2335 1485 2370 βασιλέα
1497 2343 1504 2368 ;
1518 2335 1565 2361 καὶ
1582 2336 1631 2362 σὺν
1644 2337 1718 2371 αὐτῷ
1731 2337 1779 2371 τὴν

150 2383 282 2417 reliquam
299 2388 407 2408 omnem
423 2380 521 2408 seriem
533 2379 654 2413 generis,
670 2387 702 2406 ex
716 2387 770 2413 qua
785 2380 937 2407 secundum

149 2437 259 2458 carnem
276 2428 402 2455 Christus
428 2431 468 2454 est
484 2425 582 2453 natus?
595 2425 665 2452 Num
683 2425 759 2453 solus
774 2424 943 2454 Moamcthus

149 2478 244 2505 dolore
261 2476 364 2503 fractus
384 2482 433 2509 pro
459 2474 493 2501 iis
520 2474 567 2509 qui
590 2474 740 2509 puniuntur
772 2474 944 2502 intercedet?

151 2526 177 2551 hi
197 2531 260 2550 vero
276 2522 374 2556 lapidei
391 2521 597 2556 quodammodo
623 2526 716 2552 crunt.
745 2521 943 2556 suppliciisque

149 2570 262 2597 affectos
287 2567 413 2595 homines
425 2567 528 2600 absque
549 2566 605 2592 ullo
628 2565 731 2594 doloris
758 2573 839 2593 sensu
870 2566 944 2600 aspi-

150 2616 248 2643 cient?
268 2622 359 2642 nonne
388 2612 601 2648 pulehcrrimnm
634 2612 708 2639 illius
738 2612 851 2645 factum,
867 2614 940 2647 quod

152 2664 222 2691 bene
232 2662 406 2695 successerit,
422 2661 455 2688 ad
477 2661 680 2688 miserationem
698 2667 746 2688 eos
769 2660 851 2686 etiam
867 2668 943 2687 corn-

152 2709 289 2736 movebit?
312 2716 365 2736 non
384 2707 570 2743 persuadebit,
589 2706 654 2734 utsi
669 2706 733 2741 quid
760 2706 876 2736 urarint,
899 2706 937 2734 rei

189 2776 228 2811 (ll.
239 2777 351 2812 Supple,
368 2777 480 2812 ἐχρῆν(

191 2810 231 2847 (2)
243 2810 313 2840 Cod.
326 2810 410 2840 (iuile
426 2810 580 2839 Φατουσᾶν.

191 2845 290 2883 (5)1lic
306 2849 333 2876 in
349 2847 432 2877 codd.
450 2846 572 2875 miniatis
600 2845 698 2874 litteris
735 2846 867 2882 scriptum
898 2850 941 2875 est

991 2383 1074 2418 ἄλλην
1100 2383 1191 2409 πᾶσαν
1219 2382 1313 2416 σειρὰν
1341 2381 1388 2408 τοῦ
1413 2381 1521 2415 γένους,
1536 2382 1567 2413 ἐξ
1594 2379 1628 2417 ἦς
1655 2382 1685 2408 τὺ
1711 2384 1781 2410 κατὰ

992 2426 1082 2464 σάρκα
1099 2428 1216 2463 Χριστός
1226 2437 1233 2458 ς
1245 2426 1282 2454 Ἦ
1293 2429 1307 2454 ὁ
1319 2427 1367 2463 μὲν
1381 2427 1503 2462 Μωάμεθ
1518 2428 1590 2462 ὑπὲρ
1601 2429 1656 2455 τῶν
1670 2429 1783 2461 κολαζο-

994 2474 1083 2509 μένων
1111 2473 1247 2509 καμφθεὶς
1276 2473 1498 2508 παραιτήσεται,
1533 2473 1606 2499 οὗτοι
1631 2473 1660 2499 δὲ
1685 2474 1782 2501 λίθινοί

991 2529 1064 2552 τινες
1092 2520 1210 2552 ἔσονται,
1234 2520 1368 2554 ἁνοιλγητὶ¹
1393 2521 1456 2551 τοὺς
1483 2521 1512 2546 ἐν
1535 2522 1567 2553 τῇ
1585 2519 1696 2546 κολάσει
1713 2521 1782 2548 θεώ-

994 2575 1085 2602 μενοι;
1105 2568 1153 2594 καὶ
1189 2568 1250 2594 οὐδὲ
1273 2569 1303 2594 τὸ
1328 2569 1435 2595 ἐκείνου
1465 2569 1631 2606 κατόρθωμα
1662 2571 1780 2607 ἑρεθίσει

995 2613 1090 2639 τούσδε
1109 2614 1175 2648 πρὸς
1190 2614 1283 2646 ἔλεον,
1302 2615 1362 2641 οὐδὲ
1379 2615 1470 2642 πείσει
1492 2617 1603 2648 πάντως
1617 2618 1728 2654 Οαρῥείν
1745 2618 1782 2649 ὡς

995 2660 1044 2694 οὐχ
1062 2660 1255 2695 ἀμαρτήσουσι
1277 2661 1436 2696 δεησόμενοι
1451 2670 1458 2694 ;
1483 2662 1552 2689 Ἀλλ’
1569 2665 1619 2690 οὐκ
1634 2664 1667 2690 ἂν
1685 2664 1781 2694 εἴποις.

993 2705 1057 2732 ὅταν
1068 2714 1100 2739 γε
1126 2700 1182 2740 μὴᾶ
1204 2707 1272 2741 πρὸς
1290 2708 1346 2738 τοίς
1367 2706 1459 2739 ἄλλοις
1486 2708 1573 2735 ἅπασι
1601 2708 1783 2743 πρεσῦευταῖς

997 2775 1030 2802 all
1047 2783 1122 2802 oram
1140 2775 1340 2812 :quzltesn'
1358 2777 1382 2803 οἰ
1408 2777 1527 2812 Τοῦρκοι
1555 2778 1680 2811 λέγουσιν
1710 2776 1781 2806 εἷναι

996 2811 1059 2841 τοὺς
1076 2811 1220 2845 προφήτας
1237 2812 1327 2837 αὐτῶν
1350 2812 1420 2846 ρμδ’.
1443 2811 1470 2840 id
1485 2819 1543 2840 est:
1561 2813 1634 2839 A'ota
1652 2821 1661 2840 :
1691 2813 1782 2842 Tum:

995 2847 1100 2880 dicunt,
1115 2853 1176 2873 suos
1193 2848 1336 2882 prophetas
1350 2855 1460 2875 numero
1473 2856 1530 2875 esse
1543 2847 1668 2877 CXLIV.

1622 2937 1636 2956 θ
