1929 3087
95 150 147 182 165

578 150 774 182 DIALOGUS
792 150 822 180 Π
840 149 924 181 CUM
940 147 1224 180 ΜΟΗΛΜΕΤΑΝΟ.

1681 149 1732 182 165

93 207 164 239 (τοῖς
180 206 327 243 ἡμετέροις
342 207 438 243 λέγω),
448 208 495 235 καὶ
507 206 556 242 τὴν
568 207 615 235 τοῦ
628 208 758 244 Σωτῆρος
777 209 886 244 μητέρα

943 208 1080 239 compotes
1096 205 1155 231 fore
1167 211 1196 231 se
1223 209 1331 239 quoque
1361 203 1519 232 confidant?
1544 205 1597 233 Sed
1616 206 1667 234 hoc
1685 215 1732 235 nc-

93 252 268 288 ὲνθυμηθῇς,
291 253 460 288 συγγνώμην
477 262 510 288 γε
527 252 729 289 ὲξαιτουμᾶνην
745 254 817 289 ὑπὲρ
831 255 886 281 τῶν

93 299 136 331 είς
158 294 276 333 γέενναν
289 300 498 335 ὲμὸληθέντων·
520 300 581 335 ἣτις
606 300 638 335 δὴ
659 300 752 335 μήτηρ
777 289 886 335 ἀπόχρη

93 345 142 371 καὶ
159 345 228 381 μόνη
247 345 279 372 τὸ
295 346 349 372 πᾶν
369 345 554 381 ἐργάσασθαι,
574 347 654 381 ειπερ
667 346 741 377 εἰκὸς
756 343 790 382 ἦν
807 346 888 372 τοῦτο

93 391 235 424 γενέσθαι.
246 391 278 418 Τί
290 391 323 418 ἂν
333 392 431 425 εἴποιςς
448 390 466 428 ἦ
479 392 572 427 δῆλον,
587 391 626 423 ὡς
644 392 734 422 οὐδεὶς
745 392 801 418 τῶν
816 391 886 425 φαύ-

93 436 148 462 λων
165 435 320 471 ἀνθρώπων
345 437 425 472 δίκην
448 437 552 464 τίσειεν
566 437 611 471 ἂν,
626 436 686 464 ἀλλ’
700 437 821 469 ἅπαντες
838 437 888 472 μὲν

95 482 258 518 ἀνδροφόνοι
281 483 329 510 καὶ
351 483 475 517 μέθυσοι,
492 483 613 515 ἅπαντες
640 484 663 510 δ’
686 484 823 519 ἅρπαγες,
840 485 888 511 καὶ

95 529 253 561 ἀκόλαστοι,
270 531 320 557 καὶ
335 529 500 563 λωποδύται,
513 531 560 557 καὶ
576 530 723 567 ἱερόσυλοι,
743 532 791 558 καὶ
809 532 823 557 ὁ
834 532 888 557 τῶν

95 576 227 603 τοιούτων
240 577 328 611 ἑσμὸς
339 577 394 604 τῶν
417 577 536 604 αἰωνίων
555 577 668 612 ἀγαθῶν
685 578 886 612 exolutis-auat;

95 622 132 648 Τὸ
150 621 205 657 γὰρ
222 622 324 657 ἑτέρως
337 624 448 658 φρονεῖν
464 623 597 655 ἐπιεικῶς
611 623 796 659 ἀνάρμοστον,
808 625 888 650 Δυοίν

95 667 123 694 δὲ
151 667 277 703 θάτερον,
304 668 360 702 φίλ’
387 669 498 703 ἑταῖρε,
523 669 615 703 λέγειν
650 670 778 705 ἀνάγκη·
808 669 824 705 ἢ
853 671 888 697 τὰ

95 713 188 740 δίκαια
204 713 354 748 τηροῦντος
366 713 414 741 τοῦ
429 714 537 750 κριτοῦ,
549 715 650 750 μηδένα
661 715 716 742 τῶν
727 715 767 746 είς
779 715 890 742 κόλασιν

95 759 290 795 ἐμϐληθέντων
305 760 412 787 ἐκεῖθεν
427 761 550 794 ἐξελθεῖν
566 762 598 797 τῇ
614 761 662 788 τοῦ
674 762 798 797 Μωάμεθ
812 762 889 798 φιλίᾳ

95 806 137 839 (ab
151 806 206 840 γὰρ
221 806 358 842 ὑμέτερον
369 806 443 841 λέγω
458 807 560 842 δόγμα)
571 815 579 822 ⁸
598 807 614 842 ἢ
636 807 682 834 καὶ
700 808 769 842 πρὸς
784 808 888 840 πάντας

95 853 161 883 τοὺς
173 853 232 879 ὲκεί
246 853 312 884 ἴσως
325 853 431 880 ἐκεῖνον
446 853 615 888 διατεθῆναι,
635 854 682 880 καὶ
706 854 886 888 μηδοντινοῦν

938 258 1078 285 quaquam
1097 250 1212 283 dixeris,
1230 249 1379 277 dummodo
1414 255 1514 283 praeter
1535 258 1631 280 omnes
1653 259 1733 281 caete-

939 305 986 325 ros
1016 297 1210 331 deprecatores
1242 300 1363 330 (nostros
1377 295 1449 331 dico)
1478 296 1505 324 in
1541 303 1658 326 mentem
1684 300 1733 327 tibi

939 345 1031 372 veniat
1043 344 1198 372 Servatoris
1210 343 1296 378 ipsius
1307 348 1402 376 mater,
1412 351 1460 378 pro
1469 344 1582 379 deiectis
1595 345 1620 372 in
1631 346 1731 380 gehen-

940 399 1003 418 nam
1020 391 1179 426 supplicans
1194 399 1200 417 :
1218 398 1279 425 quae
1299 391 1410 426 quidem
1427 396 1513 418 mater
1531 391 1588 418 sola
1605 392 1667 418 huic
1683 393 1734 419 toti

939 438 1049 473 negotio
1071 438 1252 469 conﬁciendo,
1269 438 1292 465 si
1319 437 1429 472 quidem
1448 438 1503 464 ullo
1518 439 1631 464 omnino
1651 439 1733 465 modo

940 484 998 511 ﬁeri
1013 489 1116 518 posset,
1132 491 1246 518 prersus
1261 483 1407 511 sufﬁceret.
1419 483 1477 510 Jam
1491 492 1555 511 vero
1567 484 1631 519 quid
1650 484 1736 512 dicis?

940 537 1033 558 nonne
1057 530 1149 564 palam
1172 534 1224 562 est,
1251 530 1438 563 improborum
1459 531 1598 557 hominum
1618 531 1658 558 sic
1687 539 1736 558 ne-

941 576 1041 602 minem
1054 582 1115 602 esse
1131 582 1225 608 ptenas
1241 576 1380 607 daturum,
1395 575 1441 602 sed
1458 575 1610 603 homicidas
1628 583 1734 609 omnes,

941 621 1078 652 ebriosos,
1094 626 1229 654 raptores.
1245 620 1415 652 libidinosos,
1441 627 1622 655 grassatores,
1649 622 1736 649 sacri-

941 666 1027 700 legos,
1058 670 1202 699 totumque
1233 665 1388 700 lmjusmodi
1413 673 1522 700 gregem
1561 667 1736 701 sempiternis

941 712 1022 739 bonis
1035 719 1096 739 esse
1115 711 1269 739 fruituros?
1293 710 1433 746 Siquidem
1457 712 1537 739 aliter
1554 713 1655 740 sentire
1681 722 1735 741 non

939 763 1027 794 potes.
1045 757 1165 786 Necesse
1180 763 1222 785 est
1235 758 1320 790 enim,
1333 758 1492 785 dulcissime
1506 759 1604 791 amice,
1620 764 1650 786 ut
1665 759 1739 794 alte;

941 812 1001 831 rum
1017 803 1092 831 dicas
1104 803 1136 830 de
1148 803 1274 830 duobus:
1295 808 1357 836 «ut,
1379 803 1471 837 iudice
1493 805 1649 839 aequitatem
1678 812 1737 832 scr-

941 856 1033 884 vante,
1058 850 1196 877 neminem
1213 858 1247 877 ex
1273 849 1340 882 illis,
1355 851 1400 885 qui
1431 851 1456 878 in
1479 851 1568 885 pmnis
1595 852 1735 882 haeserint,

96 898 273 935 κολασθῆναι.
283 899 377 936 Ταύτῃ
385 899 440 936 γὰρ
447 898 521 935 ἂνῆν
531 900 692 934 περισὼζων
701 900 787 927 καὶτὸ
797 901 890 936 φιλάν-

945 902 1057 932 propter
1077 896 1384 924 Moamethiamicitiam
1400 897 1463 925 inde
1473 897 1582 925 liberari
1601 898 1734 932 (vestrum

96 945 204 980 θρωπον
212 945 307 978 αὑτοῦ,
316 946 363 972 καὶ
371 946 402 972 τὸ
408 946 476 981 πρὸς
485 947 534 981 τὴν
543 945 641 972 ἑαυτοῦ
653 947 760 982 μητέρα
767 948 814 973 καὶ
823 947 889 974 πάν-

95 998 144 1021 τας
159 990 263 1017 δίκαιον
272 991 369 1022 ’ἄλλως
381 991 404 1017 δ’
415 991 448 1018 ἂν
463 994 573 1023 πάντως
588 991 706 1026 χωλεῦον
715 989 748 1026 ἦν
757 1000 808 1018 που
818 993 889 1018 κατά

94 1045 121 1062 τι
136 1036 152 1070 ἦ
171 1037 203 1063 τὸ
214 1036 406 1072 φιλάνθρωπον
416 1037 537 1072 αὖτοῦ,ἢ
551 1038 580 1063 τὸ
594 1037 708 1069 δίκαιον,
720 1037 736 1072 ἢ
750 1038 796 1064 καὶ
809 1038 888 1064 πάνθ’

93 1082 176 1116 όμοῦ,
195 1083 274 1117 φασὶ,
291 1084 420 1118 χρήματα
431 1091 438 1098 '
463 1083 616 1118 καθαπερεὶ
639 1084 694 1119 γὰρ
710 1083 828 1119 φύρεται
840 1085 889 1110 καὶ

95 1129 241 1162 συγχεῖται
267 1128 301 1155 τὰ
319 1128 367 1154 τοῦ
386 1127 455 1154 Θεοῦ
471 1128 625 1163 πράγματα
640 1130 679 1164 τῷ
696 1131 889 1165 προειρημένῳ

96 1182 138 1200 σοι
156 1173 239 1208 λόγῳ.
255 1173 286 1199 Et
302 1173 357 1207 γὰρ
379 1172 455 1200 οὐδὲν
476 1173 530 1199 τῶν
545 1173 657 1207 ἀγαθῶν
667 1174 698 1200 οἱ
719 1174 816 1208 φαῦλοι
834 1175 891 1209 χεί-

98 1226 160 1252 ρους
173 1218 325 1252 ἐφαίνοντο,
342 1218 458 1252 μάταιον
474 1219 524 1253 μὲν
541 1219 571 1245 τὸ
586 1219 700 1254 φεύγειν
712 1219 788 1254 ἥττω
801 1220 889 1255 φανῆ-

97 1273 141 1291 ναι
151 1265 206 1291 τῶν
222 1265 336 1299 ἡδονῶν,
351 1265 467 1300 μάταιον
481 1265 509 1292 δὲ
521 1265 557 1292 τὸ
565 1266 630 1300 περὶ
652 1265 779 1293 πλείστου
803 1268 890 1293 ποιεῖ-

60 1304 67 1308 ’
99 1310 161 1336 σθαι
184 1311 303 1343 κρείττω
324 1311 452 1345 γενέσθαι
477 1310 575 1346 θυμοῦ,
591 1310 671 1337 κενὸν
684 1311 712 1337 δὲ
728 1312 782 1346 ἄρα
797 1314 844 1339 καὶ
859 1313 890 1339 τὸ

97 1357 152 1382 τῶν
169 1355 319 1391 ἀλλοτρίων
331 1357 496 1392 ἀπέχεσθαι,
512 1357 621 1384 Τούτων
632 1358 660 1384 δὲ
678 1358 889 1393 οὕτωςέχόντων

99 1402 237 1438 παρέλκον
252 1403 285 1430 ἂν
299 1404 406 1439 γένοιτο
417 1404 505 1431 καὶτὸ
513 1404 559 1431 τὸν
570 1405 688 1439 Χριστὸν
702 1405 841 1431 κατελθεῖν
857 1405 888 1431 ὲκ

98 1448 153 1474 τῶν
170 1449 410 1485 οὺρανῶν,ῒιρϊναι
426 1450 519 1477 πᾶσαν
537 1451 587 1486 τὴν
603 1450 666 1485 γῆν,
685 1451 759 1482 ὅπως
781 1451 889 1478 δικαίαν

98 1495 218 1531 ἀμοιϐὴν
233 1496 288 1522 τῶν
302 1498 506 1532 πεπραγμένων
520 1497 636 1528 ἕκαστος
651 1498 741 1525 λάὸοι.
756 1498 841 1524 Πόθεν
856 1498 890 1525 ἂν

98 1541 144 1568 οῦν
172 1542 287 1577 δίκαιον,
301 1540 324 1570 ὦ
353 1543 451 1578 ἀγαθὲ,
474 1544 537 1571 νοῦν
554 1544 641 1578 ἔχοντ’
662 1544 745 1579 ἄνδρα
775 1544 889 1571 τοιαῦτα

99 1587 207 1622 λέγεινς

942 944 1039 979 dogma
1054 943 1156 978 refero)
1172 952 1180 970 ε
1196 948 1243 970 aut
1269 951 1332 979 erga
1349 951 1455 976 omnes,
1491 944 1537 979 qui
1555 944 1591 971 ibi
1623 944 1734 978 fuerint,

942 990 1082 1024 aequaliter
1096 997 1157 1017 eum
1174 989 1302 1017 aliectum
1331 998 1402 1023 esse,
1439 998 1488 1018 nec
1512 991 1595 1026 ullum
1622 993 1735 1019 omnino

943 1044 1039 1071 pcenas
1049 1037 1124 1064 dare.
1135 1038 1193 1070 Qua
1204 1045 1233 1064 re
1241 1041 1267 1064 et
1278 1044 1356 1064 suam
1368 1038 1450 1072 judex
1458 1045 1521 1073 erga
1534 1038 1658 1066 homines
1665 1040 1736 1066 ami-

943 1083 1084 1114 citiam,et
1101 1090 1164 1118 erga
1181 1083 1318 1118 propriam
1336 1088 1449 1111 matrem
1465 1090 1635 1120 cunctosque
1649 1086 1732 1119 justi-

944 1129 1008 1156 tiam
1029 1133 1173 1156 tueretur:
1205 1129 1326 1164 alioquin
1357 1130 1399 1157 vel
1425 1124 1590 1159 humanitas
1612 1132 1672 1166 ejus
1695 1134 1736 1159 vel

941 1175 1048 1210 justilia
1064 1183 1096 1202 ex
1113 1176 1204 1211 aliqua
1227 1181 1303 1211 parte
1317 1176 1493 1209 claudicaret,
1523 1179 1565 1205 vel
1593 1179 1683 1206 omnia
1701 1179 1738 1206 si—

945 1222 1012 1253 mul,
1033 1226 1061 1249 ut
1081 1223 1179 1261 aiunt:
1197 1230 1259 1250 nam
1275 1223 1319 1256 iis,
1333 1231 1392 1258 qute
1408 1224 1490 1251 modo
1508 1224 1610 1256 dixisti,
1623 1224 1738 1252 confun-

944 1268 1016 1294 ditur
1031 1269 1109 1303 quasi
1124 1274 1150 1296 et
1164 1269 1340 1303 perturbatur
1356 1274 1411 1297 tota
1438 1271 1471 1298 de
1499 1271 1553 1298 Dco
1579 1271 1738 1306 disputatio.

944 1314 1051 1341 Etenim
1066 1315 1090 1342 si
1117 1315 1306 1350 improborum
1328 1317 1402 1344 nulla
1416 1325 1445 1344 re
1474 1317 1596 1345 deterior
1626 1326 1686 1346 esse
1701 1318 1739 1345 ri-

943 1359 1053 1387 deretur
1072 1369 1155 1395 quam
1171 1362 1321 1396 proborum
1334 1363 1465 1396 conditio,
1479 1363 1569 1398 inepte
1581 1372 1647 1392 sane
1662 1364 1737 1392 face-

943 1411 995 1439 ret,
1009 1407 1056 1441 qlti
1071 1407 1175 1442 fugeret
1190 1408 1336 1442 voluptatis
1355 1408 1520 1436 invidiosum
1542 1417 1652 1442 nomen,
1675 1411 1735 1437 ine-

943 1458 987 1487 pte
1001 1453 1046 1487 qui
1064 1453 1153 1488 magni
1170 1453 1273 1480 faceret
1293 1454 1462 1481 iracundiam
1473 1455 1611 1486 cohibere,
1623 1455 1739 1484 ridicule

943 1498 989 1533 qui
1007 1499 1103 1526 alienis
1117 1500 1276 1527 abstineret.
1289 1499 1361 1533 Quin
1377 1501 1400 1527 si
1416 1501 1473 1528 lnec
1494 1501 1531 1528 ita
1564 1507 1666 1535 e>sent,
1692 1510 1740 1529 su-

944 1553 1111 1580 pervacanea
1126 1545 1219 1573 hercle
1235 1546 1305 1574 foret
1327 1547 1428 1574 Christi
1443 1555 1458 1574 e
1480 1547 1556 1575 ccelis
1581 1548 1738 1581 dcswusio,

945 1596 973 1618 ut
990 1599 1098 1618 omnem
1114 1597 1214 1619 terram
1232 1592 1346 1626 iudicet,
1377 1593 1535 1628 singulique
1564 1602 1677 1621 suorum
1698 1595 1739 1621 fa—

103 1643 208 1664 ctortnn
240 1639 489 1666 remunerationem
516 1638 659 1674 accipiant.
692 1639 794 1674 Itaque,
821 1640 858 1666 mi
874 1640 1084 1675 :humanissimc
1105 1640 1216 1675 hospes,
1245 1649 1369 1675 quaenam
1393 1646 1482 1676 potest
1506 1643 1619 1670 subesse
1645 1651 1738 1678 causa,

100 1691 129 1714 ut
147 1686 198 1719 vir,
212 1687 238 1714 in
253 1694 307 1722 quo
321 1692 364 1715 est
379 1694 486 1715 summa
502 1689 583 1721 ratio,
600 1687 640 1716 sic
654 1689 806 1722 loquatur?

135 1734 177 1760 ιε’.
194 1733 331 1769 Βούλομαι
344 1734 371 1761 δέ
384 1743 411 1761 τι
428 1734 477 1762 νῦν
490 1735 578 1761 είπεῖν
595 1736 643 1762 καὶ
658 1736 723 1771 περὶ
741 1737 792 1771 τῆς
805 1736 836 1763 έν
850 1736 889 1772 τῷ

101 1779 260 1815 παραδείσῳ
288 1780 404 1815 τρυφῆς,
419 1781 468 1807 καὶ
493 1782 544 1817 τῆς
566 1781 596 1808 ὲν
615 1782 713 1818 ἐκείνῳ
735 1781 841 1818 διαίτης
860 1791 889 1810 τε

102 1827 150 1852 καὶ
178 1825 270 1858 ζωῆς’
297 1829 331 1863 ἣν
358 1827 392 1863 δὴ
414 1827 492 1855 θείαν
519 1827 568 1862 μὲν
590 1828 638 1855 καὶ
659 1830 799 1864 μακαρίαν
819 1827 890 1857 εἷναί

99 1881 182 1907 φατε,
203 1871 244 1905 οἷς
269 1874 297 1901 δὲ
321 1872 399 1906 αὖθις
421 1874 527 1909 λέγετε,
552 1876 648 1911 πόρῤω
675 1885 726 1903 που
751 1877 890 1912 (λειότητος

98 1920 203 1954 ταύτην
228 1922 275 1948 καὶ
302 1922 505 1958 μακαριότητος
536 1923 716 1957 ἀποφαίνετε.
745 1925 777 1951 El
801 1924 834 1951 σὺ
861 1924 890 1951 δὲ

100 1966 209 2001 βούλοιο
234 1968 342 2003 πρῶτον
365 1968 602 2004 ἀπολογήσασθαι,
622 1970 684 2005 περὶ
704 1967 742 1998 ὧν
759 1979 805 1997 σου
823 1980 890 1998 ταυ-

99 2014 162 2049 τηνὶ
178 2014 230 2048 τὴν
245 2014 325 2047 δόξαν
340 2014 538 2051 διεδεϐλὴκειν,
555 2016 670 2050 ἄσμενοί
692 2026 739 2044 σου
765 2018 890 2051 λέγοντος

99 2060 287 2096 ἀκουσόμεθα.
303 2061 360 2088 Καὶ
387 2061 417 2094 ὂς
437 2062 489 2097 ἔφη
503 2070 510 2078 ’
535 2062 606 2089 Ἀλλ’
635 2064 685 2090 οὐκ
713 2064 836 2098 εὐχερῶς
858 2064 891 2091 ἂν

99 2106 189 2142 ἔχοιμι
201 2106 260 2139 νῦν,
275 2107 329 2134 οὐδ’
342 2107 374 2134 ὲκ
391 2108 438 2134 τοῦ
455 2108 604 2143 προχείρου
621 2118 661 2135 σοι
677 2109 727 2145 τὴν
743 2110 892 2144 ἀπολογίαν

99 2153 210 2181 διδόναι.
227 2154 301 2189 Πλὴν
318 2154 391 2181 οὕτω
411 2155 624 2190 παρειλήφαμέν
647 2164 677 2181 τε
703 2157 749 2182 καὶ
766 2155 890 2188 ἐδοξάζο-

101 2207 151 2233 μεν
163 2207 170 2215 ·
183 2199 218 2227 τά
232 2208 273 2227 σοι
287 2200 315 2226 δὲ
329 2200 377 2227 νῦν
388 2201 523 2236 εἰρημένα
534 2201 607 2236 (οὐδὲ
621 2201 676 2236 γὰρ
692 2201 832 2238 ψεύσομαι
845 2206 889 2238 γε)

979 1735 1022 1762 l5.
1045 1734 1140 1762 Dicam
1154 1743 1227 1762 nunc
1241 1735 1274 1763 de
1288 1735 1406 1770 paradisi
1428 1734 1543 1770 deliciis,
1556 1742 1582 1764 et
1595 1738 1627 1765 de
1645 1739 1738 1765 tradu-

943 1781 1028 1808 cenda
1046 1781 1082 1808 ibi
1107 1781 1177 1820 vita:
1204 1788 1285 1816 quam
1313 1781 1434 1808 divinam
1459 1782 1606 1817 quidemet
1632 1784 1736 1812 beatam

942 1835 1004 1855 esse
1017 1827 1121 1859 dicitis,
1141 1828 1187 1855 sed
1221 1828 1379 1863 vestrisipsi
1405 1829 1580 1857 sermonibus
1594 1837 1608 1857 a
1637 1830 1739 1857 divini-

943 1879 997 1902 tate
1013 1878 1040 1902 et
1070 1874 1201 1901 felicitate
1225 1874 1321 1908 procul
1350 1874 1445 1901 abesse
1473 1875 1678 1903 demonstratis.
1707 1876 1741 1907 Si,

944 1924 1033 1947 tamen
1048 1920 1120 1947 illam
1137 1925 1211 1947 tuam
1241 1920 1397 1955 opinionem
1414 1924 1477 1948 ante
1503 1921 1650 1949 defendere
1661 1922 1739 1949 volu-

942 1967 1008 1998 eris,
1019 1971 1044 1994 et
1057 1975 1124 2002 quas
1141 1973 1234 1995 contra
1247 1967 1333 2002 objcci
1349 1967 1575 2002 reprehensiones
1586 1968 1738 2000 inﬁrmare.

943 2014 1021 2042 valde
1032 2023 1091 2043 sum
1102 2015 1217 2049 cupidus
1228 2019 1253 2042 te
1269 2014 1295 2041 in
1310 2013 1447 2048 ejusmodi
1462 2014 1587 2042 oratione
1598 2014 1736 2041 audiendi.

943 2061 1077 2093 Atenim,
1102 2061 1250 2096 respondit,
1279 2069 1346 2088 mea:
1371 2061 1508 2096 opinionis
1540 2069 1612 2089 nunc
1647 2070 1736 2097 neque

945 2105 1082 2141 perfacilis
1099 2111 1153 2138 est,
1173 2115 1263 2141 neque
1291 2107 1350 2134 sine
1381 2109 1613 2135 commentatione
1635 2109 1737 2143 suscipi

945 2152 1173 2188 potestdefcnsio.
1200 2152 1254 2180 Nos
1266 2153 1305 2180 sic
1316 2160 1332 2180 a
1357 2154 1505 2189 majoribus
1517 2153 1681 2188 accepimus,
1698 2156 1738 2182 sie

945 2198 1203 2233 credidimus:qum
1222 2205 1311 2226 tamen
1324 2204 1351 2226 tu
1367 2200 1470 2232 dixisti,
1494 2206 1574 2230 rectae
1607 2208 1638 2228 ca
1671 2201 1738 2228 rati-

100 2244 149 2270 τοῦ
163 2243 245 2280 ὀρθοῦ
268 2254 313 2280 μοι
330 2245 432 2280 μᾶλλον
447 2246 567 2281 ἐχόμενα
588 2246 669 2281 λόγου
688 2247 759 2282 ἥπερ
775 2248 809 2274 τὰ
823 2247 890 2283 ἡμέ-

946 2243 990 2270 oni
1011 2244 1099 2278 magis
1113 2248 1295 2280 consentanea
1305 2244 1433 2272 videntur
1448 2246 1523 2280 (vere
1532 2251 1620 2273 tecum
1635 2246 1737 2281 agam).
1761 2257 1766 2263 -

101 2298 168 2326 τερα
181 2291 321 2325 φαίνεται.
342 2292 446 2327 Καιρός
470 2301 511 2319 σοι
539 2292 630 2320 τοίνυν
652 2292 743 2328 λέγειν
765 2294 799 2321 τὰ
820 2293 891 2321 κατὰ

100 2335 165 2362 νοῦν
179 2338 244 2371 περὶ
262 2337 314 2372 τῆς
332 2337 423 2372 Ἐδέμ.
440 2338 494 2364 Καὶ
510 2339 524 2364 ό
547 2339 622 2372 παῖς,
638 2338 731 2365 λαϐὼν
755 2339 892 2366 τοὺνδόσι-

104 2390 154 2416 μον
169 2382 244 2417 παρὰ
267 2382 315 2409 τοῦ
341 2383 455 2417 πατρὶς,
471 2383 572 2418 βοήσας
595 2392 622 2410 τι
650 2383 893 2420 βαρϐαρικώτερον

101 2428 150 2454 καὶ
175 2428 354 2464 θρασύτερον,
375 2428 446 2464 ἔφη·
468 2430 504 2456 οὐ
531 2429 564 2456 σύ
591 2438 622 2464 γε
647 2430 754 2465 φθάσας
776 2430 893 2466 εἴρηκας

104 2475 172 2511 πρὸς
199 2475 285 2510 ἡμᾶς,
308 2475 353 2502 τὸν
378 2475 446 2502 Θεὸν
470 2475 505 2502 δι’
527 2475 688 2511 ἁγαθότητα
711 2476 797 2512 μόνην
817 2477 894 2511 δεδη-

105 2523 305 2558 μιουργηχέναι
328 2523 362 2549 τὰ
385 2522 551 2557 σύμπαντας
570 2522 630 2550 Νῦν
649 2523 672 2550 δ’
695 2523 788 2559 ὑμνῶν
809 2523 893 2551 αὐτοῦ

102 2569 153 2604 τὴν
178 2569 366 2604 δικαιοσύνην,
377 2568 426 2603 τὴν
443 2569 602 2604 ἀγαθότητα
627 2569 807 2604 σεσιώπηκας
820 2578 828 2585 ·
846 2571 859 2597 ό
871 2570 894 2596 δ’

103 2616 152 2650 οὐχ
174 2614 257 2650 ἧττον
280 2615 382 2648 ἀγαθός
402 2616 478 2642 ἐστιν
502 2615 575 2650 ἥπερ
600 2614 715 2647 δίκαιος.
736 2615 767 2642 Εἰ
791 2614 839 2642 οὖν
861 2615 893 2652 δὴ

103 2662 188 2688 σῶσαι
203 2661 309 2693 πάντας
326 2661 435 2696 θελήσει
450 2661 485 2688 δι’
501 2661 535 2696 ἣν
548 2661 595 2687 καὶ
609 2661 714 2692 πάντας
727 2661 892 2696 δεδημιούρ-

102 2714 189 2742 γηκεν
201 2707 370 2741 ἁγαθύτητα,
391 2707 544 2738 ὑπεύθυνος
564 2707 630 2741 ἡμῖν
652 2706 729 2733 ἔσται
749 2707 804 2734 τῶν
819 2707 894 2743 αὐτῷ

104 2753 328 2788 πεπραγμέν‹ι›ν;
345 2753 408 2779 Οὐδ’
432 2752 600 2785 οὑτινοσοῦν,
618 2749 640 2779 ὦ
658 2753 718 2785 τᾶν,
737 2753 816 2787 ἔφην,
839 2754 894 2779 τῶν

103 2798 177 2832 αὖτῴ
204 2798 406 2832 πεπραγμένων
433 2798 586 2830 ὑπεύθυνος
609 2798 642 2825 ἂν
669 2798 712 2832 εἴη
736 2798 821 2830 Θεόξ·
839 2799 894 2826 τίνι

103 2843 158 2877 γὰρ
180 2842 213 2869 ἆν
236 2843 334 2869 ἑαυτοῦ
358 2843 461 2877 μείζονι
487 2844 626 2870 ἀποτίσει-τ
644 2843 741 2877 λόγον,
763 2843 895 2879 λαμπρᾶς

105 2887 201 2921 μανίας
213 2888 231 2923 ἡ
240 2884 426 2921 δόξαδὰσεῦὲς
439 2888 469 2916 τὸ
482 2887 638 2924 ἐνθύμημα.
650 2889 690 2916 Τὰ
704 2890 757 2925 γὰρ
772 2889 804 2916 δὴ
819 2889 894 2924 παρὰ

943 2296 1025 2324 quam
1045 2297 1105 2324 qua:
1133 2297 1184 2318 nos
1217 2290 1345 2318 dicimus.
1369 2291 1548 2329 Quapropter,
1568 2291 1590 2318 si
1615 2292 1680 2326 quid
1710 2292 1739 2319 in

944 2335 1036 2362 animo
1055 2334 1140 2362 habes
1156 2335 1189 2361 de
1213 2333 1290 2362 Edcn
1314 2335 1417 2367 dicere,
1432 2334 1487 2369 jam
1517 2342 1590 2362 nunc
1618 2335 1736 2368 explica.

944 2381 1010 2415 Quze
1022 2388 1084 2408 cum
1105 2381 1187 2408 Persa
1203 2381 1327 2413 dixisset,
1348 2381 1420 2408 ﬁlius
1435 2380 1506 2415 ejus,
1536 2387 1552 2407 a
1582 2388 1658 2416 patre
1689 2389 1739 2408 ac-

945 2432 1024 2463 cepta
1038 2427 1168 2462 loquendi
1186 2427 1328 2458 fucullate,
1347 2427 1495 2454 barbarum
1529 2427 1593 2461 quid
1609 2433 1636 2455 et
1652 2428 1739 2454 anda-

944 2474 1004 2502 cius
1022 2475 1154 2508 clamans,
1169 2473 1266 2501 Nonne
1278 2477 1320 2506 tu,
1337 2473 1436 2507 inquit,
1467 2473 1546 2500 nobis
1566 2479 1644 2502 antea
1668 2475 1740 2502 dixi-

945 2520 990 2553 sti,
1010 2521 1046 2548 ob
1070 2520 1156 2548 solam
1186 2520 1337 2547 bonitatem
1363 2519 1447 2546 Deum
1475 2519 1565 2546 omnia
1599 2520 1740 2547 creasse?

944 2566 1022 2594 Nunc
1037 2574 1102 2594 vero
1115 2566 1252 2594 celebrata
1266 2565 1454 2599 illiusjustitia
1471 2566 1504 2593 de
1527 2566 1651 2594 bonitate
1659 2566 1740 2594 sitni-

945 2612 1002 2640 sti:
1018 2612 1066 2639 sed
1094 2612 1140 2639 hic
1155 2619 1210 2639 non
1233 2612 1323 2638 minus
1344 2611 1434 2639 bonus
1463 2615 1505 2639 est
1524 2619 1607 2647 quant
1634 2611 1738 2647 justus.

945 2659 1035 2692 Quare
1059 2658 1081 2686 si
1114 2657 1149 2684 ob
1177 2665 1248 2689 eam,
1271 2665 1320 2692 per
1332 2665 1414 2692 quam
1445 2665 1540 2685 omnes
1565 2658 1677 2688 creavit,
1692 2659 1740 2685 bo-

945 2704 1058 2730 nitatem
1076 2724 1083 2737 ,
1099 2711 1194 2730 omnes
1207 2704 1288 2730 etiam
1305 2710 1415 2730 servare
1435 2702 1562 2733 voluerit,
1574 2710 1606 2729 an
1638 2702 1739 2730 idcirco

947 2750 1092 2776 reddendis
1106 2749 1238 2776 factorum
1266 2756 1378 2776 suorum
1405 2747 1558 2775 rationibus
1582 2749 1634 2776 erit
1655 2750 1741 2776 obno-

945 2795 1027 2823 xius?
1046 2796 1087 2822 Dii
1109 2796 1233 2828 meliora,
1248 2795 1372 2830 inquam.
1400 2795 1581 2823 adolescens:
1596 2795 1662 2822 nulli
1680 2803 1740 2822 om-

947 2842 1011 2869 nino
1033 2843 1058 2869 in
1078 2843 1211 2870 factorum
1227 2850 1339 2870 suorum
1367 2841 1523 2869 rationibus
1534 2841 1680 2869 reddendis
1691 2843 1741 2868 oh-

947 2889 1047 2918 noxius
1061 2898 1122 2919 esse
1140 2894 1229 2926 potest
1240 2889 1311 2918 Deus
1329 2897 1336 2917 :
1353 2888 1463 2917 cuinam
1498 2889 1570 2917 cnim
1588 2896 1617 2917 se
1641 2887 1739 2923 majori
