1929 3087
76 231 142 252 τους
160 229 192 254 γε
220 217 328 254 βιαίους
355 215 435 246 δντας
455 213 506 240 οὒκ
531 208 713 246 εὐαρίθμητοι
733 214 805 237 τινες
823 204 876 232 τῶν

77 251 236 296 ὑπ’γαίιτῶν
257 262 433 298 ἠδικημένων
454 258 488 285 τὰ
514 257 631 291 μέγιστα
656 251 875 298 πρρσκυνοῦντες

76 292 248 342 διετέλεσαν,
265 292 352 343 λύτρα
371 315 400 334 τε
417 303 495 340 οἶμαι
510 303 560 330 καὶ
576 304 688 336 σῶστρα
697 292 750 332 τεῆς
769 296 875 324 ἑαυτῶν

78 358 241 393 ἐλευθερίας
256 365 285 382 τε
301 354 349 382 καὶ
371 352 444 386 ζωῆς
458 350 553 384 ὥσπερ
574 345 809 393 ἀντεισφέροντας
826 343 876 377 τὴν

79 389 294 440 τιμήνίκαίτοι
316 398 433 429 πολλοὺς
461 395 494 423 ἃν
520 394 611 429 εὕροις
636 392 684 419 καὶ
707 390 762 417 τῶν
778 389 877 440 ἢδικηῖ

83 434 176 486 μένων
194 447 272 492 παρὰ
299 445 450 475 κακίστων,
467 440 631 470 σπουδαίους
654 446 685 464 τε
709 436 808 472 ἄνδρας
829 434 878 461 καί⁸

80 484 217 530 ἀγαθοὺξ,
236 494 284 521 καὶ
299 490 438 525 ἐπιεικείᾳ
453 488 537 523 πολλῇ
553 484 740 520 συζήσαντας.

120 541 164 574 ιζ’.
187 541 252 566 Ὀτε
277 538 368 565 τοίνυν
386 535 463 562 ταῦθ’
492 534 580 564 οὕτως
604 532 672 567 ἔχει,
696 530 744 557 καὶ
771 529 802 555 σὺ
830 528 879 563 μὲν

82 580 170 614 πᾶσιν
182 586 332 619 ἀπονέμεις
347 582 382 609 τὰ
394 582 499 612 δίκαια,
511 580 578 610 Θεδς
592 579 615 605 δ’
629 578 661 604 οὐ
684 576 764 603 τοῦτο
783 574 879 609 φαίνε-

81 642 130 660 ται
144 632 176 658 τὺ
191 633 312 666 τήμερον
327 628 468 664 πράττων,
482 627 506 653 εἰ
521 625 577 652 οὐδ’
597 625 655 650 ἐκεῖ
679 622 758 655 δίκην
774 621 880 647 τίσειαν

82 680 109 706 οἱ
123 679 170 705 τὸν
184 678 251 704 Θεδν
265 676 449 710 ἀτιμάσαντες
464 673 498 707 τῇ
512 671 670 706 παραϐάσει
684 669 738 695 τῶν
751 666 878 698 ὲντολῶν,

86 725 118 752 σύ
133 733 166 759 γε
181 723 250 750 Θεοῦ
272 721 455 755 δικαιότερος.
476 718 559 752 Ὁρᾷς
581 716 631 750 τῆς
652 714 768 745 ἀτοπίας
785 714 815 740 τδ
831 713 880 747 μέ-

85 771 178 805 γεθος,
189 769 238 796 καί.
252 765 280 794 οἵ
295 768 332 803 (l)
349 766 445 793 κακῶν
462 772 510 791 σου
527 762 634 798 προῦϐη
650 761 680 788 τδ
698 761 805 794 δόγμα;
823 759 881 793 Τὴν

87 819 118 844 δι
135 817 227 844 αίτίαν
252 815 277 841 εί
297 814 386 844 θέλεις
411 811 518 846 μαθεῖν,
533 810 585 845 ήδη
606 809 734 843 πάρεστι.
753 806 815 832 Τισὶ
831 805 881 840 μὲν

89 865 146 900 γὰρ
169 863 366 898 ἁμαρτήμασιν
381 858 469 886 ἐνθάδ’
481 855 659 890 ἐπάγεταιτὰ
673 854 758 884 δεινὰ,
781 853 823 878 ἵνα
845 851 882 886 μὴ

85 913 121 946 τῇ
145 910 256 937 κολάσει
283 905 474 940 διαπιστῶμεν
487 911 493 918 “
511 904 577 930 ὅπου
594 900 648 936 γὰρ
675 900 722 926 καὶ
743 898 791 925 νῦν
811 899 882 923 εἰσιν

86 942 121 985 oi"
133 958 170 992 μὴ
185 955 328 983 πιστεύειν
344 952 516 988 βουλόμενοι,
531 949 556 975 εί
572 947 668 983 μηδεὶς
690 945 777 973 ἐδίδου
802 942 880 978 δίκην

86 990 218 1035 Laetitia,
235 1002 277 1033 τίς
291 1001 324 1027 ἂν
337 998 469 1026 ἐπίστευε
485 995 583 1022 δώσειν
604 992 816 1027 ὲξαμαρτήσας,
833 990 882 1016 καὶ

88 1051 181 1081 ἄλλοις
204 1046 227 1075 δ’
251 1048 291 1078 είς
315 1045 346 1071 τὸ
375 1042 474 1078 μέλλον
502 1040 581 1066 ταυτὶ
607 1037 805 1072 ταμιεύεσθαι;
828 1035 884 1062 Καὶ

88 1095 172 1122 τοῦτο
196 1093 300 1122 πάντες
324 1088 513 1116 πιστεύουσιν.
537 1085 585 1111 Ἐκ
600 1084 656 1118 γὰρ
674 1083 706 1116 δὴ
722 1082 769 1108 τοῦ
790 1089 885 1115 φαινο-

89 1141 177 1176 μένου
193 1137 241 1165 καὶ
255 1134 376 1169 τᾶφανὲς
387 1133 438 1159 οὐκ
453 1130 616 1166 ἀμφίϐολον.
632 1128 731 1155 Ἔσται
745 1127 801 1161 ἄρα
824 1126 885 1161 apio

90 1172 136 1217 in;
156 1185 205 1212 καὶ
228 1184 335 1213 ἐκτισις
362 1177 506 1214 ἁμαρτιῶν
531 1175 732 1210 ἀπαραίτητος,
756 1172 884 1207 καθάπερ

89 1233 125 1268 δὴ
139 1231 186 1258 καὶ
197 1228 311 1263 ἀμοιϐαὶ
325 1227 382 1257 τοῖς
393 1224 508 1258 ἀγαθοῖς
524 1221 594 1257 μετὰ
611 1221 661 1255 τὴν
678 1218 784 1246 ἐνθένδε
799 1218 883 1253 ζωήν.

98 1264 170 1305 ’Ᾰλλ“
189 1276 248 1309 ὲρεῖ
264 1282 306 1304 τις
321 1273 387 1302 ἴσως
402 1269 494 1305 ὑμῶν,
508 1268 546 1299 ὡς
563 1268 596 1294 ἂν
616 1266 667 1302 μὲν
680 1266 704 1292 οί
719 1264 817 1300 φαῦλοι
833 1272 886 1290 κα·-

92 1324 161 1355 κῶν,
177 1323 201 1348 οί
217 1321 246 1347 δὲ
269 1318 409 1346 σπουδαῖοι
436 1314 564 1351 χρηστῶν
585 1311 775 1342 ἀπολαύσωσι,
793 1310 823 1337 τὸ
836 1311 886 1345 μὲν

92 1370 199 1396 δίκαιον
221 1364 268 1395 τοῦ
298 1362 393 1398 κριτοῦ
422 1360 558 1396 φανερὸν,
585 1359 615 1385 τὸ
641 1358 669 1384 δὲ
691 1355 887 1392 φιλάνθρωπον

94 1414 164 1446 ποῦς
180 1413 235 1439 Καὶ
249 1413 266 1446 ἡ
281 1411 418 1443 ἐρώτησις
432 1407 502 1442 αὕτη
520 1407 571 1433 οὐκ
592 1405 645 1438 ἐξω
658 1405 738 1438 λόγου
756 1403 805 1431 τοῦ
819 1402 887 1438 πρέ-

96 1468 205 1490 ποντος.
223 1458 269 1484 Δεῖ
283 1457 339 1491 γὰρ
361 1454 443 1482 αὐτὸν
466 1452 594 1487 ἐνεργείᾳ
615 1449 686 1478 είναι
706 1451 777 1485 ὅπερ
799 1450 886 1482 ἐστὶν,

96 1502 325 1536 αὑτοδικαιοσύνη
347 1509 378 1527 τε
401 1498 450 1526 καὶ
475 1497 697 1531 αὐτοαγαθότης·
716 1495 777 1522 ἐπεὶ
799 1494 827 1521 δὲ
847 1494 889 1521 δεῖ

532 123 538 129 ί
586 148 780 182 DIALOGUS
799 147 826 176 lI
845 145 924 175 CUM
939 139 1215 173 MOHAMETANO.

895 205 912 233 Α
928 200 1022 227 liberis
1039 198 1210 233 reliquerunt
1227 205 1233 222 :
1255 194 1360 228 hosque
1373 194 1507 220 violentos
1523 200 1577 220 non
1591 192 1670 226 pauci
1683 191 1717 219 de

1663 130 1716 163 ίῗο

928 248 971 280 iis,
986 253 1054 281 quas
1078 244 1205 272 maximis
1231 241 1340 276 injpriis
1367 239 1524 271 affecerant,
1548 238 1718 274 peroﬂieiose

928 299 1038 327 semper
1055 291 1209 321 coluerunt,
1231 289 1303 315 hunc
1316 287 1349 313 iis
1362 286 1506 315 honorem,
1530 285 1638 318 opinor,
1655 291 1720 310 con-

929 343 1045 366 Scrvataa
1057 337 1135 372 quasi
1149 335 1285 363 libertatis
1299 340 1325 361 et
1337 333 1398 360 vita:
1411 331 1554 366 prteminm
1570 330 1719 365 rependen-

928 391 988 419 tes;
1009 385 1084 419 atqui
1101 384 1201 411 multos
1217 390 1248 409 ex
1266 381 1329 410 illis.
1346 379 1444 414 quibus
1457 386 1471 405 a
1486 377 1613 412 pessimis
1633 375 1720 402 horni-

917 433 1014 473 ‘nibus
1032 431 1113 458 illatze
1128 429 1235 464 injurize
1247 432 1319 459 sunt,
1335 427 1465 454 honestos
1478 424 1632 459 probosqne
1648 422 1723 448 viros

930 485 1082 513 magnaque
1098 475 1282 511 aequabilitate
1296 474 1396 500 vixisse
1414 471 1545 506 reperias.

966 525 1009 551 Π.
1024 523 1090 557 Quae
1103 531 1165 550 cum
1184 522 1219 549 ita
1235 521 1300 553 sint,
1318 519 1448 555 quoniam
1472 523 1498 545 tu
1512 516 1620 552 quidem
1641 515 1723 549 justi-

931 571 996 598 tiam
1013 570 1134 603 aliquam
1151 567 1278 595 omnibus
1299 566 1408 599 tribuis,
1425 565 1495 592 Deus
1512 569 1602 590 autem
1624 569 1724 588 secun-

931 615 995 642 dum
1008 622 1039 642 ea
1050 622 1111 649 quae
1127 614 1206 640 hodie
1229 612 1297 639 ﬁunt
1313 619 1405 646 parum
1420 610 1495 645 juste
1516 616 1596 644 agere
1606 608 1722 639 videtur,

931 662 953 689 si
971 668 1059 695 neque
1075 660 1101 686 in
1129 659 1221 686 futura
1251 659 1306 685 vita
1336 664 1432 693 penes
1460 656 1555 687 luunt,
1580 655 1626 690 qui
1662 662 1722 680 eunl

932 710 1130 743 praeteptorum
1144 713 1256 733 suorum
1277 705 1423 732 violatione
1443 702 1581 738 aspernati
1603 706 1678 733 sunt,
1696 706 1723 726 tu

933 753 1057 788 profecto
1077 760 1106 780 es
1122 751 1296 786 Deojustior.
1315 750 1396 777 Vides
1413 757 1485 776 nunc
1511 753 1612 782 quanta
1638 753 1670 773 ex
1683 745 1725 772 his

933 803 1064 834 sequatur
1089 798 1256 828 ahsnrditas.
1275 801 1302 824 et
1328 803 1447 831 quonam
1476 794 1539 821 mali
1561 793 1726 828 processerit

933 846 1026 881 opinio
1042 844 1206 878 tua?Cujus
1225 844 1262 869 rei
1289 849 1399 869 causam
1431 840 1536 867 discere
1550 839 1573 866 si
1601 839 1681 870 velis,
1697 837 1724 864 in

934 897 1059 928 promptu
1077 895 1128 918 est.
1139 890 1307 924 Quibusdam
1332 887 1451 923 peccatis
1469 887 1524 921 jam
1537 886 1564 912 in
1593 885 1643 911 hac
1671 885 1724 910 vita

934 945 1024 973 poma:
1037 937 1206 972 inﬂiguntur.
1233 943 1329 970 nempe
1342 943 1376 961 ne
1403 933 1515 960 ontnlno
1527 933 1561 959 de
1587 931 1726 967 punitione

934 985 1105 1012 dill‘nlatnus:
1122 991 1183 1011 cum
1197 982 1269 1009 enim
1283 981 1323 1008 vel
1352 989 1424 1007 nunc
1440 979 1503 1010 sint.
1528 979 1574 1014 qui
1600 978 1664 1006 illud
1694 980 1727 1004 de

935 1031 1027 1057 futura
1045 1029 1162 1056 vindicta
1177 1029 1289 1055 credere
1306 1027 1404 1058 nolint,
1418 1027 1440 1054 si
1467 1034 1547 1053 nemo
1576 1026 1655 1053 ullas»
1678 1025 1728 1051 hac

935 1077 961 1103 in
977 1076 1078 1103 saeculo
1093 1075 1189 1105 lueret,
1205 1074 1278 1108 quis,
1289 1073 1414 1106 obsecro,
1427 1078 1455 1099 et
1470 1080 1499 1099 se
1517 1071 1729 1105 commisslper-

935 1122 1097 1156 calipaanas
1113 1128 1172 1147 esse
1200 1121 1339 1151 daturum,
1356 1123 1382 1145 et
1399 1118 1460 1146 aliis
1485 1125 1531 1145 eas
1554 1118 1581 1144 in
1607 1117 1728 1144 futurum

937 1171 1046 1202 tempus
1060 1166 1194 1194 reservari
1209 1165 1332 1192 crederet
1346 1164 1357 1190 ’Ξ
1373 1163 1432 1190 Jam
1449 1171 1513 1190 vero
1538 1163 1602 1190 illud
1632 1170 1729 1189 omnes

935 1212 995 1243 fere
1018 1213 1141 1241 credunt.
1165 1210 1233 1238 Nam
1261 1210 1360 1237 intuitu
1374 1209 1530 1244 apparentis
1541 1210 1580 1236 rei
1595 1209 1730 1236 dubitatio

938 1262 1044 1291 tollitur
1055 1261 1088 1287 de
1105 1267 1134 1286 re
1147 1265 1200 1285 non
1216 1262 1375 1292 apparente.
1400 1256 1458 1284 Erit
1481 1256 1563 1291 igitur
1581 1255 1730 1291 judicium,

937 1309 1076 1343 nullisque
1099 1306 1226 1341 precibus
1251 1303 1420 1338 deprecanda
1448 1304 1580 1330 malorum
1613 1303 1730 1337 punitio,

937 1358 1001 1385 item
1017 1360 1044 1381 ιιι
1059 1353 1152 1388 probis
1169 1351 1365 1382 remuneratio,
1381 1353 1442 1385 post
1457 1350 1526 1377 hanc
1550 1349 1642 1376 vitam.
1655 1349 1731 1376 Dicet

939 1400 1009 1429 forte
1021 1400 1121 1436 aliquis
1137 1404 1257 1427 vestrum
1270 1406 1280 1425 :
1292 1398 1324 1425 At
1338 1398 1361 1424 si
1378 1397 1504 1424 scelerati
1521 1397 1600 1424 malis
1611 1396 1730 1424 allicien-

938 1453 994 1480 tur,
1005 1447 1071 1475 boni
1096 1446 1187 1479 bonis,
1204 1445 1309 1480 iustitia
1334 1444 1444 1480 quidem
1465 1443 1565 1478 jndieis
1585 1443 1673 1478 palam
1691 1443 1732 1476 lit,

939 1493 1084 1521 clementia
1099 1497 1190 1519 autem
1205 1490 1265 1524 ejus
1278 1497 1343 1525 erga
1362 1489 1487 1517 homines
1496 1489 1541 1516 ubi
1571 1489 1733 1524 apparebit?

96 1551 158 1577 κατ’
172 1550 257 1584 ἄμφω
281 1535 327 1573 τὸν
348 1545 415 1572 Θεὸν
439 1543 553 1578 ἐνεργὸν
581 1539 662 1574 εἶναι,
678 1540 801 1575 ἐξεῦρεν,
814 1540 888 1571 ὅπως

942 1538 997 1567 Nec
1013 1547 1028 1567 ο
1041 1539 1146 1566 ratione
1162 1538 1251 1565 aliena
1270 1541 1312 1564 est
1333 1536 1391 1564 haec
1416 1536 1603 1570 interrogatio.
1620 1535 1733 1571 Oportet

96 1597 128 1623 τδ
140 1595 336 1631 φιλάνθρωπον
350 1591 445 1623 δείξας
470 1591 518 1617 καὶ
534 1589 565 1615 τὸ
586 1588 694 1615 δίκαιον
710 1585 889 1618 ἐπιδείξεται.

96 1629 152 1672 Εἰς.
165 1641 215 1675 μὲν
231 1629 278 1666 οὖν
290 1637 367 1664 τόνδε
380 1636 427 1662 τὸν
444 1635 548 1670 κόσμον
564 1632 690 1668 ἀφθόνως
705 1640 734 1658 τε
751 1631 799 1657 καὶ
813 1629 892 1665 δαψι-

97 1687 152 1718 λῶς
165 1686 214 1722 τὴν
229 1685 348 1720 ἄρρητον
372 1681 415 1722 ὕει
439 1678 648 1715 φιλανθρωπίαν
674 1678 759 1704 πᾶσιν
784 1677 891 1708 ἁπλῶς,

97 1733 136 1764 ὡς
149 1732 255 1765 ἔξεστιν
270 1731 301 1757 ἑκ
314 1729 369 1755 τῶν
385 1727 560 1763 πραγμάτων
581 1724 664 1750 αὐτοῦ
687 1724 801 1750 σκοπεῖν
812 1730 821 1739 ο
842 1722 892 1757 τὴν

97 1777 276 1811 δικαιοσύνην
288 1775 317 1802 δι
327 1776 360 1810 τῇ
376 1771 573 1807 παλιγγενεσία
582 1768 621 1806 (2)
632 1770 795 1805 τετήρηκεν.
807 1767 891 1794 Οὔπω

98 1824 185 1858 λέγω,
200 1823 239 1854 ὡς
263 1822 310 1848 καὶ
326 1821 343 1856 ἡ
361 1819 474 1849 κόλασις
494 1817 563 1852 αὐτὴ
583 1816 668 1850 πολλῇ
695 1813 890 1850 φιλανθρωπίᾳ

99 1878 129 1896 ἰε
157 1868 205 1895 καὶ
224 1866 391 1902 χρηστότητι
417 1864 466 1890 καὶ
489 1861 725 1894 κατεσκεύασται,
746 1861 793 1887 καὶ
812 1859 893 1894 ήπεί-

99 1916 192 1950 ληται.

942 1586 1015 1612 enim
1027 1583 1111 1611 Deum
1122 1588 1183 1611 actu
1196 1588 1222 1610 et
1237 1582 1335 1610 eﬂ‘ectu
1348 1589 1409 1609 esse
1434 1581 1461 1608 id
1481 1582 1553 1616 quod
1582 1586 1635 1615 est,
1655 1590 1733 1609 sum-

943 1639 1016 1658 mam
1030 1631 1172 1665 ipsamque
1188 1628 1322 1663 justitiam
1337 1632 1364 1655 et
1375 1628 1523 1655 bonitatem
1541 1637 1547 1654 :
1562 1632 1589 1655 et
1602 1628 1733 1662 quoniam

944 1677 1095 1705 seenndum
1108 1676 1202 1702 ambas
1220 1675 1269 1701 has
1291 1674 1408 1701 virtutes
1420 1681 1500 1708 agere
1527 1681 1588 1701 eum
1621 1681 1734 1701 necesse

943 1728 995 1756 est,
1015 1723 1087 1749 viam
1105 1722 1217 1754 invenit,
1229 1729 1283 1755 qua
1299 1720 1341 1747 via
1352 1724 1378 1747 et
1394 1721 1543 1747 bonitatem
1565 1721 1732 1752 ostenderet,

943 1774 971 1797 et
985 1769 1164 1797 nihilominus
1178 1768 1344 1804 patefaceret
1356 1767 1502 1802 justitiam.
1523 1766 1553 1794 In
1570 1767 1642 1794 hunc
1655 1775 1735 1793 mun-

944 1817 1009 1843 dum
1022 1816 1095 1843 enim
1104 1815 1158 1842 dici
1175 1822 1229 1841 non
1246 1818 1333 1849 potest
1347 1821 1430 1849 quam
1445 1813 1553 1840 abunde
1565 1818 1591 1839 et
1615 1811 1735 1840 liberali-

944 1865 984 1889 ter
999 1868 1078 1888 suam
1090 1867 1155 1895 erga
1171 1859 1297 1887 homines
1313 1860 1508 1895 benignitatem
1529 1859 1658 1886 omnibus
1684 1859 1734 1885 im-

944 1906 1002 1934 bris
1016 1908 1103 1934 instar
1116 1905 1268 1940 profundit,
1292 1910 1321 1933 ut
1335 1913 1368 1933 ex
1391 1906 1476 1941 ipsius
1500 1905 1629 1939 operibus
1655 1905 1735 1932 intel-

101 1964 148 1998 ligi
166 1960 418 1998 potestzjustitiam
433 1967 511 1986 novae
521 1962 583 1993 post
600 1962 716 1985 mortem
740 1955 803 1983 vitae
830 1956 990 1983 reservavit.
1017 1954 1107 1989 Atque
1132 1961 1188 1981 non
1216 1961 1338 1981 memoro
1362 1961 1446 1987 nunc,
1478 1958 1581 1989 quanta
1615 1952 1737 1980 bonitate

100 2015 129 2037 et
142 2009 288 2036 clementia
303 2008 360 2041 ipsa
372 2007 476 2041 punitio
486 2011 514 2033 et
532 2005 681 2033 constituta
705 2010 757 2036 est,
773 2009 799 2032 et
824 2004 1014 2040 praenuntiata.

140 2046 285 2090 ιη’ίΤαῦτ*
301 2053 369 2089 ἐμοῦ
386 2053 542 2088 είρηκότος,
558 2052 726 2087 σιγήσαντος
747 2051 795 2078 τοῦ
817 2051 892 2086 πρώα

101 2111 161 2135 του,
178 2101 278 2136 βλέψας
295 2102 310 2127 ὁ
328 2100 461 2135 νεώτερος
476 2099 534 2130 υίὸς
551 2100 591 2130 είς
616 2099 663 2126 τὸν
683 2099 766 2125 αὐτοῦ
783 2100 892 2133 πατέρα

102 2147 164 2175 είπέ
179 2157 205 2174 τι
219 2148 288 2183 πρὸς
306 2147 387 2173 αὑτὸν
403 2148 437 2182 τῇ
459 2146 514 2173 τῶν
535 2145 660 2180 Ἀράϐων
683 2147 779 2180 φωνῇ·
801 2146 850 2171 καὶ
864 2144 894 2176 ὃς

103 2193 316 2228 ἀποδεξάμενος,
331 2192 370 2224 ὡς
393 2191 477 2223 ῐοικε,
495 2191 525 2218 τὸ
548 2190 644 2226 ῥηθὲν.
660 2191 729 2225 πρὸς
752 2191 827 2225 ἡμᾶς
849 2191 895 2216 διὰ

103 2241 153 2274 τῆς
167 2240 222 2265 τῶν
233 2239 363 2274 Τούρκων
375 2238 525 2273 μετέδωκε,
534 2238 590 2268 τοῖς
603 2236 757 2271 ἑρμηνεῦσι
771 2236 894 2271 συνήθως

105 2287 146 2318 είς
160 2285 241 2312 τοῦτο
260 2284 447 2320 χρησάμενος.
462 2284 500 2310 Τὸ
526 2283 555 2309 δὲ
576 2281 610 2318 ἦν
632 2283 723 2309 ἐκεῖνο
748 2282 777 2308 τὸ
802 2281 897 2317 λεχθὲν

106 2331 172 2365 παρ’
184 2331 264 2366 ἐμοῦ,
279 2330 317 2361 ὡς
339 2330 394 2365 ἄρα
410 2329 547 2363 παρέλκοι)
565 2329 598 2355 ἂν
625 2330 668 2362 εἴη
692 2328 740 2354 καὶ
756 2329 896 2363 περιττὸν,

105 2377 137 2404 τὺ
148 2377 194 2403 τὸν
209 2377 327 2410 Χριστὸν
340 2375 416 2410 ἥξειν
440 2374 590 2408 κρινοῦντα
613 2374 705 2401 πᾶσαν
723 2374 773 2409 τὴν
795 2374 858 2407 γῆν.
874 2375 899 2400 σί

109 2423 201 2457 μέλλοι
226 2423 329 2452 πάντας
347 2421 447 2448 σώσειν
461 2421 524 2455 ἑξῆς
535 2429 542 2436 ·
558 2421 607 2447 καὶ
621 2421 663 2446 δτι
687 2420 734 2446 καὶ
749 2420 778 2446 τὸ
793 2420 899 2452 δίκαιος

107 2467 178 2495 εἶναι
199 2468 245 2494 τὸν
270 2468 370 2502 τρόπον
394 2467 488 2493 τοῦτον
508 2466 654 2492 ἀπόλλυσι.
670 2465 764 2492 Ταῦτα
787 2465 827 2497 δὲ,
844 2465 896 2500 ἔφη

109 2516 222 2547 ἐκεῖνος,
237 2515 286 2549 οὐχ
303 2513 404 2544 ίκανῶς
419 2513 623 2540 ἀποδέδεικται.
642 2513 741 2547 Κρινεῖ
757 2512 812 2547 γὰρ
827 2512 897 2547 ἀμέ-

109 2561 217 2592 λει,καὶ
230 2559 388 2595 παραδώσει
403 2558 532 2585 κολάσεσι
548 2560 609 2589 τοὺς
623 2556 898 2592 ἀντινομοθετοῦντας

110 2608 168 2638 ταῖς
190 2606 238 2633 τοῦ
257 2605 381 2640 Μωάμεθ
403 2604 591 2638 παραδόσεσιν
610 2604 747 2634 ἅπαντας.
766 2602 837 2638 Πρὸς
852 2603 897 2628 ὂν-

111 2662 161 2688 περ
186 2653 254 2688 ἔφην
279 2652 379 2682 αὐτός·
402 2650 532 2678 Ἥδιστόν
559 2658 604 2684 μοι
630 2651 714 2682 δοκεῖ,
739 2650 787 2675 καὶ
813 2649 898 2675 πολὺν

111 2700 216 2734 καρπὸν
228 2699 380 2733 δυνάμενον
394 2697 530 2731 ἐνεγκεῖν,
547 2696 578 2723 τὸ
593 2696 640 2722 τὸν
664 2695 899 2730 προσδιαλεγόμε-

111 2754 155 2772 νον
183 2745 271 2771 εἰπεῖν
300 2744 332 2770 τὸ
358 2743 589 2778 παριστάμενον·
620 2741 670 2768 κᾶν
701 2741 789 2773 ἄλλως
819 2740 900 2768 τοῦτο

147 2819 186 2853 (l)
201 2817 269 2845 Cod.
282 2817 366 2845 Coisl.
382 2818 420 2844 εί.

147 2850 186 2888 (⁵2)
203 2853 404 2886 Παλιγγενεσία
426 2853 468 2879 hlc
486 2860 538 2879 non
561 2852 705 2886 baptisma,
725 2850 784 2888 sed
813 2851 902 2888 futura

115 2886 182 2924 polit
191 2889 421 2916 resurrectionem
434 2887 499 2920 vita,
510 2895 543 2914 ex
557 2887 653 2914 Matth.
673 2895 729 2918 nx,
745 2886 790 2919 28,
813 2887 856 2913 Ἐν
869 2887 903 2921 τῇ

269 2935 405 2967 Ρλτιιοι.
426 2936 486 2966 Gil.
511 2934 601 2966 CLVI
625 2946 635 2950 -

983 2052 1027 2079 18.
1043 2051 1109 2086 Quae
1124 2059 1186 2079 cum
1202 2058 1251 2086 ego
1265 2051 1409 2083 dixissem,
1433 2051 1559 2085 illiusque
1570 2054 1635 2077 natu
1650 2051 1737 2086 major

947 2098 1050 2131 sileret,
1067 2097 1157 2124 minor
1172 2097 1199 2124 in
1216 2103 1320 2132 patrem
1334 2098 1444 2125 intuens
1461 2097 1564 2132 aliquid
1581 2097 1605 2124 ei
1621 2097 1737 2124 Arabico

947 2151 1072 2171 sermone
1085 2144 1172 2176 dixit;
1187 2144 1260 2178 quod
1270 2144 1325 2176 ille,
1335 2148 1364 2170 ut
1373 2143 1525 2174 videbatur,
1536 2143 1735 2177 comprobavit,

948 2189 982 2216 ad
996 2197 1099 2224 nosque
1110 2188 1227 2217 Tureica
1244 2190 1335 2224 lingua
1364 2189 1526 2221 transmisit,
1544 2188 1738 2223 interpretibus

947 2244 980 2263 ex
997 2243 1073 2263 more
1085 2236 1225 2263 adhibitis.
1242 2236 1269 2262 ld
1287 2240 1345 2262 erat
1359 2235 1423 2263 illud
1448 2236 1535 2270 ipsum
1562 2236 1635 2270 quod
1661 2235 1739 2262 dixe-

946 2289 1016 2315 ram,
1034 2282 1159 2309 inutilem
1182 2290 1293 2316 prorsus
1321 2282 1424 2309 Christi
1452 2282 1484 2308 ad
1511 2289 1610 2308 omtten
1636 2285 1738 2308 terram

945 2329 1120 2362 judicandam
1133 2333 1159 2356 et
1171 2335 1372 2363 supervacuum
1389 2335 1450 2355 esse
1461 2329 1618 2363 adventum,
1637 2327 1660 2354 si
1676 2327 1739 2362 qui—

948 2375 1010 2402 dem
1026 2382 1123 2401 omnes
1137 2374 1249 2401 omnino
1263 2375 1308 2401 ille
1330 2374 1365 2401 sit
1376 2380 1534 2401 servaturus
1549 2383 1556 2406 ;
1577 2362 1739 2402 verendum.

949 2427 1001 2454 que
1015 2427 1089 2453 esse,
1102 2428 1136 2447 ne
1150 2420 1217 2454 justi
1235 2428 1332 2448 nomen
1359 2420 1410 2447 hoc
1433 2421 1515 2446 modo
1540 2422 1657 2446 amittat.
1677 2420 1740 2447 llaec

951 2465 1034 2497 enim,
1051 2466 1139 2500 inquit
1155 2467 1209 2497 ille,
1237 2474 1291 2492 non
1307 2466 1373 2492 satis
1398 2466 1584 2493 demonstrata
1604 2471 1676 2493 sttnl.
1693 2466 1740 2493 Ju—

953 2512 1055 2539 dicabit
1071 2517 1145 2539 certe
1155 2512 1289 2543 videlicet,
1306 2512 1502 2546 suppliciisque
1512 2520 1560 2539 eos
1571 2520 1666 2540 omnes
1683 2518 1740 2539 tra-

952 2558 1007 2589 det,
1018 2557 1065 2592 qni
1078 2559 1247 2592 disciplinam
1262 2558 1408 2585 Moatnethi
1425 2559 1558 2587 institutis
1573 2559 1739 2587 contrariam

952 2604 1105 2630 docuerint.
1114 2604 1154 2630 Ad
1170 2611 1250 2638 quem
1261 2609 1325 2631 tunc
1336 2612 1386 2639 ego
1399 2613 1407 2631 :
1419 2604 1470 2633 l'er
1480 2606 1558 2638 mihi,
1569 2614 1616 2640 per
1627 2606 1739 2640 inquam

952 2657 1060 2686 gratum
1078 2655 1130 2682 est,
1143 2658 1327 2685 magnumque
1341 2652 1467 2679 utilitatis
1490 2652 1608 2680 fructum
1633 2653 1742 2680 videtur

953 2697 1083 2731 praebere,
1099 2696 1120 2723 si
1151 2705 1267 2730 quocntn
1294 2698 1436 2731 eulloquor
1450 2699 1472 2725 is
1499 2699 1631 2733 quidquid
1651 2699 1702 2726 sibi
1715 2700 1742 2726 in

955 2746 1071 2768 mentem
1089 2742 1161 2768 venit
1178 2742 1334 2776 eloquitur:
1352 2745 1423 2777 quod
1435 2744 1456 2770 si
1472 2744 1549 2771 aliter
1565 2744 1653 2772 facere
1665 2746 1743 2772 volu-

954 2816 1172 2854 rrahtjﬂsveslgt
1199 2816 1263 2854 ὅταν
1280 2816 1381 2854 καθίσῃ
1402 2817 1414 2842 ὁ
1436 2816 1500 2849 Υἱὸς
1521 2817 1568 2844 τοῦ
1599 2819 1742 2854 ἀνθρώπου

957 2852 1002 2878 ἐπὶ
1018 2852 1114 2888 θρόνου
1126 2852 1205 2887 δόξης
1219 2853 1316 2879 αὐτοῦ.

1550 2932 1569 2961 6
