  <div class='ocr_page' id='page_1' title='image "/cluster/home/n/w/nwhite01/storage/ocr_20150623/156/njp.32101077773214/093.png"; bbox 0 0 1938 3083; ppageno 0'>
   <div class='ocr_carea' id='block_1_1' title="bbox 770 98 1795 136">
    <p class='ocr_par' dir='ltr' id='par_1_1' title="bbox 770 98 1795 136">
     <span class='ocr_line' id='line_1_1' title="bbox 770 98 1795 136; baseline 0.008 -8"><span class='ocrx_word' id='word_1_1' title='bbox 770 98 965 130; x_wconf 67' lang='lat' dir='ltr'><strong>MANUELIS</strong></span> <span class='ocrx_word' id='word_1_2' title='bbox 983 99 1203 130; x_wconf 66' lang='lat' dir='ltr'><strong>PAMEOLUGI</strong></span> <span class='ocrx_word' id='word_1_3' title='bbox 1743 103 1795 136; x_wconf 75' lang='grc'><strong>176</strong></span> 
     </span>
    </p>
   </div>
   <div class='ocr_carea' id='block_1_2' title="bbox 176 155 1794 192">
    <p class='ocr_par' dir='ltr' id='par_1_2' title="bbox 176 155 1794 192">
     <span class='ocr_line' id='line_1_2' title="bbox 176 155 1794 192; baseline 0.001 -8"><span class='ocrx_word' id='word_1_4' title='bbox 176 157 277 184; x_wconf 90' lang='lat' dir='ltr'><strong>mirum</strong></span> <span class='ocrx_word' id='word_1_5' title='bbox 297 160 432 191; x_wconf 84' lang='lat' dir='ltr'><strong>quantum</strong></span> <span class='ocrx_word' id='word_1_6' title='bbox 448 155 634 192; x_wconf 83' lang='lat' dir='ltr'><strong>promoventis</strong></span> <span class='ocrx_word' id='word_1_7' title='bbox 652 155 803 187; x_wconf 84' lang='lat' dir='ltr'><strong>Osmanici,</strong></span> <span class='ocrx_word' id='word_1_8' title='bbox 819 155 938 190; x_wconf 79' lang='lat' dir='ltr'><strong>speciem</strong></span> <span class='ocrx_word' id='word_1_9' title='bbox 957 156 1095 190; x_wconf 77' lang='lat' dir='ltr'><strong>proponit.</strong></span> <span class='ocrx_word' id='word_1_10' title='bbox 1113 156 1197 184; x_wconf 87' lang='lat' dir='ltr'><strong>Plura</strong></span> <span class='ocrx_word' id='word_1_11' title='bbox 1222 156 1350 183; x_wconf 90' lang='lat' dir='ltr'><strong>edisserit</strong></span> <span class='ocrx_word' id='word_1_12' title='bbox 1365 163 1396 183; x_wconf 80' lang='lat' dir='ltr'><strong>ex</strong></span> <span class='ocrx_word' id='word_1_13' title='bbox 1412 156 1513 190; x_wconf 84' lang='lat' dir='ltr'><strong>quibus</strong></span> <span class='ocrx_word' id='word_1_14' title='bbox 1533 157 1662 191; x_wconf 82' lang='lat' dir='ltr'><strong>politicus</strong></span> <span class='ocrx_word' id='word_1_15' title='bbox 1675 157 1794 192; x_wconf 88' lang='lat' dir='ltr'><strong>imperio</strong></span> 
     </span>
    </p>
   </div>
   <div class='ocr_carea' id='block_1_3' title="bbox 176 197 1794 234">
    <p class='ocr_par' dir='ltr' id='par_1_3' title="bbox 176 197 1794 234">
     <span class='ocr_line' id='line_1_3' title="bbox 176 197 1794 234; baseline 0.002 -8"><span class='ocrx_word' id='word_1_16' title='bbox 176 207 315 234; x_wconf 75' lang='lat' dir='ltr'><strong>regnoque</strong></span> <span class='ocrx_word' id='word_1_17' title='bbox 332 200 419 234; x_wconf 81' lang='lat' dir='ltr'><strong>possit</strong></span> <span class='ocrx_word' id='word_1_18' title='bbox 431 199 583 231; x_wconf 86' lang='lat' dir='ltr'><strong>consulere,</strong></span> <span class='ocrx_word' id='word_1_19' title='bbox 596 198 686 232; x_wconf 83' lang='lat' dir='ltr'><strong>eique,</strong></span> <span class='ocrx_word' id='word_1_20' title='bbox 700 205 715 224; x_wconf 90' lang='lat' dir='ltr'><strong>a</strong></span> <span class='ocrx_word' id='word_1_21' title='bbox 727 197 876 225; x_wconf 78' lang='lat' dir='ltr'><strong>Christiani</strong></span> <span class='ocrx_word' id='word_1_22' title='bbox 892 198 1013 225; x_wconf 85' lang='lat' dir='ltr'><strong>nominis</strong></span> <span class='ocrx_word' id='word_1_23' title='bbox 1027 200 1166 227; x_wconf 83' lang='lat' dir='ltr'><strong>communi</strong></span> <span class='ocrx_word' id='word_1_24' title='bbox 1180 201 1275 227; x_wconf 83' lang='lat' dir='ltr'><strong>eodem</strong></span> <span class='ocrx_word' id='word_1_25' title='bbox 1293 200 1381 231; x_wconf 83' lang='lat' dir='ltr'><strong>hoste,</strong></span> <span class='ocrx_word' id='word_1_26' title='bbox 1406 207 1462 234; x_wconf 90' lang='lat' dir='ltr'><strong>quo</strong></span> <span class='ocrx_word' id='word_1_27' title='bbox 1480 200 1600 228; x_wconf 87' lang='lat' dir='ltr'><strong>deletum</strong></span> <span class='ocrx_word' id='word_1_28' title='bbox 1616 206 1658 228; x_wconf 89' lang='lat' dir='ltr'><strong>est</strong></span> <span class='ocrx_word' id='word_1_29' title='bbox 1688 201 1794 229; x_wconf 87' lang='lat' dir='ltr'><strong>Orien-</strong></span> 
     </span>
    </p>
   </div>
   <div class='ocr_carea' id='block_1_4' title="bbox 177 238 1794 276">
    <p class='ocr_par' dir='ltr' id='par_1_4' title="bbox 177 238 1794 276">
     <span class='ocr_line' id='line_1_4' title="bbox 177 238 1794 276; baseline 0.001 -8"><span class='ocrx_word' id='word_1_30' title='bbox 177 243 230 270; x_wconf 90' lang='lat' dir='ltr'><strong>tale</strong></span> <span class='ocrx_word' id='word_1_31' title='bbox 245 242 402 276; x_wconf 86' lang='lat' dir='ltr'><strong>imperium,</strong></span> <span class='ocrx_word' id='word_1_32' title='bbox 413 242 455 269; x_wconf 96' lang='lat' dir='ltr'><strong>vel</strong></span> <span class='ocrx_word' id='word_1_33' title='bbox 470 242 550 269; x_wconf 85' lang='lat' dir='ltr'><strong>modo</strong></span> <span class='ocrx_word' id='word_1_34' title='bbox 566 248 676 272; x_wconf 84' lang='lat' dir='ltr'><strong>cavere,</strong></span> <span class='ocrx_word' id='word_1_35' title='bbox 692 248 754 268; x_wconf 92' lang='lat' dir='ltr'><strong>cum</strong></span> <span class='ocrx_word' id='word_1_36' title='bbox 767 241 789 268; x_wconf 90' lang='lat' dir='ltr'><strong>is</strong></span> <span class='ocrx_word' id='word_1_37' title='bbox 806 238 947 268; x_wconf 75' lang='lat' dir='ltr'><strong>bellumin</strong></span> <span class='ocrx_word' id='word_1_38' title='bbox 962 240 1135 268; x_wconf 67' lang='lat' dir='ltr'><strong>Christianos</strong></span> <span class='ocrx_word' id='word_1_39' title='bbox 1150 241 1345 272; x_wconf 81' lang='lat' dir='ltr'><strong>instauratum,</strong></span> <span class='ocrx_word' id='word_1_40' title='bbox 1362 242 1441 269; x_wconf 87' lang='lat' dir='ltr'><strong>novis</strong></span> <span class='ocrx_word' id='word_1_41' title='bbox 1459 241 1515 274; x_wconf 87' lang='lat' dir='ltr'><strong>jam</strong></span> <span class='ocrx_word' id='word_1_42' title='bbox 1532 242 1668 274; x_wconf 82' lang='lat' dir='ltr'><strong>victoriis,</strong></span> <span class='ocrx_word' id='word_1_43' title='bbox 1698 250 1731 269; x_wconf 87' lang='lat' dir='ltr'><strong>ac</strong></span> <span class='ocrx_word' id='word_1_44' title='bbox 1759 245 1794 269; x_wconf 87' lang='lat' dir='ltr'><strong>ab</strong></span> 
     </span>
    </p>
   </div>
   <div class='ocr_carea' id='block_1_5' title="bbox 174 281 1792 320">
    <p class='ocr_par' dir='ltr' id='par_1_5' title="bbox 174 281 1792 320">
     <span class='ocr_line' id='line_1_5' title="bbox 174 281 1792 320; baseline 0.001 -10"><span class='ocrx_word' id='word_1_45' title='bbox 174 292 247 311; x_wconf 88' lang='lat' dir='ltr'><strong>anno</strong></span> <span class='ocrx_word' id='word_1_46' title='bbox 264 284 360 315; x_wconf 87' lang='lat' dir='ltr'><strong>altero,</strong></span> <span class='ocrx_word' id='word_1_47' title='bbox 378 283 520 309; x_wconf 87' lang='lat' dir='ltr'><strong>celebrare</strong></span> <span class='ocrx_word' id='word_1_48' title='bbox 535 283 628 316; x_wconf 68' lang='lat' dir='ltr'><strong>coepit.</strong></span> <span class='ocrx_word' id='word_1_49' title='bbox 644 281 754 314; x_wconf 81' lang='lat' dir='ltr'><strong>Fecere,</strong></span> <span class='ocrx_word' id='word_1_50' title='bbox 768 289 830 309; x_wconf 90' lang='lat' dir='ltr'><strong>cum</strong></span> <span class='ocrx_word' id='word_1_51' title='bbox 848 282 1005 309; x_wconf 76' lang='lat' dir='ltr'><strong>Graecorum</strong></span> <span class='ocrx_word' id='word_1_52' title='bbox 1016 283 1161 311; x_wconf 78' lang='lat' dir='ltr'><strong>discordiae</strong></span> <span class='ocrx_word' id='word_1_53' title='bbox 1174 289 1284 316; x_wconf 61' lang='lat' dir='ltr'><strong>mutum,</strong></span> <span class='ocrx_word' id='word_1_54' title='bbox 1298 288 1436 318; x_wconf 50' lang='lat' dir='ltr'><strong>tantvmque</strong></span> <span class='ocrx_word' id='word_1_55' title='bbox 1450 284 1546 318; x_wconf 72' lang='lat' dir='ltr'><strong>illaede</strong></span> <span class='ocrx_word' id='word_1_56' title='bbox 1558 293 1664 312; x_wconf 79' lang='lat' dir='ltr'><strong>summa</strong></span> <span class='ocrx_word' id='word_1_57' title='bbox 1682 285 1792 320; x_wconf 86' lang='lat' dir='ltr'><strong>impetii</strong></span> 
     </span>
    </p>
   </div>
   <div class='ocr_carea' id='block_1_6' title="bbox 175 325 1793 360">
    <p class='ocr_par' dir='ltr' id='par_1_6' title="bbox 175 325 1793 360">
     <span class='ocr_line' id='line_1_6' title="bbox 175 325 1793 360; baseline 0.001 -7"><span class='ocrx_word' id='word_1_58' title='bbox 175 326 405 358; x_wconf 69' lang='lat' dir='ltr'><strong>(oncertationes,</strong></span> <span class='ocrx_word' id='word_1_59' title='bbox 426 331 482 353; x_wconf 91' lang='lat' dir='ltr'><strong>tum</strong></span> <span class='ocrx_word' id='word_1_60' title='bbox 499 325 677 360; x_wconf 79' lang='lat' dir='ltr'><strong>dynastarum</strong></span> <span class='ocrx_word' id='word_1_61' title='bbox 697 325 828 357; x_wconf 90' lang='lat' dir='ltr'><strong>aliorum,</strong></span> <span class='ocrx_word' id='word_1_62' title='bbox 847 325 943 352; x_wconf 74' lang='lat' dir='ltr'><strong>iisdem</strong></span> <span class='ocrx_word' id='word_1_63' title='bbox 964 333 998 352; x_wconf 85' lang='lat' dir='ltr'><strong>ac</strong></span> <span class='ocrx_word' id='word_1_64' title='bbox 1011 325 1062 352; x_wconf 85' lang='lat' dir='ltr'><strong>sibi</strong></span> <span class='ocrx_word' id='word_1_65' title='bbox 1088 331 1183 352; x_wconf 77' lang='lat' dir='ltr'><strong>mittito</strong></span> <span class='ocrx_word' id='word_1_66' title='bbox 1200 325 1271 352; x_wconf 84' lang='lat' dir='ltr'><strong>haud</strong></span> <span class='ocrx_word' id='word_1_67' title='bbox 1286 326 1355 352; x_wconf 85' lang='lat' dir='ltr'><strong>satis</strong></span> <span class='ocrx_word' id='word_1_68' title='bbox 1369 326 1602 358; x_wconf 85' lang='lat' dir='ltr'><strong>convenientium,</strong></span> <span class='ocrx_word' id='word_1_69' title='bbox 1617 327 1686 353; x_wconf 86' lang='lat' dir='ltr'><strong>mala</strong></span> <span class='ocrx_word' id='word_1_70' title='bbox 1701 327 1793 354; x_wconf 80' lang='lat' dir='ltr'><strong>studia</strong></span> 
     </span>
    </p>
   </div>
   <div class='ocr_carea' id='block_1_7' title="bbox 175 366 1793 404">
    <p class='ocr_par' dir='ltr' id='par_1_7' title="bbox 175 366 1793 404">
     <span class='ocr_line' id='line_1_7' title="bbox 175 366 1793 404; baseline 0.001 -9"><span class='ocrx_word' id='word_1_71' title='bbox 175 373 205 395; x_wconf 93' lang='lat' dir='ltr'><strong>ut</strong></span> <span class='ocrx_word' id='word_1_72' title='bbox 219 376 252 395; x_wconf 88' lang='lat' dir='ltr'><strong>ne</strong></span> <span class='ocrx_word' id='word_1_73' title='bbox 271 368 386 394; x_wconf 89' lang='lat' dir='ltr'><strong>aliorum</strong></span> <span class='ocrx_word' id='word_1_74' title='bbox 401 367 554 400; x_wconf 72' lang='lat' dir='ltr'><strong>neglectum</strong></span> <span class='ocrx_word' id='word_1_75' title='bbox 569 366 671 398; x_wconf 85' lang='lat' dir='ltr'><strong>dicam,</strong></span> <span class='ocrx_word' id='word_1_76' title='bbox 690 366 761 393; x_wconf 85' lang='lat' dir='ltr'><strong>haud</strong></span> <span class='ocrx_word' id='word_1_77' title='bbox 777 367 931 401; x_wconf 89' lang='lat' dir='ltr'><strong>putantinm</strong></span> <span class='ocrx_word' id='word_1_78' title='bbox 946 368 1070 402; x_wconf 87' lang='lat' dir='ltr'><strong>ipsorum</strong></span> <span class='ocrx_word' id='word_1_79' title='bbox 1083 377 1139 396; x_wconf 87' lang='lat' dir='ltr'><strong>rem</strong></span> <span class='ocrx_word' id='word_1_80' title='bbox 1156 369 1211 404; x_wconf 83' lang='lat' dir='ltr'><strong>agi,</strong></span> <span class='ocrx_word' id='word_1_81' title='bbox 1229 377 1292 396; x_wconf 89' lang='lat' dir='ltr'><strong>cum</strong></span> <span class='ocrx_word' id='word_1_82' title='bbox 1309 369 1419 396; x_wconf 81' lang='lat' dir='ltr'><strong>arderet</strong></span> <span class='ocrx_word' id='word_1_83' title='bbox 1432 369 1574 402; x_wconf 78' lang='lat' dir='ltr'><strong>proximus</strong></span> <span class='ocrx_word' id='word_1_84' title='bbox 1589 370 1689 402; x_wconf 86' lang='lat' dir='ltr'><strong>paries,</strong></span> <span class='ocrx_word' id='word_1_85' title='bbox 1705 375 1734 396; x_wconf 87' lang='lat' dir='ltr'><strong>ut</strong></span> <span class='ocrx_word' id='word_1_86' title='bbox 1753 378 1793 397; x_wconf 69' lang='grc' dir='ltr'><strong>εις</strong></span> 
     </span>
    </p>
   </div>
   <div class='ocr_carea' id='block_1_8' title="bbox 174 409 1793 446">
    <p class='ocr_par' dir='ltr' id='par_1_8' title="bbox 174 409 1793 446">
     <span class='ocr_line' id='line_1_8' title="bbox 174 409 1793 446; baseline -0.001 -7"><span class='ocrx_word' id='word_1_87' title='bbox 174 411 275 439; x_wconf 79' lang='lat' dir='ltr'><strong>nostris</strong></span> <span class='ocrx_word' id='word_1_88' title='bbox 285 411 380 438; x_wconf 87' lang='lat' dir='ltr'><strong>accisis</strong></span> <span class='ocrx_word' id='word_1_89' title='bbox 393 411 485 442; x_wconf 88' lang='lat' dir='ltr'><strong>rebus,</strong></span> <span class='ocrx_word' id='word_1_90' title='bbox 496 414 644 444; x_wconf 71' lang='lat' dir='ltr'><strong>coactoque</strong></span> <span class='ocrx_word' id='word_1_91' title='bbox 659 410 685 436; x_wconf 90' lang='lat' dir='ltr'><strong>in</strong></span> <span class='ocrx_word' id='word_1_92' title='bbox 697 417 761 438; x_wconf 86' lang='lat' dir='ltr'><strong>easa</strong></span> <span class='ocrx_word' id='word_1_93' title='bbox 775 411 897 446; x_wconf 83' lang='lat' dir='ltr'><strong>ngustias</strong></span> <span class='ocrx_word' id='word_1_94' title='bbox 908 411 1061 439; x_wconf 84' lang='lat' dir='ltr'><strong>Christiana</strong></span> <span class='ocrx_word' id='word_1_95' title='bbox 1074 411 1223 445; x_wconf 81' lang='lat' dir='ltr'><strong>republica,</strong></span> <span class='ocrx_word' id='word_1_96' title='bbox 1234 409 1406 437; x_wconf 82' lang='lat' dir='ltr'><strong>formidabile</strong></span> <span class='ocrx_word' id='word_1_97' title='bbox 1419 409 1487 437; x_wconf 87' lang='lat' dir='ltr'><strong>adeo</strong></span> <span class='ocrx_word' id='word_1_98' title='bbox 1503 410 1646 444; x_wconf 89' lang='lat' dir='ltr'><strong>imperium</strong></span> <span class='ocrx_word' id='word_1_99' title='bbox 1662 411 1689 437; x_wconf 85' lang='lat' dir='ltr'><strong>in</strong></span> <span class='ocrx_word' id='word_1_100' title='bbox 1700 412 1793 437; x_wconf 76' lang='lat' dir='ltr'><strong>mundi</strong></span> 
     </span>
    </p>
   </div>
   <div class='ocr_carea' id='block_1_9' title="bbox 175 448 1789 489">
    <p class='ocr_par' dir='ltr' id='par_1_9' title="bbox 175 448 1789 489">
     <span class='ocr_line' id='line_1_9' title="bbox 175 448 1789 489; baseline 0.001 -10"><span class='ocrx_word' id='word_1_101' title='bbox 175 459 268 487; x_wconf 84' lang='lat' dir='ltr'><strong>partes</strong></span> <span class='ocrx_word' id='word_1_102' title='bbox 279 460 375 480; x_wconf 91' lang='lat' dir='ltr'><strong>omnes</strong></span> <span class='ocrx_word' id='word_1_103' title='bbox 390 452 475 479; x_wconf 85' lang='lat' dir='ltr'><strong>bestia</strong></span> <span class='ocrx_word' id='word_1_104' title='bbox 491 451 636 486; x_wconf 70' lang='lat' dir='ltr'><strong>proferret.</strong></span> <span class='ocrx_word' id='word_1_105' title='bbox 653 458 683 479; x_wconf 82' lang='lat' dir='ltr'><strong>ac</strong></span> <span class='ocrx_word' id='word_1_106' title='bbox 700 457 754 479; x_wconf 93' lang='lat' dir='ltr'><strong>tam</strong></span> <span class='ocrx_word' id='word_1_107' title='bbox 769 453 863 480; x_wconf 79' lang='lat' dir='ltr'><strong>multis</strong></span> <span class='ocrx_word' id='word_1_108' title='bbox 878 453 1027 488; x_wconf 90' lang='lat' dir='ltr'><strong>provinciis</strong></span> <span class='ocrx_word' id='word_1_109' title='bbox 1039 455 1187 482; x_wconf 83' lang='lat' dir='ltr'><strong>Christiani</strong></span> <span class='ocrx_word' id='word_1_110' title='bbox 1201 448 1309 488; x_wconf 83' lang='lat' dir='ltr'><strong>imperii</strong></span> <span class='ocrx_word' id='word_1_111' title='bbox 1324 453 1417 481; x_wconf 89' lang='lat' dir='ltr'><strong>lumen</strong></span> <span class='ocrx_word' id='word_1_112' title='bbox 1433 453 1632 488; x_wconf 77' lang='lat' dir='ltr'><strong>exstingueret.</strong></span> <span class='ocrx_word' id='word_1_113' title='bbox 1645 454 1672 489; x_wconf 43' lang='grc' dir='ltr'><strong>Ο,</strong></span> <span class='ocrx_word' id='word_1_114' title='bbox 1683 455 1789 481; x_wconf 80' lang='lat' dir='ltr'><strong>utinam</strong></span> 
     </span>
    </p>
   </div>
   <div class='ocr_carea' id='block_1_10' title="bbox 175 495 1793 532">
    <p class='ocr_par' dir='ltr' id='par_1_10' title="bbox 175 495 1793 532">
     <span class='ocr_line' id='line_1_10' title="bbox 175 495 1793 532; baseline -0.001 -8"><span class='ocrx_word' id='word_1_115' title='bbox 175 497 217 524; x_wconf 85' lang='lat' dir='ltr'><strong>vel</strong></span> <span class='ocrx_word' id='word_1_116' title='bbox 233 505 295 524; x_wconf 89' lang='lat' dir='ltr'><strong>sero</strong></span> <span class='ocrx_word' id='word_1_117' title='bbox 313 496 433 528; x_wconf 86' lang='lat' dir='ltr'><strong>tandem,</strong></span> <span class='ocrx_word' id='word_1_118' title='bbox 448 495 554 523; x_wconf 86' lang='lat' dir='ltr'><strong>funesta</strong></span> <span class='ocrx_word' id='word_1_119' title='bbox 571 496 639 522; x_wconf 84' lang='lat' dir='ltr'><strong>adeo</strong></span> <span class='ocrx_word' id='word_1_120' title='bbox 657 496 758 530; x_wconf 84' lang='lat' dir='ltr'><strong>imago,</strong></span> <span class='ocrx_word' id='word_1_121' title='bbox 768 500 901 524; x_wconf 82' lang='lat' dir='ltr'><strong>terrorem</strong></span> <span class='ocrx_word' id='word_1_122' title='bbox 918 505 999 532; x_wconf 86' lang='lat' dir='ltr'><strong>quem</strong></span> <span class='ocrx_word' id='word_1_123' title='bbox 1013 501 1053 524; x_wconf 88' lang='lat' dir='ltr'><strong>est</strong></span> <span class='ocrx_word' id='word_1_124' title='bbox 1069 501 1144 528; x_wconf 82' lang='lat' dir='ltr'><strong>nata,</strong></span> <span class='ocrx_word' id='word_1_125' title='bbox 1158 496 1261 522; x_wconf 88' lang='lat' dir='ltr'><strong>nostris</strong></span> <span class='ocrx_word' id='word_1_126' title='bbox 1285 495 1436 530; x_wconf 79' lang='lat' dir='ltr'><strong>imprimat.</strong></span> <span class='ocrx_word' id='word_1_127' title='bbox 1457 495 1628 529; x_wconf 81' lang='lat' dir='ltr'><strong>multamque</strong></span> <span class='ocrx_word' id='word_1_128' title='bbox 1644 495 1729 527; x_wconf 89' lang='lat' dir='ltr'><strong>illam,</strong></span> <span class='ocrx_word' id='word_1_129' title='bbox 1745 496 1793 522; x_wconf 82' lang='lat' dir='ltr'><strong>sed</strong></span> 
     </span>
    </p>
   </div>
   <div class='ocr_carea' id='block_1_11' title="bbox 181 104 232 132">
    <p class='ocr_par' dir='ltr' id='par_1_11' title="bbox 181 104 232 132">
     <span class='ocr_line' id='line_1_11' title="bbox 181 104 232 132; baseline 0 0"><span class='ocrx_word' id='word_1_130' title='bbox 181 104 232 132; x_wconf 69' lang='grc' dir='ltr'><strong>ι’ῖι)</strong></span> 
     </span>
    </p>
   </div>
   <div class='ocr_carea' id='block_1_12' title="bbox 175 537 1790 574">
    <p class='ocr_par' dir='ltr' id='par_1_12' title="bbox 175 537 1790 574">
     <span class='ocr_line' id='line_1_12' title="bbox 175 537 1790 574; baseline -0.001 -8"><span class='ocrx_word' id='word_1_131' title='bbox 175 539 324 566; x_wconf 81' lang='lat' dir='ltr'><strong>tardiorem</strong></span> <span class='ocrx_word' id='word_1_132' title='bbox 337 538 364 565; x_wconf 93' lang='lat' dir='ltr'><strong>in</strong></span> <span class='ocrx_word' id='word_1_133' title='bbox 381 538 486 564; x_wconf 86' lang='lat' dir='ltr'><strong>hostem</strong></span> <span class='ocrx_word' id='word_1_134' title='bbox 504 537 628 563; x_wconf 86' lang='lat' dir='ltr'><strong>nonnihil</strong></span> <span class='ocrx_word' id='word_1_135' title='bbox 642 537 777 564; x_wconf 85' lang='lat' dir='ltr'><strong>hactenus</strong></span> <span class='ocrx_word' id='word_1_136' title='bbox 794 539 983 573; x_wconf 87' lang='lat' dir='ltr'><strong>remotiorem,</strong></span> <span class='ocrx_word' id='word_1_137' title='bbox 999 548 1094 568; x_wconf 86' lang='lat' dir='ltr'><strong>eorum</strong></span> <span class='ocrx_word' id='word_1_138' title='bbox 1109 540 1239 570; x_wconf 75' lang='lat' dir='ltr'><strong>virtutem</strong></span> <span class='ocrx_word' id='word_1_139' title='bbox 1255 539 1402 574; x_wconf 83' lang='lat' dir='ltr'><strong>provocet!</strong></span> <span class='ocrx_word' id='word_1_140' title='bbox 1423 538 1479 566; x_wconf 89' lang='lat' dir='ltr'><strong>Hoc</strong></span> <span class='ocrx_word' id='word_1_141' title='bbox 1495 539 1555 570; x_wconf 88' lang='lat' dir='ltr'><strong>tibi,</strong></span> <span class='ocrx_word' id='word_1_142' title='bbox 1572 538 1674 571; x_wconf 86' lang='lat' dir='ltr'><strong>Gallia,</strong></span> <span class='ocrx_word' id='word_1_143' title='bbox 1701 538 1790 565; x_wconf 85' lang='lat' dir='ltr'><strong>Ludo-</strong></span> 
     </span>
    </p>
   </div>
   <div class='ocr_carea' id='block_1_13' title="bbox 174 580 1791 617">
    <p class='ocr_par' dir='ltr' id='par_1_13' title="bbox 174 580 1791 617">
     <span class='ocr_line' id='line_1_13' title="bbox 174 580 1791 617; baseline -0.001 -8"><span class='ocrx_word' id='word_1_144' title='bbox 174 583 226 609; x_wconf 77' lang='lat' dir='ltr'><strong>vici</strong></span> <span class='ocrx_word' id='word_1_145' title='bbox 245 581 315 608; x_wconf 85' lang='lat' dir='ltr'><strong>Justi</strong></span> <span class='ocrx_word' id='word_1_146' title='bbox 328 589 360 608; x_wconf 87' lang='lat' dir='ltr'><strong>ac</strong></span> <span class='ocrx_word' id='word_1_147' title='bbox 376 580 510 608; x_wconf 80' lang='lat' dir='ltr'><strong>Adeodali</strong></span> <span class='ocrx_word' id='word_1_148' title='bbox 528 581 567 606; x_wconf 91' lang='lat' dir='ltr'><strong>tui</strong></span> <span class='ocrx_word' id='word_1_149' title='bbox 582 581 725 615; x_wconf 82' lang='lat' dir='ltr'><strong>auspiciis,</strong></span> <span class='ocrx_word' id='word_1_150' title='bbox 740 581 835 617; x_wconf 65' lang='lat' dir='ltr'><strong>glorias</strong></span> <span class='ocrx_word' id='word_1_151' title='bbox 851 584 935 611; x_wconf 85' lang='lat' dir='ltr'><strong>tantis</strong></span> <span class='ocrx_word' id='word_1_152' title='bbox 947 583 1077 613; x_wconf 87' lang='lat' dir='ltr'><strong>ctlmulis,</strong></span> <span class='ocrx_word' id='word_1_153' title='bbox 1095 587 1230 616; x_wconf 84' lang='lat' dir='ltr'><strong>tantaque</strong></span> <span class='ocrx_word' id='word_1_154' title='bbox 1245 580 1353 614; x_wconf 88' lang='lat' dir='ltr'><strong>imperii</strong></span> <span class='ocrx_word' id='word_1_155' title='bbox 1383 580 1546 614; x_wconf 78' lang='lat' dir='ltr'><strong>prolatimie,</strong></span> <span class='ocrx_word' id='word_1_156' title='bbox 1577 580 1672 607; x_wconf 87' lang='lat' dir='ltr'><strong>divina</strong></span> <span class='ocrx_word' id='word_1_157' title='bbox 1699 581 1791 607; x_wconf 84' lang='lat' dir='ltr'><strong>virtus</strong></span> 
     </span>
    </p>
   </div>
   <div class='ocr_carea' id='block_1_14' title="bbox 173 622 1791 659">
    <p class='ocr_par' dir='ltr' id='par_1_14' title="bbox 173 622 1791 659">
     <span class='ocr_line' id='line_1_14' title="bbox 173 622 1791 659; baseline 0 -8"><span class='ocrx_word' id='word_1_158' title='bbox 173 623 344 659; x_wconf 77' lang='lat' dir='ltr'><strong>pugnaverit,</strong></span> <span class='ocrx_word' id='word_1_159' title='bbox 361 627 526 657; x_wconf 78' lang='lat' dir='ltr'><strong>pugnetque,</strong></span> <span class='ocrx_word' id='word_1_160' title='bbox 542 629 596 655; x_wconf 88' lang='lat' dir='ltr'><strong>quo</strong></span> <span class='ocrx_word' id='word_1_161' title='bbox 609 622 666 656; x_wconf 84' lang='lat' dir='ltr'><strong>ipsa</strong></span> <span class='ocrx_word' id='word_1_162' title='bbox 683 622 793 654; x_wconf 87' lang='lat' dir='ltr'><strong>iterum,</strong></span> <span class='ocrx_word' id='word_1_163' title='bbox 808 624 834 651; x_wconf 91' lang='lat' dir='ltr'><strong>in</strong></span> <span class='ocrx_word' id='word_1_164' title='bbox 851 625 973 658; x_wconf 87' lang='lat' dir='ltr'><strong>ejusdem</strong></span> <span class='ocrx_word' id='word_1_165' title='bbox 991 635 1024 655; x_wconf 84' lang='lat' dir='ltr'><strong>ac</strong></span> <span class='ocrx_word' id='word_1_166' title='bbox 1048 626 1199 654; x_wconf 83' lang='lat' dir='ltr'><strong>Christiani</strong></span> <span class='ocrx_word' id='word_1_167' title='bbox 1214 625 1332 652; x_wconf 89' lang='lat' dir='ltr'><strong>nominis</strong></span> <span class='ocrx_word' id='word_1_168' title='bbox 1348 625 1439 651; x_wconf 78' lang='lat' dir='ltr'><strong>hostes</strong></span> <span class='ocrx_word' id='word_1_169' title='bbox 1457 624 1528 656; x_wconf 86' lang='lat' dir='ltr'><strong>illos,</strong></span> <span class='ocrx_word' id='word_1_170' title='bbox 1545 629 1589 650; x_wconf 90' lang='lat' dir='ltr'><strong>tua</strong></span> <span class='ocrx_word' id='word_1_171' title='bbox 1604 624 1647 650; x_wconf 90' lang='lat' dir='ltr'><strong>illa</strong></span> <span class='ocrx_word' id='word_1_172' title='bbox 1668 625 1791 651; x_wconf 83' lang='lat' dir='ltr'><strong>victricia</strong></span> 
     </span>
    </p>
   </div>
   <div class='ocr_carea' id='block_1_15' title="bbox 173 664 1794 704">
    <p class='ocr_par' dir='ltr' id='par_1_15' title="bbox 173 664 1794 704">
     <span class='ocr_line' id='line_1_15' title="bbox 173 664 1794 704; baseline -0.002 -9"><span class='ocrx_word' id='word_1_173' title='bbox 173 669 262 702; x_wconf 81' lang='lat' dir='ltr'><strong>signa,</strong></span> <span class='ocrx_word' id='word_1_174' title='bbox 277 666 391 694; x_wconf 89' lang='lat' dir='ltr'><strong>inferas.</strong></span> <span class='ocrx_word' id='word_1_175' title='bbox 409 664 446 693; x_wconf 85' lang='lat' dir='ltr'><strong>Ut</strong></span> <span class='ocrx_word' id='word_1_176' title='bbox 461 666 512 693; x_wconf 85' lang='lat' dir='ltr'><strong>sub</strong></span> <span class='ocrx_word' id='word_1_177' title='bbox 527 665 661 697; x_wconf 87' lang='lat' dir='ltr'><strong>lllanuele,</strong></span> <span class='ocrx_word' id='word_1_178' title='bbox 680 673 713 693; x_wconf 89' lang='lat' dir='ltr'><strong>ac</strong></span> <span class='ocrx_word' id='word_1_179' title='bbox 729 673 762 693; x_wconf 90' lang='lat' dir='ltr'><strong>eo</strong></span> <span class='ocrx_word' id='word_1_180' title='bbox 776 668 825 694; x_wconf 85' lang='lat' dir='ltr'><strong>abs</strong></span> <span class='ocrx_word' id='word_1_181' title='bbox 838 674 865 695; x_wconf 87' lang='lat' dir='ltr'><strong>te</strong></span> <span class='ocrx_word' id='word_1_182' title='bbox 877 675 993 704; x_wconf 80' lang='lat' dir='ltr'><strong>rogante</strong></span> <span class='ocrx_word' id='word_1_183' title='bbox 1016 669 1161 700; x_wconf 75' lang='lat' dir='ltr'><strong>auxilium,</strong></span> <span class='ocrx_word' id='word_1_184' title='bbox 1177 668 1217 695; x_wconf 90' lang='lat' dir='ltr'><strong>sic</strong></span> <span class='ocrx_word' id='word_1_185' title='bbox 1235 667 1388 698; x_wconf 79' lang='lat' dir='ltr'><strong>habuisses,</strong></span> <span class='ocrx_word' id='word_1_186' title='bbox 1405 673 1508 701; x_wconf 79' lang='lat' dir='ltr'><strong>parque</strong></span> <span class='ocrx_word' id='word_1_187' title='bbox 1525 666 1590 692; x_wconf 89' lang='lat' dir='ltr'><strong>illud</strong></span> <span class='ocrx_word' id='word_1_188' title='bbox 1608 670 1683 692; x_wconf 89' lang='lat' dir='ltr'><strong>tuum</strong></span> <span class='ocrx_word' id='word_1_189' title='bbox 1698 674 1712 692; x_wconf 87' lang='lat' dir='ltr'><strong>a</strong></span> <span class='ocrx_word' id='word_1_190' title='bbox 1738 667 1794 693; x_wconf 81' lang='lat' dir='ltr'><strong>Deo</strong></span> 
     </span>
    </p>
   </div>
   <div class='ocr_carea' id='block_1_16' title="bbox 172 707 1791 747">
    <p class='ocr_par' dir='ltr' id='par_1_16' title="bbox 172 707 1791 747">
     <span class='ocr_line' id='line_1_16' title="bbox 172 707 1791 747; baseline -0.002 -11"><span class='ocrx_word' id='word_1_191' title='bbox 172 711 297 737; x_wconf 88' lang='lat' dir='ltr'><strong>datorum</strong></span> <span class='ocrx_word' id='word_1_192' title='bbox 309 715 341 735; x_wconf 87' lang='lat' dir='ltr'><strong>ac</strong></span> <span class='ocrx_word' id='word_1_193' title='bbox 351 712 576 735; x_wconf 87' lang='lat' dir='ltr'><strong>conservatorum</strong></span> <span class='ocrx_word' id='word_1_194' title='bbox 590 707 716 741; x_wconf 79' lang='lat' dir='ltr'><strong>fratrum,</strong></span> <span class='ocrx_word' id='word_1_195' title='bbox 731 707 769 735; x_wconf 92' lang='lat' dir='ltr'><strong>uti</strong></span> <span class='ocrx_word' id='word_1_196' title='bbox 783 710 863 736; x_wconf 92' lang='lat' dir='ltr'><strong>modo</strong></span> <span class='ocrx_word' id='word_1_197' title='bbox 873 711 921 738; x_wconf 88' lang='lat' dir='ltr'><strong>tibi</strong></span> <span class='ocrx_word' id='word_1_198' title='bbox 939 714 1126 747; x_wconf 64' lang='lat' dir='ltr'><strong>praemisisset,</strong></span> <span class='ocrx_word' id='word_1_199' title='bbox 1145 713 1256 740; x_wconf 84' lang='lat' dir='ltr'><strong>haberet</strong></span> <span class='ocrx_word' id='word_1_200' title='bbox 1271 712 1343 739; x_wconf 85' lang='lat' dir='ltr'><strong>forte</strong></span> <span class='ocrx_word' id='word_1_201' title='bbox 1358 719 1423 738; x_wconf 85' lang='lat' dir='ltr'><strong>suos</strong></span> <span class='ocrx_word' id='word_1_202' title='bbox 1443 711 1534 737; x_wconf 84' lang='lat' dir='ltr'><strong>adhuc</strong></span> <span class='ocrx_word' id='word_1_203' title='bbox 1549 710 1654 738; x_wconf 64' lang='lat' dir='ltr'><strong>Graecia</strong></span> <span class='ocrx_word' id='word_1_204' title='bbox 1672 711 1791 745; x_wconf 75' lang='lat' dir='ltr'><strong>impera-</strong></span> 
     </span>
    </p>
   </div>
   <div class='ocr_carea' id='block_1_17' title="bbox 173 751 1794 789">
    <p class='ocr_par' dir='ltr' id='par_1_17' title="bbox 173 751 1794 789">
     <span class='ocr_line' id='line_1_17' title="bbox 173 751 1794 789; baseline -0.001 -9"><span class='ocrx_word' id='word_1_205' title='bbox 173 758 257 784; x_wconf 88' lang='lat' dir='ltr'><strong>tores,</strong></span> <span class='ocrx_word' id='word_1_206' title='bbox 275 752 400 784; x_wconf 72' lang='lat' dir='ltr'><strong>lunaeque</strong></span> <span class='ocrx_word' id='word_1_207' title='bbox 414 751 459 777; x_wconf 88' lang='lat' dir='ltr'><strong>illa</strong></span> <span class='ocrx_word' id='word_1_208' title='bbox 475 758 591 782; x_wconf 87' lang='lat' dir='ltr'><strong>cornua,</strong></span> <span class='ocrx_word' id='word_1_209' title='bbox 609 751 703 778; x_wconf 62' lang='lat' dir='ltr'><strong>bestiae</strong></span> <span class='ocrx_word' id='word_1_210' title='bbox 717 752 847 780; x_wconf 82' lang='lat' dir='ltr'><strong>domitrix</strong></span> <span class='ocrx_word' id='word_1_211' title='bbox 859 757 1052 786; x_wconf 87' lang='lat' dir='ltr'><strong>contrivisses.</strong></span> <span class='ocrx_word' id='word_1_212' title='bbox 1075 755 1156 782; x_wconf 76' lang='lat' dir='ltr'><strong>Nunc</strong></span> <span class='ocrx_word' id='word_1_213' title='bbox 1170 755 1263 789; x_wconf 84' lang='lat' dir='ltr'><strong>itaque</strong></span> <span class='ocrx_word' id='word_1_214' title='bbox 1284 752 1376 780; x_wconf 86' lang='lat' dir='ltr'><strong>fauste</strong></span> <span class='ocrx_word' id='word_1_215' title='bbox 1401 757 1538 785; x_wconf 86' lang='lat' dir='ltr'><strong>conteras,</strong></span> <span class='ocrx_word' id='word_1_216' title='bbox 1554 752 1708 787; x_wconf 84' lang='lat' dir='ltr'><strong>majorique</strong></span> <span class='ocrx_word' id='word_1_217' title='bbox 1734 753 1794 788; x_wconf 75' lang='lat' dir='ltr'><strong>glo-</strong></span> 
     </span>
    </p>
   </div>
   <div class='ocr_carea' id='block_1_18' title="bbox 175 791 1184 831">
    <p class='ocr_par' dir='ltr' id='par_1_18' title="bbox 175 791 1184 831">
     <span class='ocr_line' id='line_1_18' title="bbox 175 791 1184 831; baseline 0 -9"><span class='ocrx_word' id='word_1_218' title='bbox 175 796 213 822; x_wconf 85' lang='lat' dir='ltr'><strong>ria</strong></span> <span class='ocrx_word' id='word_1_219' title='bbox 231 794 368 821; x_wconf 89' lang='lat' dir='ltr'><strong>instaures</strong></span> <span class='ocrx_word' id='word_1_220' title='bbox 385 791 536 827; x_wconf 80' lang='lat' dir='ltr'><strong>deperdita,</strong></span> <span class='ocrx_word' id='word_1_221' title='bbox 552 799 634 826; x_wconf 90' lang='lat' dir='ltr'><strong>quam</strong></span> <span class='ocrx_word' id='word_1_222' title='bbox 651 801 714 820; x_wconf 80' lang='lat' dir='ltr'><strong>cras</strong></span> <span class='ocrx_word' id='word_1_223' title='bbox 728 795 897 828; x_wconf 84' lang='lat' dir='ltr'><strong>sospiratura</strong></span> <span class='ocrx_word' id='word_1_224' title='bbox 914 798 1047 826; x_wconf 85' lang='lat' dir='ltr'><strong>hactenus</strong></span> <span class='ocrx_word' id='word_1_225' title='bbox 1066 797 1184 831; x_wconf 79' lang='lat' dir='ltr'><strong>integra.</strong></span> 
     </span>
    </p>
   </div>
   <div class='ocr_carea' id='block_1_19' title="bbox 210 833 1786 870">
    <p class='ocr_par' dir='ltr' id='par_1_19' title="bbox 210 833 1786 870">
     <span class='ocr_line' id='line_1_19' title="bbox 210 833 1786 870; baseline -0.001 -7"><span class='ocrx_word' id='word_1_226' title='bbox 210 835 297 869; x_wconf 82' lang='lat' dir='ltr'><strong>llujus</strong></span> <span class='ocrx_word' id='word_1_227' title='bbox 310 835 337 861; x_wconf 92' lang='lat' dir='ltr'><strong>in</strong></span> <span class='ocrx_word' id='word_1_228' title='bbox 352 833 542 868; x_wconf 85' lang='lat' dir='ltr'><strong>Peloponneso</strong></span> <span class='ocrx_word' id='word_1_229' title='bbox 558 842 572 860; x_wconf 88' lang='lat' dir='ltr'><strong>a</strong></span> <span class='ocrx_word' id='word_1_230' title='bbox 588 833 710 861; x_wconf 84' lang='lat' dir='ltr'><strong>Manuele</strong></span> <span class='ocrx_word' id='word_1_231' title='bbox 725 834 823 862; x_wconf 73' lang='lat' dir='ltr'><strong>habitae</strong></span> <span class='ocrx_word' id='word_1_232' title='bbox 837 836 960 866; x_wconf 82' lang='lat' dir='ltr'><strong>funebris</strong></span> <span class='ocrx_word' id='word_1_233' title='bbox 974 838 1119 870; x_wconf 83' lang='lat' dir='ltr'><strong>orationis,</strong></span> <span class='ocrx_word' id='word_1_234' title='bbox 1133 837 1178 864; x_wconf 90' lang='lat' dir='ltr'><strong>ubi</strong></span> <span class='ocrx_word' id='word_1_235' title='bbox 1192 835 1226 863; x_wconf 84' lang='lat' dir='ltr'><strong>ad</strong></span> <span class='ocrx_word' id='word_1_236' title='bbox 1251 834 1469 863; x_wconf 85' lang='lat' dir='ltr'><strong>confirmandum</strong></span> <span class='ocrx_word' id='word_1_237' title='bbox 1505 833 1649 861; x_wconf 79' lang='lat' dir='ltr'><strong>Theodoro</strong></span> <span class='ocrx_word' id='word_1_238' title='bbox 1679 833 1786 867; x_wconf 77' lang='lat' dir='ltr'><strong>iuniori</strong></span> 
     </span>
    </p>
   </div>
   <div class='ocr_carea' id='block_1_20' title="bbox 173 874 1790 913">
    <p class='ocr_par' dir='ltr' id='par_1_20' title="bbox 173 874 1790 913">
     <span class='ocr_line' id='line_1_20' title="bbox 173 874 1790 913; baseline -0.002 -7"><span class='ocrx_word' id='word_1_239' title='bbox 173 878 317 913; x_wconf 88' lang='lat' dir='ltr'><strong>imperium</strong></span> <span class='ocrx_word' id='word_1_240' title='bbox 332 883 346 903; x_wconf 87' lang='lat' dir='ltr'><strong>a</strong></span> <span class='ocrx_word' id='word_1_241' title='bbox 361 876 475 902; x_wconf 85' lang='lat' dir='ltr'><strong>decessu</strong></span> <span class='ocrx_word' id='word_1_242' title='bbox 496 875 585 909; x_wconf 79' lang='lat' dir='ltr'><strong>patrui</strong></span> <span class='ocrx_word' id='word_1_243' title='bbox 604 883 637 902; x_wconf 90' lang='lat' dir='ltr'><strong>eo</strong></span> <span class='ocrx_word' id='word_1_244' title='bbox 652 878 846 909; x_wconf 83' lang='lat' dir='ltr'><strong>concessisset,</strong></span> <span class='ocrx_word' id='word_1_245' title='bbox 862 879 888 906; x_wconf 91' lang='lat' dir='ltr'><strong>in</strong></span> <span class='ocrx_word' id='word_1_246' title='bbox 902 874 959 907; x_wconf 67' lang='lat' dir='ltr'><strong>[nec</strong></span> <span class='ocrx_word' id='word_1_247' title='bbox 977 880 1059 906; x_wconf 85' lang='lat' dir='ltr'><strong>verba</strong></span> <span class='ocrx_word' id='word_1_248' title='bbox 1073 877 1199 905; x_wconf 87' lang='lat' dir='ltr'><strong>meminit</strong></span> <span class='ocrx_word' id='word_1_249' title='bbox 1229 876 1365 903; x_wconf 88' lang='lat' dir='ltr'><strong>Laonicus</strong></span> <span class='ocrx_word' id='word_1_250' title='bbox 1378 876 1506 902; x_wconf 68' lang='lat' dir='ltr'><strong>Historia:</strong></span> <span class='ocrx_word' id='word_1_251' title='bbox 1532 874 1652 902; x_wconf 74' lang='lat' dir='ltr'><strong>Turcicw</strong></span> <span class='ocrx_word' id='word_1_252' title='bbox 1677 875 1727 902; x_wconf 91' lang='lat' dir='ltr'><strong>lib.</strong></span> <span class='ocrx_word' id='word_1_253' title='bbox 1741 883 1768 902; x_wconf 86' lang='lat' dir='ltr'><strong>IV</strong></span> <span class='ocrx_word' id='word_1_254' title='bbox 1783 883 1790 902; x_wconf 88' lang='lat'><strong>:</strong></span> 
     </span>
    </p>
   </div>
   <div class='ocr_carea' id='block_1_21' title="bbox 179 916 1793 956">
    <p class='ocr_par' dir='ltr' id='par_1_21' title="bbox 179 916 1793 956">
     <span class='ocr_line' id='line_1_21' title="bbox 179 916 1793 956; baseline -0.002 -10"><span class='ocrx_word' id='word_1_255' title='bbox 179 920 322 952; x_wconf 79' lang='grc' dir='ltr'><strong>Ἐπάνειμι</strong></span> <span class='ocrx_word' id='word_1_256' title='bbox 337 917 383 942; x_wconf 67' lang='grc' dir='ltr'><strong>ἐπὶ</strong></span> <span class='ocrx_word' id='word_1_257' title='bbox 403 917 553 951; x_wconf 78' lang='grc' dir='ltr'>Θεόδωρον,</span> <span class='ocrx_word' id='word_1_258' title='bbox 571 916 617 942; x_wconf 84' lang='grc' dir='ltr'>τὸν</span> <span class='ocrx_word' id='word_1_259' title='bbox 635 916 770 950; x_wconf 76' lang='grc' dir='ltr'><strong>βασιλέως</strong></span> <span class='ocrx_word' id='word_1_260' title='bbox 785 919 878 951; x_wconf 65' lang='grc' dir='ltr'>παῖδα,</span> <span class='ocrx_word' id='word_1_261' title='bbox 907 921 1032 956; x_wconf 75' lang='grc' dir='ltr'><strong>ἡγεμόνα</strong></span> <span class='ocrx_word' id='word_1_262' title='bbox 1045 920 1174 954; x_wconf 69' lang='grc' dir='ltr'>Σπάρτης</span> <span class='ocrx_word' id='word_1_263' title='bbox 1198 925 1228 943; x_wconf 82' lang='grc' dir='ltr'>τε</span> <span class='ocrx_word' id='word_1_264' title='bbox 1249 917 1360 951; x_wconf 81' lang='grc' dir='ltr'>καὶτῆς</span> <span class='ocrx_word' id='word_1_265' title='bbox 1371 917 1455 951; x_wconf 82' lang='grc' dir='ltr'>ἄλλης</span> <span class='ocrx_word' id='word_1_266' title='bbox 1471 916 1686 951; x_wconf 78' lang='grc' dir='ltr'><strong>Πελοποννήσου,</strong></span> <span class='ocrx_word' id='word_1_267' title='bbox 1703 916 1731 947; x_wconf 81' lang='grc' dir='ltr'>ὃς</span> <span class='ocrx_word' id='word_1_268' title='bbox 1740 916 1793 942; x_wconf 74' lang='grc' dir='ltr'><strong>ὑπὸ</strong></span> 
     </span>
    </p>
   </div>
   <div class='ocr_carea' id='block_1_22' title="bbox 173 958 1792 996">
    <p class='ocr_par' dir='ltr' id='par_1_22' title="bbox 173 958 1792 996">
     <span class='ocr_line' id='line_1_22' title="bbox 173 958 1792 996; baseline -0.002 -8"><span class='ocrx_word' id='word_1_269' title='bbox 173 959 313 995; x_wconf 84' lang='grc' dir='ltr'><strong>Θεοδώρου</strong></span> <span class='ocrx_word' id='word_1_270' title='bbox 331 959 379 985; x_wconf 80' lang='grc' dir='ltr'>τοῦ</span> <span class='ocrx_word' id='word_1_271' title='bbox 395 958 521 993; x_wconf 74' lang='grc' dir='ltr'>πιτρὼου</span> <span class='ocrx_word' id='word_1_272' title='bbox 540 959 712 994; x_wconf 78' lang='grc' dir='ltr'><strong>ὲξετρέφετο,</strong></span> <span class='ocrx_word' id='word_1_273' title='bbox 726 959 784 994; x_wconf 69' lang='grc' dir='ltr'><strong>ἅμα</strong></span> <span class='ocrx_word' id='word_1_274' title='bbox 807 961 855 987; x_wconf 73' lang='grc' dir='ltr'><strong>καὶ</strong></span> <span class='ocrx_word' id='word_1_275' title='bbox 870 961 1029 996; x_wconf 69' lang='grc' dir='ltr'><strong>ἐπαιδεύθη.</strong></span> <span class='ocrx_word' id='word_1_276' title='bbox 1046 961 1123 987; x_wconf 78' lang='grc' dir='ltr'>Μετὰ</span> <span class='ocrx_word' id='word_1_277' title='bbox 1131 960 1160 986; x_wconf 80' lang='grc' dir='ltr'><strong>δὲ</strong></span> <span class='ocrx_word' id='word_1_278' title='bbox 1171 959 1269 990; x_wconf 79' lang='grc' dir='ltr'>ταῦτα,</span> <span class='ocrx_word' id='word_1_279' title='bbox 1290 958 1456 993; x_wconf 78' lang='grc' dir='ltr'><strong>κατελείφθη</strong></span> <span class='ocrx_word' id='word_1_280' title='bbox 1473 959 1500 989; x_wconf 74' lang='grc' dir='ltr'>ἐς</span> <span class='ocrx_word' id='word_1_281' title='bbox 1514 959 1565 994; x_wconf 85' lang='grc' dir='ltr'>τὴν</span> <span class='ocrx_word' id='word_1_282' title='bbox 1591 959 1679 993; x_wconf 81' lang='grc' dir='ltr'>ἀρχὴν</span> <span class='ocrx_word' id='word_1_283' title='bbox 1710 959 1792 985; x_wconf 75' lang='grc' dir='ltr'>αὑτοῦ</span> 
     </span>
    </p>
   </div>
   <div class='ocr_carea' id='block_1_23' title="bbox 173 1000 1791 1038">
    <p class='ocr_par' dir='ltr' id='par_1_23' title="bbox 173 1000 1791 1038">
     <span class='ocr_line' id='line_1_23' title="bbox 173 1000 1791 1038; baseline -0.002 -9"><span class='ocrx_word' id='word_1_284' title='bbox 173 1001 295 1038; x_wconf 80' lang='grc' dir='ltr'><strong>ἡγεμών.</strong></span> <span class='ocrx_word' id='word_1_285' title='bbox 313 1001 356 1032; x_wconf 84' lang='grc' dir='ltr'><strong>Ἐς</strong></span> <span class='ocrx_word' id='word_1_286' title='bbox 369 1000 449 1026; x_wconf 65' lang='grc' dir='ltr'>τοῦτο</span> <span class='ocrx_word' id='word_1_287' title='bbox 466 1000 494 1026; x_wconf 76' lang='grc' dir='ltr'><strong>δὲ</strong></span> <span class='ocrx_word' id='word_1_288' title='bbox 512 1000 703 1034; x_wconf 67' lang='grc' dir='ltr'>ὰφικόμενοςό</span> <span class='ocrx_word' id='word_1_289' title='bbox 720 1002 814 1036; x_wconf 78' lang='grc' dir='ltr'>πατὴρ</span> <span class='ocrx_word' id='word_1_290' title='bbox 829 1002 911 1028; x_wconf 72' lang='grc' dir='ltr'>αὑτοῦ</span> <span class='ocrx_word' id='word_1_291' title='bbox 936 1002 1112 1038; x_wconf 83' lang='grc' dir='ltr'>Ἐμμανουὴλ</span> <span class='ocrx_word' id='word_1_292' title='bbox 1124 1003 1138 1028; x_wconf 87' lang='grc' dir='ltr'>ὁ</span> <span class='ocrx_word' id='word_1_293' title='bbox 1158 1001 1306 1033; x_wconf 80' lang='grc' dir='ltr'>Βυζαντίου</span> <span class='ocrx_word' id='word_1_294' title='bbox 1328 1000 1467 1036; x_wconf 76' lang='grc' dir='ltr'><strong>βασιλεὺς,</strong></span> <span class='ocrx_word' id='word_1_295' title='bbox 1484 1001 1531 1027; x_wconf 83' lang='grc' dir='ltr'><strong>τόν</strong></span> <span class='ocrx_word' id='word_1_296' title='bbox 1549 1009 1579 1027; x_wconf 88' lang='grc' dir='ltr'>τε</span> <span class='ocrx_word' id='word_1_297' title='bbox 1598 1001 1682 1027; x_wconf 76' lang='grc' dir='ltr'>παῖδα</span> <span class='ocrx_word' id='word_1_298' title='bbox 1711 1000 1791 1026; x_wconf 79' lang='grc' dir='ltr'>καθί-</span> 
     </span>
    </p>
   </div>
   <div class='ocr_carea' id='block_1_24' title="bbox 174 1041 1792 1080">
    <p class='ocr_par' dir='ltr' id='par_1_24' title="bbox 174 1041 1792 1080">
     <span class='ocr_line' id='line_1_24' title="bbox 174 1041 1792 1080; baseline -0.001 -10"><span class='ocrx_word' id='word_1_299' title='bbox 174 1053 224 1079; x_wconf 85' lang='grc' dir='ltr'><strong>στη</strong></span> <span class='ocrx_word' id='word_1_300' title='bbox 244 1045 272 1075; x_wconf 78' lang='grc' dir='ltr'>ὲς</span> <span class='ocrx_word' id='word_1_301' title='bbox 291 1042 339 1078; x_wconf 83' lang='grc' dir='ltr'>τὴν</span> <span class='ocrx_word' id='word_1_302' title='bbox 355 1043 453 1077; x_wconf 51' lang='grc' dir='ltr'>ἀρχὴν.</span> <span class='ocrx_word' id='word_1_303' title='bbox 465 1042 511 1068; x_wconf 81' lang='grc' dir='ltr'><strong>καὶ</strong></span> <span class='ocrx_word' id='word_1_304' title='bbox 521 1042 566 1068; x_wconf 82' lang='grc' dir='ltr'><strong>ἐπὶ</strong></span> <span class='ocrx_word' id='word_1_305' title='bbox 585 1041 622 1076; x_wconf 76' lang='grc' dir='ltr'>τῷ</span> <span class='ocrx_word' id='word_1_306' title='bbox 633 1042 741 1076; x_wconf 79' lang='grc' dir='ltr'><strong>ἀδελφῷ</strong></span> <span class='ocrx_word' id='word_1_307' title='bbox 756 1043 806 1078; x_wconf 76' lang='grc' dir='ltr'><strong>ἢδη</strong></span> <span class='ocrx_word' id='word_1_308' title='bbox 817 1044 1023 1080; x_wconf 77' lang='grc' dir='ltr'><strong>τετελευτηκότι</strong></span> <span class='ocrx_word' id='word_1_309' title='bbox 1043 1045 1123 1078; x_wconf 81' lang='grc' dir='ltr'>λόγον</span> <span class='ocrx_word' id='word_1_310' title='bbox 1141 1044 1297 1078; x_wconf 76' lang='grc' dir='ltr'>ἐπιτήδειον</span> <span class='ocrx_word' id='word_1_311' title='bbox 1325 1042 1517 1077; x_wconf 81' lang='grc' dir='ltr'><strong>ὲξετραγῴδει,</strong></span> <span class='ocrx_word' id='word_1_312' title='bbox 1543 1042 1652 1074; x_wconf 81' lang='grc' dir='ltr'>διεξιὼν</span> <span class='ocrx_word' id='word_1_313' title='bbox 1680 1042 1728 1068; x_wconf 70' lang='grc' dir='ltr'><strong>ἐπὶ</strong></span> <span class='ocrx_word' id='word_1_314' title='bbox 1751 1042 1792 1077; x_wconf 84' lang='grc' dir='ltr'>τῷ</span> 
     </span>
    </p>
   </div>
   <div class='ocr_carea' id='block_1_25' title="bbox 171 1083 957 1122">
    <p class='ocr_par' dir='ltr' id='par_1_25' title="bbox 171 1083 957 1122">
     <span class='ocr_line' id='line_1_25' title="bbox 171 1083 957 1122; baseline -0.001 -8"><span class='ocrx_word' id='word_1_315' title='bbox 171 1087 249 1122; x_wconf 73' lang='grc' dir='ltr'><strong>τάφῳ</strong></span> <span class='ocrx_word' id='word_1_316' title='bbox 263 1084 357 1118; x_wconf 77' lang='grc' dir='ltr'>αὑτοῦ,</span> <span class='ocrx_word' id='word_1_317' title='bbox 372 1084 615 1120; x_wconf 81' lang='grc' dir='ltr'>ἀπολοφυρόμενός</span> <span class='ocrx_word' id='word_1_318' title='bbox 629 1092 658 1110; x_wconf 81' lang='grc' dir='ltr'>τε</span> <span class='ocrx_word' id='word_1_319' title='bbox 671 1083 730 1118; x_wconf 79' lang='grc' dir='ltr'><strong>ἅμα</strong></span> <span class='ocrx_word' id='word_1_320' title='bbox 742 1084 788 1110; x_wconf 76' lang='grc' dir='ltr'>τὸν</span> <span class='ocrx_word' id='word_1_321' title='bbox 812 1085 957 1120; x_wconf 69' lang='grc' dir='ltr'>ἐπιτήδειοι</span> 
     </span>
    </p>
   </div>
   <div class='ocr_carea' id='block_1_26' title="bbox 1010 1083 1791 1122">
    <p class='ocr_par' dir='ltr' id='par_1_26' title="bbox 1012 1083 1791 1120">
     <span class='ocr_line' id='line_1_26' title="bbox 1012 1083 1791 1120; baseline -0.004 -8"><span class='ocrx_word' id='word_1_322' title='bbox 1012 1086 1093 1120; x_wconf 83' lang='grc' dir='ltr'>ελφόν</span> <span class='ocrx_word' id='word_1_323' title='bbox 1104 1092 1112 1100; x_wconf 90' lang='grc'><strong>·</strong></span> <span class='ocrx_word' id='word_1_324' title='bbox 1130 1084 1215 1112; x_wconf 88' lang='lat' dir='ltr'><strong>Porro</strong></span> <span class='ocrx_word' id='word_1_325' title='bbox 1232 1085 1310 1111; x_wconf 80' lang='lat' dir='ltr'><strong>redeo</strong></span> <span class='ocrx_word' id='word_1_326' title='bbox 1326 1084 1361 1110; x_wconf 85' lang='lat' dir='ltr'><strong>ad</strong></span> <span class='ocrx_word' id='word_1_327' title='bbox 1378 1083 1546 1110; x_wconf 79' lang='lat' dir='ltr'><strong>Theodorum</strong></span> <span class='ocrx_word' id='word_1_328' title='bbox 1561 1083 1730 1117; x_wconf 72' lang='lat' dir='ltr'><strong>imperatoris</strong></span> <span class='ocrx_word' id='word_1_329' title='bbox 1757 1084 1791 1117; x_wconf 82' lang='lat' dir='ltr'><strong>[i-</strong></span> 
     </span>
    </p>
   </div>
   <div class='ocr_carea' id='block_1_27' title="bbox 173 1125 1792 1162">
    <p class='ocr_par' dir='ltr' id='par_1_27' title="bbox 173 1125 1792 1162">
     <span class='ocr_line' id='line_1_27' title="bbox 173 1125 1792 1162; baseline -0.001 -7"><span class='ocrx_word' id='word_1_330' title='bbox 173 1130 248 1161; x_wconf 83' lang='lat' dir='ltr'><strong>lium,</strong></span> <span class='ocrx_word' id='word_1_331' title='bbox 267 1128 372 1161; x_wconf 77' lang='lat' dir='ltr'><strong>Sparta:</strong></span> <span class='ocrx_word' id='word_1_332' title='bbox 385 1134 415 1153; x_wconf 85' lang='lat' dir='ltr'><strong>ac</strong></span> <span class='ocrx_word' id='word_1_333' title='bbox 432 1126 540 1160; x_wconf 73' lang='lat' dir='ltr'><strong>reliquae</strong></span> <span class='ocrx_word' id='word_1_334' title='bbox 564 1125 738 1160; x_wconf 71' lang='lat' dir='ltr'><strong>Peloponnesi</strong></span> <span class='ocrx_word' id='word_1_335' title='bbox 751 1127 905 1161; x_wconf 81' lang='lat' dir='ltr'><strong>principem,</strong></span> <span class='ocrx_word' id='word_1_336' title='bbox 933 1128 978 1162; x_wconf 81' lang='lat' dir='ltr'><strong>qui</strong></span> <span class='ocrx_word' id='word_1_337' title='bbox 993 1136 1009 1154; x_wconf 90' lang='lat' dir='ltr'><strong>a</strong></span> <span class='ocrx_word' id='word_1_338' title='bbox 1029 1127 1163 1154; x_wconf 81' lang='lat' dir='ltr'><strong>Theodoro</strong></span> <span class='ocrx_word' id='word_1_339' title='bbox 1177 1131 1273 1161; x_wconf 80' lang='lat' dir='ltr'><strong>patruo</strong></span> <span class='ocrx_word' id='word_1_340' title='bbox 1289 1127 1428 1157; x_wconf 75' lang='lat' dir='ltr'><strong>educatus,</strong></span> <span class='ocrx_word' id='word_1_341' title='bbox 1441 1134 1471 1152; x_wconf 82' lang='lat' dir='ltr'><strong>ac</strong></span> <span class='ocrx_word' id='word_1_342' title='bbox 1485 1126 1631 1160; x_wconf 70' lang='lat' dir='ltr'><strong>disciplinis</strong></span> <span class='ocrx_word' id='word_1_343' title='bbox 1643 1126 1792 1159; x_wconf 74' lang='lat' dir='ltr'><strong>institutus,</strong></span> 
     </span>
    </p>
   </div>
   <div class='ocr_carea' id='block_1_28' title="bbox 172 1166 1841 1207">
    <p class='ocr_par' dir='ltr' id='par_1_28' title="bbox 172 1166 1841 1207">
     <span class='ocr_line' id='line_1_28' title="bbox 172 1166 1841 1207; baseline -0.002 -10"><span class='ocrx_word' id='word_1_344' title='bbox 172 1171 227 1204; x_wconf 66' lang='lat' dir='ltr'><strong>ejus</strong></span> <span class='ocrx_word' id='word_1_345' title='bbox 250 1174 340 1204; x_wconf 77' lang='lat' dir='ltr'><strong>postea</strong></span> <span class='ocrx_word' id='word_1_346' title='bbox 367 1168 501 1194; x_wconf 81' lang='lat' dir='ltr'><strong>demortui</strong></span> <span class='ocrx_word' id='word_1_347' title='bbox 510 1166 693 1201; x_wconf 76' lang='lat' dir='ltr'><strong>principatum</strong></span> <span class='ocrx_word' id='word_1_348' title='bbox 709 1168 820 1200; x_wconf 78' lang='lat' dir='ltr'><strong>accepit.</strong></span> <span class='ocrx_word' id='word_1_349' title='bbox 836 1167 895 1198; x_wconf 85' lang='lat' dir='ltr'><strong>Qua</strong></span> <span class='ocrx_word' id='word_1_350' title='bbox 908 1168 939 1195; x_wconf 82' lang='lat' dir='ltr'><strong>de</strong></span> <span class='ocrx_word' id='word_1_351' title='bbox 950 1177 977 1196; x_wconf 83' lang='lat' dir='ltr'><strong>re</strong></span> <span class='ocrx_word' id='word_1_352' title='bbox 993 1168 1152 1195; x_wconf 80' lang='lat' dir='ltr'><strong>Emmanuel</strong></span> <span class='ocrx_word' id='word_1_353' title='bbox 1163 1174 1239 1202; x_wconf 69' lang='lat' dir='ltr'><strong>pater</strong></span> <span class='ocrx_word' id='word_1_354' title='bbox 1247 1167 1411 1203; x_wconf 75' lang='lat' dir='ltr'><strong>Byzantinus</strong></span> <span class='ocrx_word' id='word_1_355' title='bbox 1424 1170 1566 1202; x_wconf 83' lang='lat' dir='ltr'><strong>imperator</strong></span> <span class='ocrx_word' id='word_1_356' title='bbox 1580 1167 1791 1202; x_wconf 49' lang='lat' dir='ltr'><strong>Peloponnesum</strong></span> <span class='ocrx_word' id='word_1_357' title='bbox 1836 1201 1841 1207; x_wconf 38' lang='lat'><strong><em>.</em></strong></span> 
     </span>
    </p>
   </div>
   <div class='ocr_carea' id='block_1_29' title="bbox 172 1207 1793 1244">
    <p class='ocr_par' dir='ltr' id='par_1_29' title="bbox 172 1207 1793 1244">
     <span class='ocr_line' id='line_1_29' title="bbox 172 1207 1793 1244; baseline -0.002 -6"><span class='ocrx_word' id='word_1_358' title='bbox 172 1211 278 1238; x_wconf 75' lang='lat' dir='ltr'><strong>veniens</strong></span> <span class='ocrx_word' id='word_1_359' title='bbox 294 1217 353 1237; x_wconf 82' lang='lat' dir='ltr'><strong>cum</strong></span> <span class='ocrx_word' id='word_1_360' title='bbox 364 1209 452 1243; x_wconf 80' lang='lat' dir='ltr'><strong>ﬁlium</strong></span> <span class='ocrx_word' id='word_1_361' title='bbox 468 1207 586 1243; x_wconf 79' lang='lat' dir='ltr'><strong>prirfecit</strong></span> <span class='ocrx_word' id='word_1_362' title='bbox 599 1208 750 1242; x_wconf 70' lang='lat' dir='ltr'><strong>prouinciw,</strong></span> <span class='ocrx_word' id='word_1_363' title='bbox 765 1210 947 1243; x_wconf 80' lang='lat' dir='ltr'><strong>egregiamque</strong></span> <span class='ocrx_word' id='word_1_364' title='bbox 957 1218 1034 1244; x_wconf 74' lang='lat' dir='ltr'><strong>super</strong></span> <span class='ocrx_word' id='word_1_365' title='bbox 1046 1211 1127 1244; x_wconf 81' lang='lat' dir='ltr'><strong>fratre</strong></span> <span class='ocrx_word' id='word_1_366' title='bbox 1140 1210 1197 1244; x_wconf 82' lang='lat' dir='ltr'><strong>iam</strong></span> <span class='ocrx_word' id='word_1_367' title='bbox 1211 1209 1335 1243; x_wconf 78' lang='lat' dir='ltr'><strong>defuncto</strong></span> <span class='ocrx_word' id='word_1_368' title='bbox 1350 1209 1494 1236; x_wconf 78' lang='lat' dir='ltr'><strong>orationem</strong></span> <span class='ocrx_word' id='word_1_369' title='bbox 1508 1209 1643 1243; x_wconf 81' lang='lat' dir='ltr'><strong>funebrem</strong></span> <span class='ocrx_word' id='word_1_370' title='bbox 1659 1209 1793 1236; x_wconf 76' lang='lat' dir='ltr'><strong>declama-</strong></span> 
     </span>
    </p>
   </div>
   <div class='ocr_carea' id='block_1_30' title="bbox 172 1249 1794 1286">
    <p class='ocr_par' dir='ltr' id='par_1_30' title="bbox 172 1249 1794 1286">
     <span class='ocr_line' id='line_1_30' title="bbox 172 1249 1794 1286; baseline -0.001 -8"><span class='ocrx_word' id='word_1_371' title='bbox 172 1253 218 1285; x_wconf 81' lang='lat' dir='ltr'><strong>m&#39;t,</strong></span> <span class='ocrx_word' id='word_1_372' title='bbox 245 1259 303 1278; x_wconf 86' lang='lat' dir='ltr'><strong>eam</strong></span> <span class='ocrx_word' id='word_1_373' title='bbox 319 1251 432 1278; x_wconf 75' lang='lat' dir='ltr'><strong>recitem</strong></span> <span class='ocrx_word' id='word_1_374' title='bbox 446 1251 481 1277; x_wconf 83' lang='lat' dir='ltr'><strong>ad</strong></span> <span class='ocrx_word' id='word_1_375' title='bbox 496 1250 553 1284; x_wconf 74' lang='lat' dir='ltr'><strong>ejus</strong></span> <span class='ocrx_word' id='word_1_376' title='bbox 566 1249 726 1284; x_wconf 72' lang='lat' dir='ltr'><strong>sepulcrum,</strong></span> <span class='ocrx_word' id='word_1_377' title='bbox 742 1249 903 1283; x_wconf 75' lang='lat' dir='ltr'><strong>fratremque</strong></span> <span class='ocrx_word' id='word_1_378' title='bbox 916 1258 947 1276; x_wconf 84' lang='lat' dir='ltr'><strong>ac</strong></span> <span class='ocrx_word' id='word_1_379' title='bbox 959 1252 1135 1277; x_wconf 78' lang='lat' dir='ltr'><strong>necessarium</strong></span> <span class='ocrx_word' id='word_1_380' title='bbox 1151 1251 1253 1286; x_wconf 76' lang='lat' dir='ltr'><strong>lugens.</strong></span> <span class='ocrx_word' id='word_1_381' title='bbox 1265 1250 1346 1277; x_wconf 87' lang='lat' dir='ltr'><strong>Plura</strong></span> <span class='ocrx_word' id='word_1_382' title='bbox 1361 1250 1475 1277; x_wconf 83' lang='lat' dir='ltr'><strong>subinde</strong></span> <span class='ocrx_word' id='word_1_383' title='bbox 1500 1251 1533 1277; x_wconf 82' lang='lat' dir='ltr'><strong>de</strong></span> <span class='ocrx_word' id='word_1_384' title='bbox 1546 1257 1637 1277; x_wconf 63' lang='lat' dir='ltr'><strong>noatro</strong></span> <span class='ocrx_word' id='word_1_385' title='bbox 1648 1258 1680 1277; x_wconf 74' lang='lat' dir='ltr'><strong>ac</strong></span> <span class='ocrx_word' id='word_1_386' title='bbox 1692 1251 1794 1277; x_wconf 83' lang='lat' dir='ltr'><strong>seniori</strong></span> 
     </span>
    </p>
   </div>
   <div class='ocr_carea' id='block_1_31' title="bbox 173 1290 1792 1325">
    <p class='ocr_par' dir='ltr' id='par_1_31' title="bbox 173 1290 1792 1325">
     <span class='ocr_line' id='line_1_31' title="bbox 173 1290 1792 1325; baseline 0.001 -7"><span class='ocrx_word' id='word_1_387' title='bbox 173 1292 324 1319; x_wconf 85' lang='lat' dir='ltr'><strong>Theodoro</strong></span> <span class='ocrx_word' id='word_1_388' title='bbox 340 1291 508 1325; x_wconf 78' lang='lat' dir='ltr'><strong>perstringit,</strong></span> <span class='ocrx_word' id='word_1_389' title='bbox 529 1298 563 1317; x_wconf 89' lang='lat' dir='ltr'><strong>ne</strong></span> <span class='ocrx_word' id='word_1_390' title='bbox 579 1291 642 1317; x_wconf 90' lang='lat' dir='ltr'><strong>vitia</strong></span> <span class='ocrx_word' id='word_1_391' title='bbox 659 1290 768 1324; x_wconf 85' lang='lat' dir='ltr'><strong>quidem</strong></span> <span class='ocrx_word' id='word_1_392' title='bbox 784 1290 972 1323; x_wconf 88' lang='lat' dir='ltr'><strong>dissimulans,</strong></span> <span class='ocrx_word' id='word_1_393' title='bbox 989 1293 1087 1325; x_wconf 91' lang='lat' dir='ltr'><strong>quibus</strong></span> <span class='ocrx_word' id='word_1_394' title='bbox 1100 1293 1146 1320; x_wconf 88' lang='lat' dir='ltr'><strong>ille</strong></span> <span class='ocrx_word' id='word_1_395' title='bbox 1162 1300 1216 1320; x_wconf 93' lang='lat' dir='ltr'><strong>non</strong></span> <span class='ocrx_word' id='word_1_396' title='bbox 1235 1292 1347 1319; x_wconf 88' lang='lat' dir='ltr'><strong>omnino</strong></span> <span class='ocrx_word' id='word_1_397' title='bbox 1369 1294 1468 1319; x_wconf 85' lang='lat' dir='ltr'><strong>caruit.</strong></span> <span class='ocrx_word' id='word_1_398' title='bbox 1492 1292 1579 1319; x_wconf 88' lang='lat' dir='ltr'><strong>llabet</strong></span> <span class='ocrx_word' id='word_1_399' title='bbox 1598 1298 1720 1320; x_wconf 90' lang='lat' dir='ltr'><strong>creatum</strong></span> <span class='ocrx_word' id='word_1_400' title='bbox 1743 1294 1792 1320; x_wconf 84' lang='lat' dir='ltr'><strong>dc-</strong></span> 
     </span>
    </p>
   </div>
   <div class='ocr_carea' id='block_1_32' title="bbox 174 1330 1793 1372">
    <p class='ocr_par' dir='ltr' id='par_1_32' title="bbox 174 1330 1793 1372">
     <span class='ocr_line' id='line_1_32' title="bbox 174 1330 1793 1372; baseline 0.001 -12"><span class='ocrx_word' id='word_1_401' title='bbox 174 1337 278 1368; x_wconf 84' lang='lat' dir='ltr'><strong>spotatn</strong></span> <span class='ocrx_word' id='word_1_402' title='bbox 288 1340 319 1360; x_wconf 83' lang='lat' dir='ltr'><strong>ac</strong></span> <span class='ocrx_word' id='word_1_403' title='bbox 332 1334 427 1360; x_wconf 89' lang='lat' dir='ltr'><strong>ducem</strong></span> <span class='ocrx_word' id='word_1_404' title='bbox 440 1331 632 1366; x_wconf 86' lang='lat' dir='ltr'><strong>Peloponnesi,</strong></span> <span class='ocrx_word' id='word_1_405' title='bbox 646 1339 708 1358; x_wconf 90' lang='lat' dir='ltr'><strong>cum</strong></span> <span class='ocrx_word' id='word_1_406' title='bbox 718 1331 772 1364; x_wconf 80' lang='lat' dir='ltr'><strong>jam</strong></span> <span class='ocrx_word' id='word_1_407' title='bbox 786 1330 1023 1361; x_wconf 80' lang='lat' dir='ltr'><strong>filiiCantacuzeni</strong></span> <span class='ocrx_word' id='word_1_408' title='bbox 1036 1336 1168 1363; x_wconf 89' lang='lat' dir='ltr'><strong>obiissent</strong></span> <span class='ocrx_word' id='word_1_409' title='bbox 1178 1337 1206 1362; x_wconf 88' lang='grc' dir='ltr'>ὲν</span> <span class='ocrx_word' id='word_1_410' title='bbox 1222 1336 1348 1372; x_wconf 76' lang='grc' dir='ltr'><strong>Σπάρτῃ,</strong></span> <span class='ocrx_word' id='word_1_411' title='bbox 1359 1335 1462 1370; x_wconf 70' lang='lat' dir='ltr'><strong>Spartae</strong></span> <span class='ocrx_word' id='word_1_412' title='bbox 1479 1344 1488 1363; x_wconf 86' lang='lat'><strong><em>:</em></strong></span> <span class='ocrx_word' id='word_1_413' title='bbox 1502 1337 1573 1371; x_wconf 88' lang='lat' dir='ltr'><strong>quod</strong></span> <span class='ocrx_word' id='word_1_414' title='bbox 1587 1337 1723 1371; x_wconf 80' lang='lat' dir='ltr'><strong>interpres</strong></span> <span class='ocrx_word' id='word_1_415' title='bbox 1737 1345 1793 1363; x_wconf 84' lang='lat' dir='ltr'><strong>ma-</strong></span> 
     </span>
    </p>
   </div>
   <div class='ocr_carea' id='block_1_33' title="bbox 174 1375 1792 1415">
    <p class='ocr_par' dir='ltr' id='par_1_33' title="bbox 174 1375 1792 1415">
     <span class='ocr_line' id='line_1_33' title="bbox 174 1375 1792 1415; baseline 0.001 -11"><span class='ocrx_word' id='word_1_416' title='bbox 174 1379 200 1404; x_wconf 88' lang='lat' dir='ltr'><strong>le</strong></span> <span class='ocrx_word' id='word_1_417' title='bbox 213 1377 316 1406; x_wconf 88' lang='lat' dir='ltr'><strong>omisit.</strong></span> <span class='ocrx_word' id='word_1_418' title='bbox 329 1377 435 1404; x_wconf 83' lang='lat' dir='ltr'><strong>Manuel</strong></span> <span class='ocrx_word' id='word_1_419' title='bbox 454 1376 570 1403; x_wconf 84' lang='lat' dir='ltr'><strong>alterum</strong></span> <span class='ocrx_word' id='word_1_420' title='bbox 583 1380 700 1407; x_wconf 87' lang='lat' dir='ltr'><strong>tantum,</strong></span> <span class='ocrx_word' id='word_1_421' title='bbox 713 1381 740 1402; x_wconf 90' lang='lat' dir='ltr'><strong>et</strong></span> <span class='ocrx_word' id='word_1_422' title='bbox 751 1375 798 1409; x_wconf 92' lang='lat' dir='ltr'><strong>qui</strong></span> <span class='ocrx_word' id='word_1_423' title='bbox 813 1381 888 1402; x_wconf 82' lang='lat' dir='ltr'><strong>esset</strong></span> <span class='ocrx_word' id='word_1_424' title='bbox 908 1378 1057 1410; x_wconf 64' lang='lat' dir='ltr'><strong>praefectus</strong></span> <span class='ocrx_word' id='word_1_425' title='bbox 1072 1378 1269 1413; x_wconf 80' lang='lat' dir='ltr'><strong>Peloponneso.</strong></span> <span class='ocrx_word' id='word_1_426' title='bbox 1295 1379 1430 1415; x_wconf 45' lang='lat' dir='ltr'><strong>signiﬁcat</strong></span> <span class='ocrx_word' id='word_1_427' title='bbox 1451 1385 1596 1405; x_wconf 90' lang='lat' dir='ltr'><strong>mortuum</strong></span> <span class='ocrx_word' id='word_1_428' title='bbox 1611 1380 1671 1406; x_wconf 81' lang='lat' dir='ltr'><strong>sine</strong></span> <span class='ocrx_word' id='word_1_429' title='bbox 1698 1379 1792 1406; x_wconf 74' lang='lat' dir='ltr'><strong>liberis</strong></span> 
     </span>
    </p>
   </div>
   <div class='ocr_carea' id='block_1_34' title="bbox 174 1416 1792 1454">
    <p class='ocr_par' dir='ltr' id='par_1_34' title="bbox 174 1416 1792 1454">
     <span class='ocr_line' id='line_1_34' title="bbox 174 1416 1792 1454; baseline 0 -8"><span class='ocrx_word' id='word_1_430' title='bbox 174 1419 229 1446; x_wconf 81' lang='lat' dir='ltr'><strong>alio</strong></span> <span class='ocrx_word' id='word_1_431' title='bbox 246 1419 405 1454; x_wconf 82' lang='lat' dir='ltr'><strong>superstite,</strong></span> <span class='ocrx_word' id='word_1_432' title='bbox 422 1417 502 1452; x_wconf 88' lang='lat' dir='ltr'><strong>cujus</strong></span> <span class='ocrx_word' id='word_1_433' title='bbox 513 1421 605 1444; x_wconf 89' lang='lat' dir='ltr'><strong>essent</strong></span> <span class='ocrx_word' id='word_1_434' title='bbox 616 1416 723 1451; x_wconf 86' lang='lat' dir='ltr'><strong>probati</strong></span> <span class='ocrx_word' id='word_1_435' title='bbox 737 1417 894 1449; x_wconf 88' lang='lat' dir='ltr'><strong>mores,sed</strong></span> <span class='ocrx_word' id='word_1_436' title='bbox 911 1425 993 1452; x_wconf 88' lang='lat' dir='ltr'><strong>quem</strong></span> <span class='ocrx_word' id='word_1_437' title='bbox 1008 1418 1092 1452; x_wconf 77' lang='lat' dir='ltr'><strong>illius,</strong></span> <span class='ocrx_word' id='word_1_438' title='bbox 1106 1425 1138 1445; x_wconf 85' lang='lat' dir='ltr'><strong>ac</strong></span> <span class='ocrx_word' id='word_1_439' title='bbox 1152 1418 1338 1446; x_wconf 83' lang='lat' dir='ltr'><strong>consobrinus</strong></span> <span class='ocrx_word' id='word_1_440' title='bbox 1365 1418 1506 1447; x_wconf 85' lang='lat' dir='ltr'><strong>Theodori</strong></span> <span class='ocrx_word' id='word_1_441' title='bbox 1534 1427 1627 1448; x_wconf 88' lang='lat' dir='ltr'><strong>rerum</strong></span> <span class='ocrx_word' id='word_1_442' title='bbox 1655 1427 1792 1448; x_wconf 89' lang='lat' dir='ltr'><strong>sunnnam</strong></span> 
     </span>
    </p>
   </div>
   <div class='ocr_carea' id='block_1_35' title="bbox 175 1458 986 1496">
    <p class='ocr_par' dir='ltr' id='par_1_35' title="bbox 175 1458 986 1496">
     <span class='ocr_line' id='line_1_35' title="bbox 175 1458 986 1496; baseline 0.001 -10"><span class='ocrx_word' id='word_1_443' title='bbox 175 1464 236 1494; x_wconf 87' lang='lat' dir='ltr'><strong>post</strong></span> <span class='ocrx_word' id='word_1_444' title='bbox 251 1464 379 1496; x_wconf 88' lang='lat' dir='ltr'><strong>patruum</strong></span> <span class='ocrx_word' id='word_1_445' title='bbox 397 1459 424 1487; x_wconf 92' lang='lat' dir='ltr'><strong>in</strong></span> <span class='ocrx_word' id='word_1_446' title='bbox 438 1458 629 1493; x_wconf 84' lang='lat' dir='ltr'><strong>Peloponneso</strong></span> <span class='ocrx_word' id='word_1_447' title='bbox 641 1458 778 1491; x_wconf 79' lang='lat' dir='ltr'><strong>ambiens,</strong></span> <span class='ocrx_word' id='word_1_448' title='bbox 790 1465 869 1486; x_wconf 86' lang='lat' dir='ltr'><strong>secus</strong></span> <span class='ocrx_word' id='word_1_449' title='bbox 881 1464 986 1494; x_wconf 73' lang='lat' dir='ltr'><strong>ageret.</strong></span> 
     </span>
    </p>
   </div>
   <div class='ocr_carea' id='block_1_36' title="bbox 187 1570 1130 1582">
    <p class='ocr_par' dir='ltr' id='par_1_36' title="bbox 187 1570 1130 1582">
     <span class='ocr_line' id='line_1_36' title="bbox 187 1570 1130 1582; baseline -0.001 -3"><span class='ocrx_word' id='word_1_450' title='bbox 187 1570 1130 1582; x_wconf 73' lang='lat'><strong>,——_—_————-—————_—</strong></span> 
     </span>
    </p>
   </div>
   <div class='ocr_carea' id='block_1_37' title="bbox 1135 1570 1788 1583">
    <p class='ocr_par' dir='ltr' id='par_1_37' title="bbox 1135 1570 1788 1583">
     <span class='ocr_line' id='line_1_37' title="bbox 1135 1570 1788 1583; baseline 0.003 -4"><span class='ocrx_word' id='word_1_451' title='bbox 1135 1570 1788 1583; x_wconf 62' lang='lat'><strong>—_——_—-——.-—‘</strong></span> 
     </span>
    </p>
   </div>
   <div class='ocr_carea' id='block_1_38' title="bbox 399 1648 1553 1699">
    <p class='ocr_par' dir='ltr' id='par_1_38' title="bbox 399 1648 1553 1699">
     <span class='ocr_line' id='line_1_38' title="bbox 399 1648 1553 1699; baseline -0.003 -1"><span class='ocrx_word' id='word_1_452' title='bbox 399 1654 718 1699; x_wconf 83' lang='grc' dir='ltr'><strong>ΠΡΟΘΕΩΡΙΑ</strong></span> <span class='ocrx_word' id='word_1_453' title='bbox 763 1654 877 1697; x_wconf 87' lang='grc' dir='ltr'><strong>ΤΟΥ</strong></span> <span class='ocrx_word' id='word_1_454' title='bbox 916 1653 1212 1698; x_wconf 87' lang='grc' dir='ltr'><strong>ΠΑΡΟΝΤΟΣ</strong></span> <span class='ocrx_word' id='word_1_455' title='bbox 1258 1652 1449 1696; x_wconf 85' lang='grc' dir='ltr'><strong>ΛΟΓΟΥ</strong></span> <span class='ocrx_word' id='word_1_456' title='bbox 1481 1648 1523 1688; x_wconf 69' lang='grc' dir='ltr'><strong>(Ἳ</strong></span> <span class='ocrx_word' id='word_1_457' title='bbox 1543 1683 1553 1693; x_wconf 91' lang='grc'><strong>.</strong></span> 
     </span>
    </p>
   </div>
   <div class='ocr_carea' id='block_1_39' title="bbox 567 1815 985 1862">
    <p class='ocr_par' dir='ltr' id='par_1_39' title="bbox 567 1815 985 1862">
     <span class='ocr_line' id='line_1_39' title="bbox 567 1815 985 1862; baseline -0.002 -1"><span class='ocrx_word' id='word_1_458' title='bbox 567 1815 985 1862; x_wconf 81' lang='lat' dir='ltr'><strong>ABGUMENTUM</strong></span> 
     </span>
    </p>
   </div>
   <div class='ocr_carea' id='block_1_40' title="bbox 1041 1813 1399 1860">
    <p class='ocr_par' dir='ltr' id='par_1_40' title="bbox 1041 1813 1399 1860">
     <span class='ocr_line' id='line_1_40' title="bbox 1041 1813 1399 1860; baseline -0.011 0"><span class='ocrx_word' id='word_1_459' title='bbox 1041 1813 1399 1860; x_wconf 79' lang='lat' dir='ltr'><strong>ORATIONIS.</strong></span> 
     </span>
    </p>
   </div>
   <div class='ocr_carea' id='block_1_41' title="bbox 208 1970 957 2008">
    <p class='ocr_par' dir='ltr' id='par_1_41' title="bbox 208 1970 956 2008">
     <span class='ocr_line' id='line_1_41' title="bbox 208 1970 956 2008; baseline -0.004 -5"><span class='ocrx_word' id='word_1_460' title='bbox 208 1973 356 2003; x_wconf 77' lang='lat' dir='ltr'><strong>Exordium</strong></span> <span class='ocrx_word' id='word_1_461' title='bbox 373 1970 482 2008; x_wconf 87' lang='lat' dir='ltr'><strong>quidem</strong></span> <span class='ocrx_word' id='word_1_462' title='bbox 497 1970 684 1999; x_wconf 87' lang='lat' dir='ltr'><strong>vehementius</strong></span> <span class='ocrx_word' id='word_1_463' title='bbox 704 1970 870 2006; x_wconf 79' lang='lat' dir='ltr'><strong>lugubre,’ac</strong></span> <span class='ocrx_word' id='word_1_464' title='bbox 887 1979 956 2007; x_wconf 84' lang='lat' dir='ltr'><strong>qua-</strong></span> 
     </span>
    </p>
   </div>
   <div class='ocr_carea' id='block_1_42' title="bbox 1010 1970 1792 2008">
    <p class='ocr_par' dir='ltr' id='par_1_42' title="bbox 1042 1970 1792 2008">
     <span class='ocr_line' id='line_1_42' title="bbox 1042 1970 1792 2008; baseline 0.001 -9"><span class='ocrx_word' id='word_1_465' title='bbox 1042 1972 1198 2008; x_wconf 81' lang='grc' dir='ltr'>Περιπαθὲς</span> <span class='ocrx_word' id='word_1_466' title='bbox 1213 1972 1263 2007; x_wconf 70' lang='grc' dir='ltr'><strong>μὲν</strong></span> <span class='ocrx_word' id='word_1_467' title='bbox 1284 1971 1315 1998; x_wconf 79' lang='grc' dir='ltr'>τὸ</span> <span class='ocrx_word' id='word_1_468' title='bbox 1330 1972 1484 2008; x_wconf 79' lang='grc' dir='ltr'>προοίμιον,</span> <span class='ocrx_word' id='word_1_469' title='bbox 1510 1972 1557 1999; x_wconf 70' lang='grc' dir='ltr'>καὶ</span> <span class='ocrx_word' id='word_1_470' title='bbox 1570 1970 1627 2000; x_wconf 78' lang='grc' dir='ltr'>οἷον</span> <span class='ocrx_word' id='word_1_471' title='bbox 1644 1974 1744 2008; x_wconf 76' lang='grc' dir='ltr'>γένοιτ’</span> <span class='ocrx_word' id='word_1_472' title='bbox 1759 1975 1792 2002; x_wconf 82' lang='grc' dir='ltr'>ἂν</span> 
     </span>
    </p>
   </div>
   <div class='ocr_carea' id='block_1_43' title="bbox 172 2015 957 2056">
    <p class='ocr_par' dir='ltr' id='par_1_43' title="bbox 172 2015 954 2056">
     <span class='ocr_line' id='line_1_43' title="bbox 172 2015 954 2056; baseline -0.006 -6"><span class='ocrx_word' id='word_1_473' title='bbox 172 2023 197 2051; x_wconf 83' lang='lat' dir='ltr'><strong>lc</strong></span> <span class='ocrx_word' id='word_1_474' title='bbox 218 2021 334 2049; x_wconf 83' lang='lat' dir='ltr'><strong>maxime</strong></span> <span class='ocrx_word' id='word_1_475' title='bbox 349 2018 474 2051; x_wconf 84' lang='lat' dir='ltr'><strong>fratrem,</strong></span> <span class='ocrx_word' id='word_1_476' title='bbox 494 2024 582 2056; x_wconf 65' lang='lat' dir='ltr'><strong>super</strong></span> <span class='ocrx_word' id='word_1_477' title='bbox 598 2017 690 2044; x_wconf 85' lang='lat' dir='ltr'><strong>fratris</strong></span> <span class='ocrx_word' id='word_1_478' title='bbox 706 2015 802 2044; x_wconf 83' lang='lat' dir='ltr'><strong>funere</strong></span> <span class='ocrx_word' id='word_1_479' title='bbox 818 2022 954 2052; x_wconf 87' lang='lat' dir='ltr'><strong>orantem,</strong></span> 
     </span>
    </p>
   </div>
   <div class='ocr_carea' id='block_1_44' title="bbox 1010 2015 1793 2056">
    <p class='ocr_par' dir='ltr' id='par_1_44' title="bbox 1010 2018 1793 2055">
     <span class='ocr_line' id='line_1_44' title="bbox 1010 2018 1793 2055; baseline 0.001 -9"><span class='ocrx_word' id='word_1_480' title='bbox 1010 2019 1116 2054; x_wconf 83' lang='grc' dir='ltr'><strong>ἀδελφῷ</strong></span> <span class='ocrx_word' id='word_1_481' title='bbox 1133 2019 1251 2053; x_wconf 80' lang='grc' dir='ltr'>μάλιστα</span> <span class='ocrx_word' id='word_1_482' title='bbox 1266 2018 1384 2053; x_wconf 82' lang='grc' dir='ltr'><strong>πρέπον,</strong></span> <span class='ocrx_word' id='word_1_483' title='bbox 1398 2019 1541 2053; x_wconf 76' lang='grc' dir='ltr'>ἐπιτάφιον</span> <span class='ocrx_word' id='word_1_484' title='bbox 1556 2019 1601 2047; x_wconf 78' lang='grc' dir='ltr'><strong>ἐπ’</strong></span> <span class='ocrx_word' id='word_1_485' title='bbox 1616 2020 1722 2055; x_wconf 82' lang='grc' dir='ltr'>ἀδελφῷ</span> <span class='ocrx_word' id='word_1_486' title='bbox 1740 2021 1793 2047; x_wconf 83' lang='grc' dir='ltr'><strong>διε-</strong></span> 
     </span>
    </p>
   </div>
   <div class='ocr_carea' id='block_1_45' title="bbox 172 2062 957 2100">
    <p class='ocr_par' dir='ltr' id='par_1_45' title="bbox 172 2062 957 2097">
     <span class='ocr_line' id='line_1_45' title="bbox 172 2062 957 2097; baseline -0.006 -1"><span class='ocrx_word' id='word_1_487' title='bbox 172 2070 277 2097; x_wconf 88' lang='lat' dir='ltr'><strong>deceat.</strong></span> <span class='ocrx_word' id='word_1_488' title='bbox 293 2065 345 2093; x_wconf 88' lang='lat' dir='ltr'><strong>Ubi</strong></span> <span class='ocrx_word' id='word_1_489' title='bbox 374 2068 464 2092; x_wconf 87' lang='lat' dir='ltr'><strong>autem</strong></span> <span class='ocrx_word' id='word_1_490' title='bbox 492 2067 629 2090; x_wconf 85' lang='lat' dir='ltr'><strong>oratorem</strong></span> <span class='ocrx_word' id='word_1_491' title='bbox 649 2070 741 2096; x_wconf 84' lang='lat' dir='ltr'><strong>agens,</strong></span> <span class='ocrx_word' id='word_1_492' title='bbox 771 2062 957 2091; x_wconf 83' lang='lat' dir='ltr'><strong>divinissimus</strong></span> 
     </span>
    </p>
   </div>
   <div class='ocr_carea' id='block_1_46' title="bbox 1010 2062 1791 2100">
    <p class='ocr_par' dir='ltr' id='par_1_46' title="bbox 1010 2064 1791 2100">
     <span class='ocr_line' id='line_1_46' title="bbox 1010 2064 1791 2100; baseline -0.004 -7"><span class='ocrx_word' id='word_1_493' title='bbox 1010 2067 1110 2100; x_wconf 75' lang='grc' dir='ltr'>ξιόντιο</span> <span class='ocrx_word' id='word_1_494' title='bbox 1127 2065 1257 2100; x_wconf 73' lang='grc' dir='ltr'><strong>πατρίδος</strong></span> <span class='ocrx_word' id='word_1_495' title='bbox 1272 2064 1301 2091; x_wconf 76' lang='grc' dir='ltr'><strong>δὲ</strong></span> <span class='ocrx_word' id='word_1_496' title='bbox 1317 2065 1364 2091; x_wconf 74' lang='grc' dir='ltr'><strong>καὶ</strong></span> <span class='ocrx_word' id='word_1_497' title='bbox 1382 2065 1477 2098; x_wconf 81' lang='grc' dir='ltr'>γένους</span> <span class='ocrx_word' id='word_1_498' title='bbox 1504 2065 1591 2100; x_wconf 82' lang='grc' dir='ltr'>βραχύ</span> <span class='ocrx_word' id='word_1_499' title='bbox 1608 2073 1633 2091; x_wconf 82' lang='grc' dir='ltr'><strong>τι</strong></span> <span class='ocrx_word' id='word_1_500' title='bbox 1649 2066 1791 2100; x_wconf 71' lang='grc' dir='ltr'><strong>μνησθεὶς,</strong></span> 
     </span>
    </p>
   </div>
   <div class='ocr_carea' id='block_1_47' title="bbox 172 2109 956 2149">
    <p class='ocr_par' dir='ltr' id='par_1_47' title="bbox 172 2109 956 2149">
     <span class='ocr_line' id='line_1_47' title="bbox 172 2109 956 2149; baseline -0.009 -7"><span class='ocrx_word' id='word_1_501' title='bbox 172 2116 339 2149; x_wconf 84' lang='lat' dir='ltr'><strong>imperator,</strong></span> <span class='ocrx_word' id='word_1_502' title='bbox 366 2117 462 2147; x_wconf 87' lang='lat' dir='ltr'><strong>parum</strong></span> <span class='ocrx_word' id='word_1_503' title='bbox 494 2109 558 2144; x_wconf 91' lang='lat' dir='ltr'><strong>quid</strong></span> <span class='ocrx_word' id='word_1_504' title='bbox 587 2109 668 2136; x_wconf 84' lang='lat' dir='ltr'><strong>etiam</strong></span> <span class='ocrx_word' id='word_1_505' title='bbox 697 2110 805 2142; x_wconf 74' lang='lat' dir='ltr'><strong>generis</strong></span> <span class='ocrx_word' id='word_1_506' title='bbox 822 2109 956 2142; x_wconf 90' lang='lat' dir='ltr'><strong>meminit,</strong></span> 
     </span>
    </p>
   </div>
   <div class='ocr_carea' id='block_1_48' title="bbox 173 2155 959 2188">
    <p class='ocr_par' dir='ltr' id='par_1_48' title="bbox 173 2155 959 2188">
     <span class='ocr_line' id='line_1_48' title="bbox 173 2155 959 2188; baseline -0.008 0"><span class='ocrx_word' id='word_1_507' title='bbox 173 2161 244 2188; x_wconf 87' lang='lat' dir='ltr'><strong>haud</strong></span> <span class='ocrx_word' id='word_1_508' title='bbox 265 2160 291 2186; x_wconf 93' lang='lat' dir='ltr'><strong>in</strong></span> <span class='ocrx_word' id='word_1_509' title='bbox 306 2166 339 2186; x_wconf 88' lang='lat' dir='ltr'><strong>eo</strong></span> <span class='ocrx_word' id='word_1_510' title='bbox 352 2157 453 2185; x_wconf 89' lang='lat' dir='ltr'><strong>diutius</strong></span> <span class='ocrx_word' id='word_1_511' title='bbox 469 2159 600 2183; x_wconf 75' lang='lat' dir='ltr'><strong>moratur.</strong></span> <span class='ocrx_word' id='word_1_512' title='bbox 609 2155 696 2182; x_wconf 87' lang='lat' dir='ltr'><strong>Porro</strong></span> <span class='ocrx_word' id='word_1_513' title='bbox 714 2156 843 2182; x_wconf 83' lang='lat' dir='ltr'><strong>devectus</strong></span> <span class='ocrx_word' id='word_1_514' title='bbox 858 2161 959 2183; x_wconf 66' lang='lat' dir='ltr'><strong>sermo-</strong></span> 
     </span>
    </p>
   </div>
   <div class='ocr_carea' id='block_1_49' title="bbox 173 2200 958 2236">
    <p class='ocr_par' dir='ltr' id='par_1_49' title="bbox 173 2200 958 2236">
     <span class='ocr_line' id='line_1_49' title="bbox 173 2200 958 2236; baseline -0.008 -2"><span class='ocrx_word' id='word_1_515' title='bbox 173 2215 207 2234; x_wconf 86' lang='lat' dir='ltr'><strong>nc</strong></span> <span class='ocrx_word' id='word_1_516' title='bbox 226 2207 259 2233; x_wconf 87' lang='lat' dir='ltr'><strong>ad</strong></span> <span class='ocrx_word' id='word_1_517' title='bbox 276 2205 326 2232; x_wconf 92' lang='lat' dir='ltr'><strong>viri</strong></span> <span class='ocrx_word' id='word_1_518' title='bbox 339 2208 409 2235; x_wconf 88' lang='lat' dir='ltr'><strong>acta,</strong></span> <span class='ocrx_word' id='word_1_519' title='bbox 426 2209 476 2229; x_wconf 88' lang='lat' dir='ltr'><strong>nec</strong></span> <span class='ocrx_word' id='word_1_520' title='bbox 506 2208 591 2236; x_wconf 85' lang='lat' dir='ltr'><strong>pauca</strong></span> <span class='ocrx_word' id='word_1_521' title='bbox 610 2200 666 2233; x_wconf 89' lang='lat' dir='ltr'><strong>illa,</strong></span> <span class='ocrx_word' id='word_1_522' title='bbox 687 2207 737 2227; x_wconf 89' lang='lat' dir='ltr'><strong>nec</strong></span> <span class='ocrx_word' id='word_1_523' title='bbox 751 2204 778 2227; x_wconf 91' lang='lat' dir='ltr'><strong>ut</strong></span> <span class='ocrx_word' id='word_1_524' title='bbox 797 2200 871 2227; x_wconf 86' lang='lat' dir='ltr'><strong>brevi</strong></span> <span class='ocrx_word' id='word_1_525' title='bbox 895 2209 958 2228; x_wconf 89' lang='lat' dir='ltr'><strong>ora-</strong></span> 
     </span>
    </p>
   </div>
   <div class='ocr_carea' id='block_1_50' title="bbox 174 2246 955 2285">
    <p class='ocr_par' dir='ltr' id='par_1_50' title="bbox 174 2246 955 2285">
     <span class='ocr_line' id='line_1_50' title="bbox 174 2246 955 2285; baseline -0.009 -5"><span class='ocrx_word' id='word_1_526' title='bbox 174 2246 247 2280; x_wconf 80' lang='lat' dir='ltr'><strong>tione</strong></span> <span class='ocrx_word' id='word_1_527' title='bbox 262 2249 423 2285; x_wconf 78' lang='lat' dir='ltr'><strong>explicanda</strong></span> <span class='ocrx_word' id='word_1_528' title='bbox 438 2248 537 2280; x_wconf 88' lang='lat' dir='ltr'><strong>forent,</strong></span> <span class='ocrx_word' id='word_1_529' title='bbox 565 2254 709 2280; x_wconf 80' lang='lat' dir='ltr'><strong>excusans,</strong></span> <span class='ocrx_word' id='word_1_530' title='bbox 727 2252 754 2274; x_wconf 92' lang='lat' dir='ltr'><strong>nt</strong></span> <span class='ocrx_word' id='word_1_531' title='bbox 779 2247 844 2281; x_wconf 87' lang='lat' dir='ltr'><strong>quia</strong></span> <span class='ocrx_word' id='word_1_532' title='bbox 861 2255 955 2273; x_wconf 83' lang='lat' dir='ltr'><strong>eorum</strong></span> 
     </span>
    </p>
   </div>
   <div class='ocr_carea' id='block_1_51' title="bbox 174 2296 958 2333">
    <p class='ocr_par' dir='ltr' id='par_1_51' title="bbox 174 2296 958 2333">
     <span class='ocr_line' id='line_1_51' title="bbox 174 2296 958 2333; baseline -0.009 -8"><span class='ocrx_word' id='word_1_533' title='bbox 174 2298 304 2333; x_wconf 85' lang='lat' dir='ltr'><strong>splendor</strong></span> <span class='ocrx_word' id='word_1_534' title='bbox 319 2296 447 2323; x_wconf 90' lang='lat' dir='ltr'><strong>omnilnts</strong></span> <span class='ocrx_word' id='word_1_535' title='bbox 464 2298 565 2329; x_wconf 82' lang='lat' dir='ltr'><strong>pateat,</strong></span> <span class='ocrx_word' id='word_1_536' title='bbox 585 2300 634 2320; x_wconf 86' lang='lat' dir='ltr'><strong>nec</strong></span> <span class='ocrx_word' id='word_1_537' title='bbox 648 2301 663 2319; x_wconf 74' lang='grc' dir='ltr'><strong>ο</strong></span> <span class='ocrx_word' id='word_1_538' title='bbox 680 2300 814 2327; x_wconf 80' lang='lat' dir='ltr'><strong>quoquam</strong></span> <span class='ocrx_word' id='word_1_539' title='bbox 836 2297 958 2327; x_wconf 82' lang='lat' dir='ltr'><strong>negetur,</strong></span> 
     </span>
    </p>
   </div>
   <div class='ocr_carea' id='block_1_52' title="bbox 174 2338 957 2374">
    <p class='ocr_par' dir='ltr' id='par_1_52' title="bbox 174 2338 957 2374">
     <span class='ocr_line' id='line_1_52' title="bbox 174 2338 957 2374; baseline -0.009 -3"><span class='ocrx_word' id='word_1_540' title='bbox 174 2343 244 2371; x_wconf 79' lang='lat' dir='ltr'><strong>haud</strong></span> <span class='ocrx_word' id='word_1_541' title='bbox 260 2349 372 2369; x_wconf 83' lang='lat' dir='ltr'><strong>necesse</strong></span> <span class='ocrx_word' id='word_1_542' title='bbox 399 2341 434 2368; x_wconf 87' lang='lat' dir='ltr'><strong>sit</strong></span> <span class='ocrx_word' id='word_1_543' title='bbox 448 2339 554 2374; x_wconf 77' lang='lat' dir='ltr'><strong>singula</strong></span> <span class='ocrx_word' id='word_1_544' title='bbox 575 2346 713 2370; x_wconf 84' lang='lat' dir='ltr'><strong>enarrare,</strong></span> <span class='ocrx_word' id='word_1_545' title='bbox 741 2347 773 2365; x_wconf 81' lang='lat' dir='ltr'><strong>eo</strong></span> <span class='ocrx_word' id='word_1_546' title='bbox 792 2338 849 2373; x_wconf 91' lang='lat' dir='ltr'><strong>ipso</strong></span> <span class='ocrx_word' id='word_1_547' title='bbox 875 2338 957 2365; x_wconf 87' lang='lat' dir='ltr'><strong>etiam</strong></span> 
     </span>
    </p>
   </div>
   <div class='ocr_carea' id='block_1_53' title="bbox 172 2384 959 2418">
    <p class='ocr_par' dir='ltr' id='par_1_53' title="bbox 172 2384 959 2418">
     <span class='ocr_line' id='line_1_53' title="bbox 172 2384 959 2418; baseline -0.008 -3"><span class='ocrx_word' id='word_1_548' title='bbox 172 2390 251 2416; x_wconf 65' lang='lat' dir='ltr'><strong>valde</strong></span> <span class='ocrx_word' id='word_1_549' title='bbox 275 2391 409 2415; x_wconf 82' lang='lat' dir='ltr'><strong>exornat:</strong></span> <span class='ocrx_word' id='word_1_550' title='bbox 442 2385 536 2418; x_wconf 73' lang='lat' dir='ltr'><strong>sit-que</strong></span> <span class='ocrx_word' id='word_1_551' title='bbox 568 2384 695 2418; x_wconf 78' lang='lat' dir='ltr'><strong>deinceps</strong></span> <span class='ocrx_word' id='word_1_552' title='bbox 724 2384 783 2416; x_wconf 79' lang='lat' dir='ltr'><strong>cius</strong></span> <span class='ocrx_word' id='word_1_553' title='bbox 813 2391 959 2418; x_wconf 79' lang='lat' dir='ltr'><strong>aggressus</strong></span> 
     </span>
    </p>
   </div>
   <div class='ocr_carea' id='block_1_54' title="bbox 172 2429 959 2468">
    <p class='ocr_par' dir='ltr' id='par_1_54' title="bbox 172 2429 959 2468">
     <span class='ocr_line' id='line_1_54' title="bbox 172 2429 959 2468; baseline -0.008 -7"><span class='ocrx_word' id='word_1_554' title='bbox 172 2435 276 2466; x_wconf 85' lang='lat' dir='ltr'><strong>laudes,</strong></span> <span class='ocrx_word' id='word_1_555' title='bbox 293 2433 407 2468; x_wconf 88' lang='lat' dir='ltr'><strong>primum</strong></span> <span class='ocrx_word' id='word_1_556' title='bbox 423 2431 456 2458; x_wconf 87' lang='lat' dir='ltr'><strong>de</strong></span> <span class='ocrx_word' id='word_1_557' title='bbox 469 2431 527 2466; x_wconf 84' lang='lat' dir='ltr'><strong>ejus</strong></span> <span class='ocrx_word' id='word_1_558' title='bbox 540 2430 652 2464; x_wconf 86' lang='lat' dir='ltr'><strong>pueritia</strong></span> <span class='ocrx_word' id='word_1_559' title='bbox 666 2429 788 2460; x_wconf 79' lang='lat' dir='ltr'><strong>disserit,</strong></span> <span class='ocrx_word' id='word_1_560' title='bbox 803 2433 886 2464; x_wconf 89' lang='lat' dir='ltr'><strong>utque</strong></span> <span class='ocrx_word' id='word_1_561' title='bbox 901 2436 959 2455; x_wconf 87' lang='lat' dir='ltr'><strong>om-</strong></span> 
     </span>
    </p>
   </div>
   <div class='ocr_carea' id='block_1_55' title="bbox 173 2475 959 2511">
    <p class='ocr_par' dir='ltr' id='par_1_55' title="bbox 173 2475 959 2511">
     <span class='ocr_line' id='line_1_55' title="bbox 173 2475 959 2511; baseline -0.008 -3"><span class='ocrx_word' id='word_1_562' title='bbox 173 2481 239 2508; x_wconf 88' lang='lat' dir='ltr'><strong>nino</strong></span> <span class='ocrx_word' id='word_1_563' title='bbox 259 2478 384 2506; x_wconf 83' lang='lat' dir='ltr'><strong>habuerit</strong></span> <span class='ocrx_word' id='word_1_564' title='bbox 398 2476 529 2509; x_wconf 90' lang='lat' dir='ltr'><strong>moribus,</strong></span> <span class='ocrx_word' id='word_1_565' title='bbox 554 2483 585 2503; x_wconf 86' lang='lat' dir='ltr'><strong>ac</strong></span> <span class='ocrx_word' id='word_1_566' title='bbox 600 2475 690 2511; x_wconf 84' lang='lat' dir='ltr'><strong>qualis</strong></span> <span class='ocrx_word' id='word_1_567' title='bbox 703 2476 743 2502; x_wconf 89' lang='lat' dir='ltr'><strong>vir</strong></span> <span class='ocrx_word' id='word_1_568' title='bbox 760 2476 857 2506; x_wconf 57' lang='lat' dir='ltr'><strong>fartus,</strong></span> <span class='ocrx_word' id='word_1_569' title='bbox 878 2475 959 2502; x_wconf 71' lang='lat' dir='ltr'><strong>fuerit</strong></span> 
     </span>
    </p>
   </div>
   <div class='ocr_carea' id='block_1_56' title="bbox 175 2521 957 2557">
    <p class='ocr_par' dir='ltr' id='par_1_56' title="bbox 175 2521 957 2557">
     <span class='ocr_line' id='line_1_56' title="bbox 175 2521 957 2557; baseline -0.008 -4"><span class='ocrx_word' id='word_1_570' title='bbox 175 2525 327 2553; x_wconf 79' lang='lat' dir='ltr'><strong>universis:</strong></span> <span class='ocrx_word' id='word_1_571' title='bbox 343 2529 399 2550; x_wconf 89' lang='lat' dir='ltr'><strong>tum</strong></span> <span class='ocrx_word' id='word_1_572' title='bbox 410 2529 474 2549; x_wconf 89' lang='lat' dir='ltr'><strong>vero</strong></span> <span class='ocrx_word' id='word_1_573' title='bbox 489 2522 523 2549; x_wconf 88' lang='lat' dir='ltr'><strong>ad</strong></span> <span class='ocrx_word' id='word_1_574' title='bbox 533 2527 592 2549; x_wconf 86' lang='lat' dir='ltr'><strong>acta</strong></span> <span class='ocrx_word' id='word_1_575' title='bbox 611 2529 642 2549; x_wconf 89' lang='lat' dir='ltr'><strong>ac</strong></span> <span class='ocrx_word' id='word_1_576' title='bbox 657 2529 701 2549; x_wconf 92' lang='lat' dir='ltr'><strong>res</strong></span> <span class='ocrx_word' id='word_1_577' title='bbox 709 2525 799 2557; x_wconf 56' lang='lat' dir='ltr'><strong>gestas</strong></span> <span class='ocrx_word' id='word_1_578' title='bbox 816 2521 957 2555; x_wconf 70' lang='lat' dir='ltr'><strong>procedit:</strong></span> 
     </span>
    </p>
   </div>
   <div class='ocr_carea' id='block_1_57' title="bbox 175 2569 957 2610">
    <p class='ocr_par' dir='ltr' id='par_1_57' title="bbox 175 2569 957 2610">
     <span class='ocr_line' id='line_1_57' title="bbox 175 2569 957 2610; baseline -0.009 -9"><span class='ocrx_word' id='word_1_579' title='bbox 175 2575 346 2610; x_wconf 84' lang='lat' dir='ltr'><strong>primumque</strong></span> <span class='ocrx_word' id='word_1_580' title='bbox 362 2578 456 2599; x_wconf 90' lang='lat' dir='ltr'><strong>eorum</strong></span> <span class='ocrx_word' id='word_1_581' title='bbox 483 2570 648 2598; x_wconf 88' lang='lat' dir='ltr'><strong>mentionem</strong></span> <span class='ocrx_word' id='word_1_582' title='bbox 661 2569 738 2602; x_wconf 82' lang='lat' dir='ltr'><strong>facit,</strong></span> <span class='ocrx_word' id='word_1_583' title='bbox 749 2577 809 2604; x_wconf 80' lang='lat' dir='ltr'><strong>qua:</strong></span> <span class='ocrx_word' id='word_1_584' title='bbox 821 2569 957 2610; x_wconf 68' lang='lat' dir='ltr'><strong>quondam</strong></span> 
     </span>
    </p>
   </div>
   <div class='ocr_carea' id='block_1_58' title="bbox 175 2609 958 2655">
    <p class='ocr_par' dir='ltr' id='par_1_58' title="bbox 175 2609 958 2655">
     <span class='ocr_line' id='line_1_58' title="bbox 175 2609 958 2655; baseline -0.009 -8"><span class='ocrx_word' id='word_1_585' title='bbox 175 2609 201 2648; x_wconf 88' lang='lat' dir='ltr'><strong>in</strong></span> <span class='ocrx_word' id='word_1_586' title='bbox 218 2625 333 2655; x_wconf 88' lang='lat' dir='ltr'><strong>patrem,</strong></span> <span class='ocrx_word' id='word_1_587' title='bbox 347 2617 527 2651; x_wconf 88' lang='lat' dir='ltr'><strong>eumdemquc</strong></span> <span class='ocrx_word' id='word_1_588' title='bbox 541 2617 640 2650; x_wconf 87' lang='lat' dir='ltr'><strong>ipsum,</strong></span> <span class='ocrx_word' id='word_1_589' title='bbox 652 2622 683 2642; x_wconf 84' lang='lat' dir='ltr'><strong>ac</strong></span> <span class='ocrx_word' id='word_1_590' title='bbox 698 2615 864 2650; x_wconf 77' lang='lat' dir='ltr'><strong>propinquos</strong></span> <span class='ocrx_word' id='word_1_591' title='bbox 881 2609 958 2645; x_wconf 64' lang='lat' dir='ltr'><strong>alios,</strong></span> 
     </span>
    </p>
   </div>
   <div class='ocr_carea' id='block_1_59' title="bbox 1009 2110 1791 2144">
    <p class='ocr_par' dir='ltr' id='par_1_59' title="bbox 1009 2110 1791 2144">
     <span class='ocr_line' id='line_1_59' title="bbox 1009 2110 1791 2144; baseline -0.003 -5"><span class='ocrx_word' id='word_1_592' title='bbox 1009 2113 1023 2139; x_wconf 82' lang='grc' dir='ltr'><strong>ὁ</strong></span> <span class='ocrx_word' id='word_1_593' title='bbox 1036 2111 1100 2138; x_wconf 84' lang='grc' dir='ltr'><strong>τάδε</strong></span> <span class='ocrx_word' id='word_1_594' title='bbox 1117 2111 1204 2144; x_wconf 76' lang='grc' dir='ltr'>λέγων</span> <span class='ocrx_word' id='word_1_595' title='bbox 1220 2110 1356 2139; x_wconf 78' lang='grc' dir='ltr'>θειότατος</span> <span class='ocrx_word' id='word_1_596' title='bbox 1375 2110 1511 2144; x_wconf 60' lang='grc' dir='ltr'>βασιλεὺς.</span> <span class='ocrx_word' id='word_1_597' title='bbox 1526 2110 1576 2137; x_wconf 88' lang='grc' dir='ltr'><strong>οὐκ</strong></span> <span class='ocrx_word' id='word_1_598' title='bbox 1592 2111 1638 2138; x_wconf 74' lang='grc' dir='ltr'>ἐπὶ</span> <span class='ocrx_word' id='word_1_599' title='bbox 1652 2111 1734 2137; x_wconf 85' lang='grc' dir='ltr'>πλέον</span> <span class='ocrx_word' id='word_1_600' title='bbox 1748 2112 1791 2137; x_wconf 80' lang='grc' dir='ltr'><strong>ὲν-</strong></span> 
     </span>
    </p>
   </div>
   <div class='ocr_carea' id='block_1_60' title="bbox 1009 2156 1791 2193">
    <p class='ocr_par' dir='ltr' id='par_1_60' title="bbox 1009 2156 1791 2193">
     <span class='ocr_line' id='line_1_60' title="bbox 1009 2156 1791 2193; baseline 0 -9"><span class='ocrx_word' id='word_1_601' title='bbox 1009 2157 1140 2193; x_wconf 76' lang='grc' dir='ltr'>διατρίὸει</span> <span class='ocrx_word' id='word_1_602' title='bbox 1156 2156 1196 2190; x_wconf 81' lang='grc' dir='ltr'>τῷ</span> <span class='ocrx_word' id='word_1_603' title='bbox 1227 2156 1290 2191; x_wconf 68' lang='grc' dir='ltr'><strong>περὶ</strong></span> <span class='ocrx_word' id='word_1_604' title='bbox 1317 2156 1420 2183; x_wconf 81' lang='grc' dir='ltr'>τούτων</span> <span class='ocrx_word' id='word_1_605' title='bbox 1451 2156 1555 2192; x_wconf 84' lang='grc' dir='ltr'><strong>χωρίῳ.</strong></span> <span class='ocrx_word' id='word_1_606' title='bbox 1581 2156 1791 2192; x_wconf 76' lang='grc' dir='ltr'><strong>Ἐπιγενόμενος</strong></span> 
     </span>
    </p>
   </div>
   <div class='ocr_carea' id='block_1_61' title="bbox 1010 2205 1792 2240">
    <p class='ocr_par' dir='ltr' id='par_1_61' title="bbox 1010 2205 1792 2240">
     <span class='ocr_line' id='line_1_61' title="bbox 1010 2205 1792 2240; baseline 0 -8"><span class='ocrx_word' id='word_1_607' title='bbox 1010 2206 1060 2240; x_wconf 85' lang='grc' dir='ltr'><strong>μὲν</strong></span> <span class='ocrx_word' id='word_1_608' title='bbox 1072 2207 1117 2232; x_wconf 73' lang='grc' dir='ltr'><strong>ἐπὶ</strong></span> <span class='ocrx_word' id='word_1_609' title='bbox 1131 2206 1179 2236; x_wconf 71' lang='grc' dir='ltr'>τὰς</span> <span class='ocrx_word' id='word_1_610' title='bbox 1196 2206 1242 2231; x_wconf 75' lang='grc' dir='ltr'>τοῦ</span> <span class='ocrx_word' id='word_1_611' title='bbox 1266 2205 1463 2239; x_wconf 76' lang='grc' dir='ltr'><strong>ἐπαινουμένου</strong></span> <span class='ocrx_word' id='word_1_612' title='bbox 1490 2205 1614 2239; x_wconf 78' lang='grc' dir='ltr'><strong>πράξεις,</strong></span> <span class='ocrx_word' id='word_1_613' title='bbox 1633 2205 1715 2236; x_wconf 62' lang='lat' dir='ltr'><strong>ob“;</strong></span> <span class='ocrx_word' id='word_1_614' title='bbox 1741 2206 1792 2233; x_wconf 80' lang='grc' dir='ltr'><strong>οὐκ</strong></span> 
     </span>
    </p>
   </div>
   <div class='ocr_carea' id='block_1_62' title="bbox 1009 2249 1792 2285">
    <p class='ocr_par' dir='ltr' id='par_1_62' title="bbox 1009 2249 1792 2285">
     <span class='ocr_line' id='line_1_62' title="bbox 1009 2249 1792 2285; baseline 0.001 -8"><span class='ocrx_word' id='word_1_615' title='bbox 1009 2251 1114 2285; x_wconf 78' lang='grc' dir='ltr'><strong>ὀλίγας,</strong></span> <span class='ocrx_word' id='word_1_616' title='bbox 1132 2251 1190 2277; x_wconf 80' lang='grc' dir='ltr'><strong>οὐδὲ</strong></span> <span class='ocrx_word' id='word_1_617' title='bbox 1205 2250 1329 2285; x_wconf 76' lang='grc' dir='ltr'>βραχέων</span> <span class='ocrx_word' id='word_1_618' title='bbox 1351 2249 1404 2276; x_wconf 75' lang='grc' dir='ltr'><strong>τῶν</strong></span> <span class='ocrx_word' id='word_1_619' title='bbox 1420 2249 1508 2283; x_wconf 84' lang='grc' dir='ltr'>λόγων</span> <span class='ocrx_word' id='word_1_620' title='bbox 1523 2250 1654 2284; x_wconf 79' lang='grc' dir='ltr'>δεομένας</span> <span class='ocrx_word' id='word_1_621' title='bbox 1667 2259 1674 2266; x_wconf 90' lang='grc'>·</span> <span class='ocrx_word' id='word_1_622' title='bbox 1691 2251 1792 2278; x_wconf 78' lang='grc' dir='ltr'>ἀπολο-</span> 
     </span>
    </p>
   </div>
   <div class='ocr_carea' id='block_1_63' title="bbox 1010 2295 1794 2332">
    <p class='ocr_par' dir='ltr' id='par_1_63' title="bbox 1010 2295 1794 2332">
     <span class='ocr_line' id='line_1_63' title="bbox 1010 2295 1794 2332; baseline 0.003 -10"><span class='ocrx_word' id='word_1_623' title='bbox 1010 2297 1072 2331; x_wconf 84' lang='grc' dir='ltr'>γίαν</span> <span class='ocrx_word' id='word_1_624' title='bbox 1084 2296 1112 2323; x_wconf 79' lang='grc' dir='ltr'><strong>δὲ</strong></span> <span class='ocrx_word' id='word_1_625' title='bbox 1123 2296 1319 2330; x_wconf 73' lang='grc' dir='ltr'><strong>πορισάμενος,</strong></span> <span class='ocrx_word' id='word_1_626' title='bbox 1339 2295 1376 2326; x_wconf 83' lang='grc' dir='ltr'><strong>ὡς</strong></span> <span class='ocrx_word' id='word_1_627' title='bbox 1400 2296 1444 2321; x_wconf 62' lang='grc' dir='ltr'><strong>διὰ</strong></span> <span class='ocrx_word' id='word_1_628' title='bbox 1458 2296 1488 2322; x_wconf 82' lang='grc' dir='ltr'>τὸ</span> <span class='ocrx_word' id='word_1_629' title='bbox 1511 2297 1577 2322; x_wconf 79' lang='grc' dir='ltr'>πᾶσι</span> <span class='ocrx_word' id='word_1_630' title='bbox 1592 2297 1693 2324; x_wconf 82' lang='grc' dir='ltr'>τούτων</span> <span class='ocrx_word' id='word_1_631' title='bbox 1715 2305 1794 2332; x_wconf 85' lang='grc' dir='ltr'>περι-</span> 
     </span>
    </p>
   </div>
   <div class='ocr_carea' id='block_1_64' title="bbox 1011 2341 1794 2377">
    <p class='ocr_par' dir='ltr' id='par_1_64' title="bbox 1011 2341 1794 2377">
     <span class='ocr_line' id='line_1_64' title="bbox 1011 2341 1794 2377; baseline 0 -9"><span class='ocrx_word' id='word_1_632' title='bbox 1011 2343 1105 2377; x_wconf 75' lang='grc' dir='ltr'>φανὲς,</span> <span class='ocrx_word' id='word_1_633' title='bbox 1118 2343 1166 2368; x_wconf 79' lang='grc' dir='ltr'><strong>καὶ</strong></span> <span class='ocrx_word' id='word_1_634' title='bbox 1184 2341 1244 2376; x_wconf 82' lang='grc' dir='ltr'><strong>μηδ’</strong></span> <span class='ocrx_word' id='word_1_635' title='bbox 1262 2341 1306 2375; x_wconf 78' lang='grc' dir='ltr'><strong>ὑφ’</strong></span> <span class='ocrx_word' id='word_1_636' title='bbox 1320 2341 1378 2372; x_wconf 76' lang='grc' dir='ltr'>ἑνὸς</span> <span class='ocrx_word' id='word_1_637' title='bbox 1391 2341 1570 2376; x_wconf 80' lang='grc' dir='ltr'>ἀρνούμενον,</span> <span class='ocrx_word' id='word_1_638' title='bbox 1585 2341 1633 2368; x_wconf 74' lang='grc' dir='ltr'><strong>οὐκ</strong></span> <span class='ocrx_word' id='word_1_639' title='bbox 1645 2342 1794 2376; x_wconf 82' lang='grc' dir='ltr'>ἀναγκαῖον</span> 
     </span>
    </p>
   </div>
   <div class='ocr_carea' id='block_1_65' title="bbox 1010 2386 1794 2422">
    <p class='ocr_par' dir='ltr' id='par_1_65' title="bbox 1010 2386 1794 2422">
     <span class='ocr_line' id='line_1_65' title="bbox 1010 2386 1794 2422; baseline -0.001 -7"><span class='ocrx_word' id='word_1_640' title='bbox 1010 2388 1052 2422; x_wconf 64' lang='grc' dir='ltr'><strong>εἴη</strong></span> <span class='ocrx_word' id='word_1_641' title='bbox 1070 2387 1238 2414; x_wconf 73' lang='grc' dir='ltr'>καοὲκαστον</span> <span class='ocrx_word' id='word_1_642' title='bbox 1258 2386 1384 2419; x_wconf 74' lang='grc' dir='ltr'><strong>διεξιέναι</strong></span> <span class='ocrx_word' id='word_1_643' title='bbox 1411 2388 1472 2421; x_wconf 79' lang='grc' dir='ltr'>περὶ</span> <span class='ocrx_word' id='word_1_644' title='bbox 1499 2387 1599 2418; x_wconf 77' lang='grc' dir='ltr'>αὐτῶν,</span> <span class='ocrx_word' id='word_1_645' title='bbox 1612 2387 1686 2422; x_wconf 83' lang='grc' dir='ltr'><strong>αὑτῷ</strong></span> <span class='ocrx_word' id='word_1_646' title='bbox 1706 2388 1794 2422; x_wconf 80' lang='grc' dir='ltr'>τούτῳ</span> 
     </span>
    </p>
   </div>
   <div class='ocr_carea' id='block_1_66' title="bbox 1010 2432 1794 2468">
    <p class='ocr_par' dir='ltr' id='par_1_66' title="bbox 1010 2432 1794 2468">
     <span class='ocr_line' id='line_1_66' title="bbox 1010 2432 1794 2468; baseline -0.003 -8"><span class='ocrx_word' id='word_1_647' title='bbox 1010 2434 1056 2460; x_wconf 76' lang='grc' dir='ltr'><strong>καὶ</strong></span> <span class='ocrx_word' id='word_1_648' title='bbox 1075 2434 1147 2468; x_wconf 84' lang='grc' dir='ltr'>μάλα</span> <span class='ocrx_word' id='word_1_649' title='bbox 1166 2433 1306 2468; x_wconf 76' lang='grc' dir='ltr'><strong>σεμνύνει.</strong></span> <span class='ocrx_word' id='word_1_650' title='bbox 1332 2432 1441 2458; x_wconf 78' lang='grc' dir='ltr'><strong>Ἔπειθ’</strong></span> <span class='ocrx_word' id='word_1_651' title='bbox 1458 2432 1529 2458; x_wconf 75' lang='grc' dir='ltr'>οὓτω</span> <span class='ocrx_word' id='word_1_652' title='bbox 1556 2433 1610 2458; x_wconf 82' lang='grc' dir='ltr'>τῶν</span> <span class='ocrx_word' id='word_1_653' title='bbox 1635 2432 1694 2459; x_wconf 75' lang='grc' dir='ltr'>κατ’</span> <span class='ocrx_word' id='word_1_654' title='bbox 1712 2434 1794 2460; x_wconf 72' lang='grc' dir='ltr'>αὐτὸν</span> 
     </span>
    </p>
   </div>
   <div class='ocr_carea' id='block_1_67' title="bbox 1009 2477 1794 2513">
    <p class='ocr_par' dir='ltr' id='par_1_67' title="bbox 1009 2477 1794 2513">
     <span class='ocr_line' id='line_1_67' title="bbox 1009 2477 1794 2513; baseline -0.003 -7"><span class='ocrx_word' id='word_1_655' title='bbox 1009 2481 1055 2506; x_wconf 56' lang='grc' dir='ltr'><strong>τὴν</strong></span> <span class='ocrx_word' id='word_1_656' title='bbox 1071 2478 1267 2512; x_wconf 74' lang='grc' dir='ltr'>ἐπαινούμενον</span> <span class='ocrx_word' id='word_1_657' title='bbox 1281 2477 1367 2512; x_wconf 84' lang='grc' dir='ltr'>λόγων</span> <span class='ocrx_word' id='word_1_658' title='bbox 1383 2478 1533 2512; x_wconf 70' lang='grc' dir='ltr'>ἁψάμενος,</span> <span class='ocrx_word' id='word_1_659' title='bbox 1545 2477 1654 2512; x_wconf 81' lang='grc' dir='ltr'>πρῶτον</span> <span class='ocrx_word' id='word_1_660' title='bbox 1669 2478 1718 2512; x_wconf 83' lang='grc' dir='ltr'><strong>μὲν</strong></span> <span class='ocrx_word' id='word_1_661' title='bbox 1729 2479 1794 2513; x_wconf 81' lang='grc' dir='ltr'><strong>περὶ</strong></span> 
     </span>
    </p>
   </div>
   <div class='ocr_carea' id='block_1_68' title="bbox 1010 2523 1793 2559">
    <p class='ocr_par' dir='ltr' id='par_1_68' title="bbox 1010 2523 1793 2559">
     <span class='ocr_line' id='line_1_68' title="bbox 1010 2523 1793 2559; baseline -0.004 -7"><span class='ocrx_word' id='word_1_662' title='bbox 1010 2527 1060 2559; x_wconf 72' lang='grc' dir='ltr'>τῆς</span> <span class='ocrx_word' id='word_1_663' title='bbox 1071 2527 1103 2551; x_wconf 78' lang='grc' dir='ltr'><strong>ὲκ</strong></span> <span class='ocrx_word' id='word_1_664' title='bbox 1119 2525 1212 2555; x_wconf 70' lang='grc' dir='ltr'><strong>πιιδδς</strong></span> <span class='ocrx_word' id='word_1_665' title='bbox 1229 2525 1342 2559; x_wconf 73' lang='grc' dir='ltr'>τροφῆς,</span> <span class='ocrx_word' id='word_1_666' title='bbox 1358 2524 1405 2549; x_wconf 81' lang='grc' dir='ltr'>καὶ</span> <span class='ocrx_word' id='word_1_667' title='bbox 1431 2523 1478 2550; x_wconf 81' lang='grc' dir='ltr'>τοῦ</span> <span class='ocrx_word' id='word_1_668' title='bbox 1493 2524 1554 2549; x_wconf 80' lang='grc' dir='ltr'>ὅλου</span> <span class='ocrx_word' id='word_1_669' title='bbox 1572 2524 1656 2559; x_wconf 79' lang='grc' dir='ltr'>ἦυους</span> <span class='ocrx_word' id='word_1_670' title='bbox 1669 2523 1793 2556; x_wconf 78' lang='grc' dir='ltr'><strong>διέξεισι,</strong></span> 
     </span>
    </p>
   </div>
   <div class='ocr_carea' id='block_1_69' title="bbox 1011 2566 1795 2603">
    <p class='ocr_par' dir='ltr' id='par_1_69' title="bbox 1011 2566 1795 2603">
     <span class='ocr_line' id='line_1_69' title="bbox 1011 2566 1795 2603; baseline -0.003 -7"><span class='ocrx_word' id='word_1_671' title='bbox 1011 2571 1059 2596; x_wconf 72' lang='grc' dir='ltr'><strong>καὶ</strong></span> <span class='ocrx_word' id='word_1_672' title='bbox 1071 2568 1125 2601; x_wconf 78' lang='grc' dir='ltr'>οἷος</span> <span class='ocrx_word' id='word_1_673' title='bbox 1135 2571 1190 2601; x_wconf 78' lang='grc' dir='ltr'>τοῖς</span> <span class='ocrx_word' id='word_1_674' title='bbox 1210 2570 1279 2601; x_wconf 78' lang='grc' dir='ltr'>ὅλοις</span> <span class='ocrx_word' id='word_1_675' title='bbox 1293 2567 1327 2603; x_wconf 82' lang='grc' dir='ltr'>ἦν</span> <span class='ocrx_word' id='word_1_676' title='bbox 1341 2570 1354 2595; x_wconf 83' lang='grc' dir='ltr'>ὁ</span> <span class='ocrx_word' id='word_1_677' title='bbox 1372 2569 1442 2603; x_wconf 85' lang='grc' dir='ltr'>ἀνήρ</span> <span class='ocrx_word' id='word_1_678' title='bbox 1452 2576 1458 2583; x_wconf 91' lang='grc'>·</span> <span class='ocrx_word' id='word_1_679' title='bbox 1475 2566 1525 2594; x_wconf 74' lang='grc' dir='ltr'><strong>εἴτ’</strong></span> <span class='ocrx_word' id='word_1_680' title='bbox 1540 2570 1587 2594; x_wconf 75' lang='grc' dir='ltr'><strong>ἐπὶ</strong></span> <span class='ocrx_word' id='word_1_681' title='bbox 1607 2569 1658 2600; x_wconf 75' lang='grc' dir='ltr'><strong>τὰς</strong></span> <span class='ocrx_word' id='word_1_682' title='bbox 1679 2569 1795 2603; x_wconf 80' lang='grc' dir='ltr'><strong>πράξεις</strong></span> 
     </span>
    </p>
   </div>
   <div class='ocr_carea' id='block_1_70' title="bbox 1010 2614 1796 2650">
    <p class='ocr_par' dir='ltr' id='par_1_70' title="bbox 1010 2614 1796 2650">
     <span class='ocr_line' id='line_1_70' title="bbox 1010 2614 1796 2650; baseline -0.003 -8"><span class='ocrx_word' id='word_1_683' title='bbox 1010 2625 1040 2642; x_wconf 90' lang='grc' dir='ltr'>τε</span> <span class='ocrx_word' id='word_1_684' title='bbox 1058 2617 1104 2642; x_wconf 67' lang='grc' dir='ltr'><strong>καὶ</strong></span> <span class='ocrx_word' id='word_1_685' title='bbox 1131 2617 1165 2641; x_wconf 75' lang='grc' dir='ltr'>τὰ</span> <span class='ocrx_word' id='word_1_686' title='bbox 1188 2615 1257 2649; x_wconf 74' lang='grc' dir='ltr'>ἔργα</span> <span class='ocrx_word' id='word_1_687' title='bbox 1284 2615 1377 2649; x_wconf 82' lang='grc' dir='ltr'><strong>χωρεῖ.</strong></span> <span class='ocrx_word' id='word_1_688' title='bbox 1403 2615 1456 2641; x_wconf 73' lang='grc' dir='ltr'><strong>Καὶ</strong></span> <span class='ocrx_word' id='word_1_689' title='bbox 1474 2615 1584 2648; x_wconf 84' lang='grc' dir='ltr'>πρῶτον</span> <span class='ocrx_word' id='word_1_690' title='bbox 1606 2614 1656 2650; x_wconf 83' lang='grc' dir='ltr'><strong>μὲν</strong></span> <span class='ocrx_word' id='word_1_691' title='bbox 1681 2615 1796 2641; x_wconf 74' lang='grc' dir='ltr'>ἐκείνων</span> 
     </span>
    </p>
   </div>
   <div class='ocr_carea' id='block_1_71' title="bbox 174 2657 957 2696">
    <p class='ocr_par' dir='ltr' id='par_1_71' title="bbox 174 2660 954 2695">
     <span class='ocr_line' id='line_1_71' title="bbox 174 2660 954 2695; baseline -0.008 -3"><span class='ocrx_word' id='word_1_692' title='bbox 174 2673 237 2692; x_wconf 86' lang='lat' dir='ltr'><strong>cum</strong></span> <span class='ocrx_word' id='word_1_693' title='bbox 254 2665 272 2692; x_wconf 82' lang='lat' dir='ltr'><strong>ii</strong></span> <span class='ocrx_word' id='word_1_694' title='bbox 290 2665 370 2692; x_wconf 83' lang='lat' dir='ltr'><strong>rebus</strong></span> <span class='ocrx_word' id='word_1_695' title='bbox 385 2663 510 2690; x_wconf 86' lang='lat' dir='ltr'><strong>adversis</strong></span> <span class='ocrx_word' id='word_1_696' title='bbox 533 2666 684 2694; x_wconf 86' lang='lat' dir='ltr'><strong>uterentur,</strong></span> <span class='ocrx_word' id='word_1_697' title='bbox 701 2660 734 2688; x_wconf 85' lang='lat' dir='ltr'><strong>ab</strong></span> <span class='ocrx_word' id='word_1_698' title='bbox 748 2667 780 2688; x_wconf 88' lang='lat' dir='ltr'><strong>eo</strong></span> <span class='ocrx_word' id='word_1_699' title='bbox 792 2665 866 2695; x_wconf 73' lang='lat' dir='ltr'><strong>gesta</strong></span> <span class='ocrx_word' id='word_1_700' title='bbox 882 2665 954 2693; x_wconf 82' lang='lat' dir='ltr'><strong>sunt,</strong></span> 
     </span>
    </p>
   </div>
   <div class='ocr_carea' id='block_1_72' title="bbox 1010 2657 1793 2696">
    <p class='ocr_par' dir='ltr' id='par_1_72' title="bbox 1013 2660 1793 2696">
     <span class='ocr_line' id='line_1_72' title="bbox 1013 2660 1793 2696; baseline -0.003 -9"><span class='ocrx_word' id='word_1_701' title='bbox 1013 2662 1160 2695; x_wconf 77' lang='grc' dir='ltr'>μέμνηται,</span> <span class='ocrx_word' id='word_1_702' title='bbox 1180 2661 1197 2687; x_wconf 82' lang='grc' dir='ltr'><strong>ἆ</strong></span> <span class='ocrx_word' id='word_1_703' title='bbox 1213 2669 1276 2686; x_wconf 84' lang='grc' dir='ltr'>ποτε</span> <span class='ocrx_word' id='word_1_704' title='bbox 1296 2660 1360 2694; x_wconf 83' lang='grc' dir='ltr'>περί</span> <span class='ocrx_word' id='word_1_705' title='bbox 1377 2668 1405 2686; x_wconf 83' lang='grc' dir='ltr'>τε</span> <span class='ocrx_word' id='word_1_706' title='bbox 1423 2661 1468 2686; x_wconf 77' lang='grc' dir='ltr'>τὸν</span> <span class='ocrx_word' id='word_1_707' title='bbox 1485 2661 1602 2696; x_wconf 76' lang='grc' dir='ltr'>πατέρα,</span> <span class='ocrx_word' id='word_1_708' title='bbox 1620 2660 1668 2687; x_wconf 72' lang='grc' dir='ltr'><strong>καὶ</strong></span> <span class='ocrx_word' id='word_1_709' title='bbox 1683 2660 1793 2691; x_wconf 61' lang='grc' dir='ltr'>ἑαυτὸν,</span> 
     </span>
    </p>
   </div>
   <div class='ocr_carea' id='block_1_73' title="bbox 174 2706 955 2746">
    <p class='ocr_par' dir='ltr' id='par_1_73' title="bbox 174 2706 955 2746">
     <span class='ocr_line' id='line_1_73' title="bbox 174 2706 955 2746; baseline -0.01 -8"><span class='ocrx_word' id='word_1_710' title='bbox 174 2715 321 2745; x_wconf 73' lang='lat' dir='ltr'><strong>nari-atque</strong></span> <span class='ocrx_word' id='word_1_711' title='bbox 334 2713 364 2736; x_wconf 89' lang='lat' dir='ltr'><strong>ut</strong></span> <span class='ocrx_word' id='word_1_712' title='bbox 377 2708 421 2736; x_wconf 87' lang='lat' dir='ltr'><strong>ille</strong></span> <span class='ocrx_word' id='word_1_713' title='bbox 445 2708 471 2734; x_wconf 90' lang='lat' dir='ltr'><strong>in</strong></span> <span class='ocrx_word' id='word_1_714' title='bbox 500 2707 582 2735; x_wconf 86' lang='lat' dir='ltr'><strong>rebus</strong></span> <span class='ocrx_word' id='word_1_715' title='bbox 596 2706 740 2746; x_wconf 85' lang='lat' dir='ltr'><strong>habuerit:</strong></span> <span class='ocrx_word' id='word_1_716' title='bbox 770 2710 827 2731; x_wconf 92' lang='lat' dir='ltr'><strong>tum</strong></span> <span class='ocrx_word' id='word_1_717' title='bbox 844 2706 955 2738; x_wconf 71' lang='lat' dir='ltr'><strong>gradum</strong></span> 
     </span>
    </p>
   </div>
   <div class='ocr_carea' id='block_1_74' title="bbox 1012 2705 1796 2741">
    <p class='ocr_par' dir='ltr' id='par_1_74' title="bbox 1012 2705 1796 2741">
     <span class='ocr_line' id='line_1_74' title="bbox 1012 2705 1796 2741; baseline -0.003 -9"><span class='ocrx_word' id='word_1_718' title='bbox 1012 2708 1058 2732; x_wconf 74' lang='grc' dir='ltr'>καὶ</span> <span class='ocrx_word' id='word_1_719' title='bbox 1075 2707 1128 2732; x_wconf 80' lang='grc' dir='ltr'>τῶν</span> <span class='ocrx_word' id='word_1_720' title='bbox 1154 2706 1240 2731; x_wconf 60' lang='grc' dir='ltr'>ἄλλων</span> <span class='ocrx_word' id='word_1_721' title='bbox 1255 2705 1362 2731; x_wconf 75' lang='grc' dir='ltr'>οἰκείων</span> <span class='ocrx_word' id='word_1_722' title='bbox 1389 2706 1451 2737; x_wconf 71' lang='grc' dir='ltr'>τοὺς</span> <span class='ocrx_word' id='word_1_723' title='bbox 1468 2705 1528 2732; x_wconf 81' lang='grc' dir='ltr'>τότε</span> <span class='ocrx_word' id='word_1_724' title='bbox 1550 2705 1796 2741; x_wconf 76' lang='grc' dir='ltr'>δεδυστυχηκότας,</span> 
     </span>
    </p>
   </div>
   <div class='ocr_carea' id='block_1_75' title="bbox 204 2797 1062 2837">
    <p class='ocr_par' dir='ltr' id='par_1_75' title="bbox 204 2797 1062 2837">
     <span class='ocr_line' id='line_1_75' title="bbox 204 2797 1062 2837; baseline -0.009 -9"><span class='ocrx_word' id='word_1_725' title='bbox 204 2803 236 2837; x_wconf 79' lang='grc'><strong>(⁵)</strong></span> <span class='ocrx_word' id='word_1_726' title='bbox 247 2803 364 2832; x_wconf 79' lang='lat' dir='ltr'><strong>Auctore,</strong></span> <span class='ocrx_word' id='word_1_727' title='bbox 372 2802 441 2833; x_wconf 75' lang='lat' dir='ltr'><strong>juxta</strong></span> <span class='ocrx_word' id='word_1_728' title='bbox 451 2801 505 2826; x_wconf 89' lang='lat' dir='ltr'><strong>cod.</strong></span> <span class='ocrx_word' id='word_1_729' title='bbox 516 2799 547 2824; x_wconf 80' lang='lat'>88</span> <span class='ocrx_word' id='word_1_730' title='bbox 561 2805 600 2830; x_wconf 85' lang='lat' dir='ltr'><strong>ap.</strong></span> <span class='ocrx_word' id='word_1_731' title='bbox 612 2797 778 2827; x_wconf 73' lang='lat' dir='ltr'><strong>Lambecium,</strong></span> <span class='ocrx_word' id='word_1_732' title='bbox 798 2797 918 2822; x_wconf 73' lang='lat' dir='ltr'><strong>Gemistio</strong></span> <span class='ocrx_word' id='word_1_733' title='bbox 930 2798 1062 2824; x_wconf 77' lang='lat' dir='ltr'><strong>Plethone,</strong></span> 
     </span>
    </p>
   </div>
  </div>
