1938 3083
91 164 144 196 177

483 169 684 200 THEODURI
706 171 887 200 DESFO'L‘E
912 171 1105 202 LAUDATIO
1125 174 1329 205 FUNEBRlS.

1682 178 1732 214 ΠΒ

89 222 253 259 ἐπέπρακτο
265 224 348 261 αὐτῷ,
360 226 407 253 καὶ
417 225 454 258 ὡς
467 226 642 263 προσηνέχθη
655 227 712 259 τοῖς
721 227 782 254 τότε
796 228 884 263 πράγ-

941 226 1039 256 l'aciens
1055 230 1087 255 ad
1107 229 1350 264 Peloponnesiaco,
1380 232 1498 267 primum
1520 234 1643 262 meminit
1669 236 1729 270 ejus

90 277 160 303 μασι
175 277 182 284 ”
201 270 270 305 μετὰ
279 271 308 297 δὲ
331 271 429 304 ταῦτα,
453 273 499 299 ἐπὶ
518 273 552 300 τὰ
567 274 812 309 Πελοποννησιακά
828 274 879 310 ἠδη

87 315 231 349 χωρήσας.
250 317 362 352 πρώτης
381 318 430 352 μὲν
456 318 506 353 τῆς
523 319 564 351 εἰς
578 320 628 354 τὴν
655 319 748 355 χώραν
762 321 881 354 ἀφίξεως

89 361 242 395 μέμνηται,
258 362 296 393 ὡς
314 364 362 390 καὶ
379 365 597 400 προσδοκηοεῖσα
615 366 697 401 μόνον
708 367 797 402 ὢνησε
816 369 881 404 πρὶν

87 405 230 439 γενέσθαι,
251 409 297 435 καὶ
321 409 359 440 ὡς
378 410 490 444 ἀφῖκτο,
507 412 553 437 καὶ
580 412 618 443 ὡς
635 413 711 448 παρὰ
723 413 776 439 τῶν
795 415 882 449 ἐγχω-

90 452 160 486 ρίων
173 454 303 487 ἀσμένως
322 455 470 492 ὑπεδέχθη.
493 455 530 485 Οὗ
546 458 589 494 δὴ.
605 459 654 486 καὶ
671 460 727 486 τῶν
747 461 813 496 περὶ
835 461 882 488 τοῦ

87 507 119 525 τε
135 499 214 534 σφῶν
228 501 314 535 Θείου,
329 503 375 529 κα)¹
392 503 504 538 ἀνεψιοῦ
520 504 660 540 ἁψάμενος
672 506 772 540 λόγων,
787 505 817 533 εὖ
834 507 884 542 μά-

87 545 123 570 λα
143 545 325 581 φυλάττεται,
350 548 380 575 τὸ
407 551 492 585 μηδὲν
511 551 541 583 ἐς
564 551 667 584 αὐτοὺς
689 553 798 588 ἀπηχὲς
822 553 884 580 καθ’

87 591 152 618 ὅσον
173 588 230 619 οἷόν
247 603 288 625 τε,
313 596 382 630 μηδὲ
409 598 540 633 φορτικὸν
561 599 662 627 εἰπεῖν.
693 600 810 628 Ἔπειτα
834 602 885 636 τῆς

95 637 237 673 Ἰλλυριῶν
252 640 346 668 αὐτόοι
362 643 552 677 μετοικίσεως,
571 644 609 676 ὡς
633 645 781 681 δύσκριτόν
795 655 828 681 γε
841 647 885 680 ὃν,

89 682 146 710 εῐτι
164 686 353 718 παραδεκτέον
369 689 470 721 αὐτοὺς
484 690 513 722 ἐς
533 691 582 724 τὴν
602 691 705 726 χώραν,
724 693 779 719 εἴτε
799 693 854 727 μή·
872 694 895 725 ὁ,

88 730 112 756 δ’
125 730 236 763 suam
249 741 278 758 τε
293 734 324 759 οὺ
337 734 434 761 δοκοῦν
445 736 518 763 οὕτω
527 738 584 768 τοϊς
592 737 712 771 πολλοῖς,
724 738 804 770 αὐτὸς
814 739 886 774 μάλα

89 777 229 812 εὐστόχως
249 778 464 816 βεϐουλευμένος
479 783 545 817 περὶ
571 784 620 810 τοῦ
640 786 823 817 συνοίσοντος,
839 787 887 812 καὶ

91 823 120 853 ἐς
132 822 191 848 δέον
208 823 317 856 τούτοις
340 825 497 860 ἐχρήσατο·
515 829 563 854 καὶ
581 829 652 863 μετὰ
669 829 750 856 τοῦτο
762 830 814 864 τῆς
830 830 886 857 τῶν

91 869 251 902 προσοίκων
282 871 390 924 Ξχθρῶν
405 873 501 908 ἥττης,
526 875 574 902 καὶ
589 875 640 910 τῆς
656 875 808 910 πρίγκιπος
825 876 888 903 συλ-
904 894 926 924 Β

90 915 211 950 λήψεως,
227 916 262 944 δι’
279 913 316 944 ὧν
331 918 556 955 ἐγκρατεστέραν
581 922 728 956 ἀποφαίνει
746 923 887 958 καταστή-

92 970 179 990 σαντα
195 963 246 999 τὴν
263 964 364 1000 ἀρχήν.
384 964 451 993 Εἶτα
464 967 612 1002 παρελθὼν
631 968 679 995 ἐπὶ
693 969 757 1000 τοὺς
772 968 809 1000 ὡς
823 971 886 1001 τοὺς

91 1008 250 1044 βαρϐάρους
274 1011 443 1046 αὐτομόλους
460 1012 590 1047 ἥκοντας,
613 1014 662 1041 καὶ
679 1014 789 1049 πρῶτον
807 1017 885 1050 κοινῇ

89 1053 159 1090 περὶ
173 1054 229 1081 τῶν
255 1055 387 1083 τοιούτων
405 1057 570 1090 ιπεεελοὼν,
597 1059 685 1093 φειδοῖ
702 1059 750 1085 τοῦ
770 1060 887 1094 μηδενὸς

91 1099 124 1126 ἂν
142 1100 275 1136 ὀνομαστὶ
290 1102 480 1137 καθάψασθαι,
497 1104 585 1130 ἔπειτ’
602 1105 647 1131 ἐπ’
661 1105 744 1132 αὑτὸν
759 1105 806 1132 τὸν
820 1106 887 1141 βάρ-

90 1146 178 1180 ϐαρον
194 1149 290 1183 χωρεῖ,
302 1149 348 1175 καὶ
362 1147 403 1181 οἷς
418 1152 478 1176 κατ’
493 1151 596 1185 ἀμφοῖν
612 1152 808 1187 ἐπεχείρησεν,
836 1153 888 1179 ὑπὸ

89 1192 147 1218 τῶν
155 1190 192 1222 ὡς
206 1192 288 1218 αὐτον
301 1193 422 1227 ἡκόντων
434 1195 594 1230 αὐτομόλων
609 1197 773 1231 ἑναγόμενος
786 1205 793 1213 '
807 1198 887 1224 ἐνίων

91 1238 121 1264 δὲ
137 1238 185 1265 καὶ
202 1238 307 1265 οἴκοθεν
321 1240 578 1275 μετακαλουμένων.
592 1242 709 1269 Ἔπειτα
721 1244 771 1278 τῆς
785 1244 822 1275 ὡς
838 1244 888 1270 αὑ-

92 1283 139 1310 τὸν
157 1283 278 1318 ἀφίξεως
296 1285 448 1320 μέμνηται,
475 1288 524 1322 τῆς
554 1296 584 1314 τε
600 1288 698 1316 τούτου
714 1289 762 1316 καὶ
775 1290 886 1322 ἑαυτοῦ,

93 1330 219 1365 ἀνάγκης
244 1339 274 1357 τε
290 1333 490 1368 γεγενημένης,
517 1334 565 1361 καὶ
590 1335 666 1371 παρὰ
691 1336 725 1362 τὰ
739 1336 888 1371 δεδογμένα

96 1377 200 1410 σφίσιν,
217 1377 289 1404 οὕτω
304 1378 335 1414 δὴ
350 1381 589 1414 συμπεπτωκυίας
601 1390 608 1398 ’
627 1382 674 1408 τοῦ
688 1391 718 1409 τε
731 1383 806 1418 παρὰ
822 1383 889 1411 ταύ-

95 1432 147 1458 την
164 1423 299 1457 κινδύνου,
316 1426 363 1452 καὶ
379 1426 433 1452 τῶν
445 1426 535 1454 ἄλλων
549 1427 604 1455 τῶν
615 1429 707 1456 ὲκεῖσε
726 1429 887 1465 ἀπηντηκό-

95 1477 152 1495 των
168 1469 308 1506 δυσχερῶν
320 1479 327 1486 ·
350 1473 398 1499 καὶ
413 1472 450 1504 ὡς
469 1473 551 1504 αὐτὸς
570 1473 620 1509 μὲν
643 1474 772 1510 βασιλεὺς
788 1477 886 1513 γνώμῃ

95 1515 143 1541 τοῦ
162 1515 302 1552 βαρϐάρου
328 1517 376 1545 ἐπὶ
393 1517 441 1554 τὴν
469 1519 591 1555 μεγάλην
609 1520 643 1548 αὖ
660 1521 737 1548 πόλιν
753 1523 828 1558 παρά
842 1524 888 1550 δό-

97 1561 147 1593 ξαν
165 1562 333 1595 ἀνασώζεται
345 1572 352 1580 ·
377 1565 391 1591 ὁ
408 1564 431 1590 δ’
446 1565 496 1600 ἤδη
522 1565 608 1592 δοκῶν
636 1568 665 1594 ἐν
679 1568 813 1602 ἀφύκτοις
830 1569 890 1604 ἔχε-

99 1608 174 1640 σθαι,
191 1609 265 1644 μάλα
284 1610 416 1645 ἀνδρείως
431 1621 461 1638 τε
475 1612 523 1639 καὶ
538 1613 703 1648 εὐμηχάνως
721 1615 828 1643 ἐκεῖθεν
843 1617 891 1644 ὲπὶ

98 1655 302 1695 Πελοπόννησον
314 1657 521 1692 ἀποδιδράσκει,
538 1659 585 1685 καὶ
598 1659 636 1691 ὡς
650 1660 667 1695 ἠ
683 1661 812 1693 ἐπάνοδος
826 1663 889 1689 τού-

97 1708 145 1726 του
162 1694 253 1728 πάντα
265 1701 327 1737 ἤδη,
346 1703 376 1729 οὺ
389 1703 423 1730 τὰ
442 1704 471 1730 ἐν
493 1694 692 1741 Πελοποννήσῳ
709 1707 803 1742 μόνον,
817 1708 888 1735 ἀλλὰ

99 1745 145 1771 καὶ
161 1745 216 1773 τῶν
231 1747 279 1773 ὅσα
295 1748 369 1780 ὲντὺς
386 1748 489 1782 πυλῶν,
509 1750 543 1777 τὰ
562 1751 681 1779 πλεῖστα
696 1753 890 1781 κινδυνεύοντα

99 1791 211 1819 διέσωσε
223 1800 229 1807 '
247 1793 296 1820 καὶ
307 1794 345 1827 ὡς
362 1796 409 1822 τοῦ
439 1795 581 1832 βαρϐάρου
600 1798 632 1824 ὲκ
653 1798 704 1833 μὲν
719 1801 769 1834 τῆς
795 1801 890 1828 Ἐλλά-

100 1837 144 1868 ioc
154 1838 413 1876 άνακεχωρηκότος,
439 1842 599 1877 πέμψαντος
617 1843 646 1871 δὲ
669 1845 717 1872 ἐπὶ
739 1845 790 1881 τὴν
807 1846 889 1874 Πελο-

101 1883 235 1918 πόννησον
248 1886 298 1912 οὐκ
321 1887 416 1923 ὀλίγην
436 1888 497 1915 οὐδὲ
518 1890 626 1926 φαύλην
642 1892 784 1927 στρατιὰν,
798 1894 812 1920 ὁ
824 1893 846 1920 δ’
858 1894 889 1921 οὐ

101 1929 197 1962 πλήθει
216 1931 357 1966 ἀντιπάλῳ
383 1935 526 1968 στρατιᾶς,
558 1936 665 1972 ἐπινοίᾳ
682 1937 710 1964 δὲ
736 1940 890 1975 στρατηγίᾳ

102 1975 245 2012 πρεπούσῃ
256 1979 438 2012 κεχρημένος,
454 1980 605 2008 κεκωλύκει
619 1981 720 2017 ταύτην
732 1983 782 2019 τῆς
799 1985 891 2019 χώρας

101 2020 231 2055 ἐπιϐῆναι
243 2030 250 2038 ·
269 2024 316 2050 καὶ
339 2024 377 2055 ὡς
394 2025 439 2052 διὰ
455 2025 533 2053 τοῦτο
550 2026 666 2062 τοῦργον
679 2029 726 2055 καὶ
749 2029 783 2056 τὰ
800 2038 891 2065 παρα-

102 2068 284 2102 κεχωρημένα
301 2069 341 2104 τῷ
363 2069 506 2106 βαρϐάρῳ,
524 2072 573 2099 καὶ
590 2073 641 2108 ἤδη
666 2074 797 2109 ἐχόμενα,
813 2076 891 2102 ἀπει-

101 2111 182 2146 λήφει
197 2122 225 2140 τε
242 2115 289 2141 καὶ
311 2116 471 2143 ἑπανέσωσε
484 2119 517 2152 τῇ
534 2118 617 2153 ἀρχῇ.
634 2117 691 2145 Εἶτ’
706 2120 753 2146 ἐπὶ
767 2120 811 2146 τὸν
834 2129 890 2148 χοι-

103 2160 149 2185 νδν
173 2159 220 2186 τοῦ
237 2160 377 2197 βαρϐάρου
403 2163 525 2198 πόλεμον
557 2164 761 2199 μετεληλυθὼς,
790 2167 837 2193 καὶ
852 2167 890 2199 ὡς

104 2205 216 2237 πολλαῖς
238 2206 289 2241 μὲν
305 2207 477 2243 Χριστιανῶν
492 2211 660 2246 συμφοραῖς,
684 2211 795 2243 πολλαῖς
806 2212 829 2239 δ’
843 2213 891 2240 ἀλ-

904 1574 926 1601 C

933 270 960 297 in
978 273 1143 306 provinciam
1162 274 1305 308 adventus,
1319 281 1349 303 ut
1367 276 1425 304 sola
1443 279 1610 312 exspectatio
1630 279 1733 313 iuverit

933 325 994 344 cum
1011 326 1054 344 res
1072 322 1178 346 tantum
1193 320 1218 346 in
1246 321 1387 355 procinctu
1413 330 1473 350 esse
1495 330 1502 348 :
1527 327 1610 358 utque
1642 325 1730 359 reipsa

933 363 1087 396 adverterit,
1106 366 1199 400 sitque
1227 366 1349 395 laetanter
1364 368 1398 395 ab
1412 369 1548 403 indigenis
1562 375 1709 404 susceptus
1722 380 1729 398 :

933 417 989 445 quo
1005 410 1076 442 loco,
1094 419 1157 438 cum
1174 412 1304 447 cupisset
1318 413 1351 440 de
1363 414 1498 442 avunculo
1513 422 1546 442 ac
1562 416 1730 444 consobrino

934 455 1035 490 dicere,
1060 457 1162 492 optime
1189 463 1276 491 cavet,
1294 467 1328 486 ne
1345 460 1411 494 quid
1425 460 1452 488 in
1482 469 1541 492 eos.
1559 462 1650 496 quoad
1667 461 1724 489 ﬁeri

935 508 1035 537 potest,
1049 504 1195 539 absonum,
1211 512 1349 541 autgrave
1365 507 1448 534 dicat.
1468 507 1646 535 Postmodum
1663 507 1728 542 Illy-

935 549 985 576 riis
1003 550 1036 576 ad
1048 558 1110 578 eum
1122 552 1378 587 commigranlibus,
1395 558 1424 580 ut
1439 561 1502 581 cum
1517 554 1629 581 dubium
1645 559 1729 586 esset,

936 603 1001 622 nuut
1017 600 1108 624 essent
1134 598 1283 632 recipiendi
1302 600 1330 626 in
1357 599 1541 634 provinciam,
1567 608 1666 633 necne,
1680 608 1728 628 eos

936 640 1004 675 ipse,
1024 650 1085 669 cum
1101 643 1178 670 multi
1196 652 1275 672 secus
1287 649 1423 679 putarent,
1442 646 1545 681 optime
1557 646 1728 681 conjectans.

937 694 969 714 ac
986 687 1058 722 quod
1071 688 1228 717 conducens
1242 695 1325 722 esset.
1337 692 1494 724 consulens,
1508 694 1652 727 receperit,
1674 694 1726 720 sli-

939 739 991 766 que
1005 740 1101 760 eorum
1120 741 1203 768 opera
1220 741 1374 769 opportune
1398 745 1464 764 usus
1478 745 1485 764 :
1500 744 1560 772 post
1571 746 1646 770 vero,
1661 739 1729 766 rela-

938 782 993 805 tam
1026 778 1060 806 de
1084 780 1181 808 vicinis
1208 782 1332 810 hostibus
1354 783 1494 811 victoriam
1542 791 1730 817 memorat,ac
1755 780 1767 824 li

941 829 1051 858 captum
1071 826 1232 861 principem,
1250 828 1352 862 quibus
1381 828 1503 857 ostendit
1530 831 1728 858 corroborasse
1755 827 1762 857 Ξ

941 866 1099 903 imperium.
1112 870 1182 898 Tum
1197 873 1333 900 transiens
1349 874 1381 900 ad
1399 881 1457 905 eos,
1486 875 1533 909 qui
1545 876 1578 901 ad
1596 874 1730 903 Barbaros

941 915 1136 949 perfugissent,
1153 924 1184 944 ac
1201 918 1246 944 ubi
1260 918 1377 953 primum
1388 919 1478 954 aliqua
1490 920 1524 947 de
1538 919 1592 947 illis
1604 927 1730 948 commu-

941 960 967 986 ni
984 967 1108 988 sermone
1120 962 1228 989 locutus
1244 969 1328 994 es5et,
1355 965 1461 992 nullum
1487 973 1521 992 ex
1556 966 1666 992 nomine
1682 973 1731 1000 pro

941 1006 1074 1034 modestia
1089 1013 1164 1035 notat
1177 1017 1184 1035 :
1196 1010 1338 1045 pergitque
1354 1010 1453 1038 deinde
1470 1011 1504 1038 ad
1520 1011 1609 1046 ipsum
1628 1011 1731 1039 Barba-

941 1060 1014 1085 rum,
1030 1061 1062 1081 ac
1076 1061 1106 1080 ea
1121 1062 1181 1088 qua:
1192 1055 1238 1082 ille
1255 1057 1282 1082 in
1298 1056 1394 1084 ambos
1410 1056 1521 1084 molitus
1539 1062 1632 1090 esset,
1648 1057 1730 1085 indu-

942 1097 1067 1125 centibus
1083 1098 1215 1133 perfugis,
1231 1108 1293 1127 cum
1309 1102 1467 1136 etquardam
1482 1109 1497 1129 a
1513 1110 1543 1130 se
1557 1103 1638 1130 etiam
1653 1102 1730 1130 illum

946 1144 1138 1178 prevocarEnt.
1154 1145 1193 1172 Ad
1214 1146 1282 1179 haec,
1299 1147 1434 1180 meminit,
1452 1153 1482 1176 ut
1501 1157 1564 1177 cum
1583 1150 1650 1184 ipse,
1673 1154 1731 1178 tutn

941 1187 1025 1215 frater
1041 1188 1116 1216 illum
1136 1192 1325 1225 convenerint,
1355 1200 1416 1220 cum
1452 1196 1602 1223 necessitas
1615 1195 1731 1228 tulisset,

943 1241 975 1260 ac
994 1242 1073 1262 secus
1092 1235 1131 1262 illi
1147 1236 1327 1265 constitutqu
1357 1238 1508 1273 haberent;
1538 1241 1652 1275 periculi
1668 1241 1732 1269 item

943 1279 1007 1306 inde
1032 1281 1153 1315 conﬂati,
1176 1291 1208 1311 ac
1221 1284 1340 1312 tristium
1368 1285 1486 1313 aliorum
1522 1295 1584 1322 quae
1610 1287 1667 1315 illic
1683 1295 1731 1315 oc-

942 1334 1105 1362 currerunt;
1117 1336 1212 1366 utque,
1224 1332 1282 1366 ipse
1293 1332 1401 1367 quidem
1415 1333 1563 1368 imperator
1571 1343 1604 1362 ex
1620 1334 1733 1362 Barbari

941 1373 1093 1407 voluntate,
1112 1376 1377 1413 Constantinopolim
1397 1379 1495 1406 iterum
1512 1385 1610 1414 praeter
1627 1381 1733 1415 opinio-

941 1424 1004 1444 nem
1018 1425 1113 1453 sospes
1145 1429 1271 1450 reversus
1296 1423 1351 1457 sit;
1382 1423 1467 1452 frater
1482 1431 1585 1459 autem,
1609 1428 1655 1461 qui
1675 1427 1732 1461 jam

942 1463 1106 1492 ineluctabili
1119 1466 1216 1501 laqueo
1229 1469 1314 1496 teneri
1327 1470 1474 1504 videretur,
1482 1479 1589 1499 summa
1603 1472 1665 1499 inde
1676 1471 1734 1500 for-

942 1512 1059 1540 titudine
1091 1521 1123 1541 ac
1150 1515 1260 1543 solertia
1286 1517 1437 1553 profugerit
1462 1519 1488 1546 in
1502 1519 1730 1555 Peloponnesum.

942 1564 1029 1592 eoque
1043 1566 1180 1592 reversus,
1203 1562 1294 1589 omnia
1308 1563 1376 1597 jam,
1393 1565 1492 1591 nedum
1519 1573 1581 1600 quae
1607 1566 1633 1594 in
1655 1566 1732 1593 Pelo-

945 1611 1079 1639 ponneso,
1091 1607 1137 1633 sed
1150 1611 1176 1634 et
1192 1608 1214 1634 si
1230 1615 1283 1642 qua
1296 1609 1367 1636 intra
1378 1610 1476 1644 jannas
1487 1616 1566 1638 erant
1579 1611 1630 1646 (Ι),
1643 1613 1734 1639 maxi-

943 1657 1015 1677 mam
1032 1657 1134 1686 partem
1161 1653 1188 1680 in
1217 1655 1370 1688 periculum
1396 1657 1525 1688 adducta.
1542 1658 1729 1692 sospitaverit.

946 1701 1030 1730 utque
1042 1705 1103 1724 cum
1121 1697 1271 1731 Barbarus.
1287 1700 1345 1735 ipse
1360 1702 1469 1736 quidem
1486 1704 1520 1730 ab
1537 1703 1648 1732 llellade
1676 1713 1734 1731 mo-

943 1749 1021 1776 vens,
1037 1751 1091 1771 non
1104 1745 1231 1780 exiguum
1255 1751 1303 1774 aut
1320 1748 1456 1775 imbellem
1474 1751 1624 1777 exercitum
1643 1751 1670 1777 in
1683 1750 1734 1778 Pe-

944 1787 1126 1820 loponnesum
1145 1791 1275 1825 misisset,
1307 1793 1478 1828 prohibuerit
1494 1795 1551 1828 ille,
1568 1803 1622 1822 non
1638 1804 1734 1824 nume-

944 1842 1009 1862 roso
1024 1835 1134 1870 quidem
1149 1839 1269 1866 exercitu
1279 1839 1348 1867 bosti
1362 1848 1504 1874 occurens,
1519 1841 1567 1869 sed
1578 1843 1640 1870 duci
1653 1850 1735 1871 exer-

944 1881 1015 1909 citus
1031 1890 1155 1917 congruo
1175 1889 1381 1920 stratagemate,
1400 1895 1457 1914 rem
1477 1888 1638 1919 conficiens.
1655 1894 1733 1916 utne

945 1926 971 1953 in
990 1929 1158 1961 provinciam
1171 1931 1331 1966 invaderet;
1353 1936 1438 1967 utque
1452 1933 1562 1960 demum
1578 1941 1611 1960 eo
1629 1933 1733 1962 facino-

943 1980 984 2007 re,
994 1975 1050 2010 jam
1069 1984 1200 2005 concessa
1220 1977 1339 2006 Barbare
1354 1983 1382 2006 et
1404 1979 1483 2007 abeo
1494 1985 1637 2014 occupata.
1655 1989 1733 2008 recc-

944 2020 1025 2054 perit,
1045 2028 1076 2048 ac
1101 2022 1215 2057 imperio
1228 2024 1381 2052 vindicarit.
1402 2024 1464 2052 Post
1481 2026 1537 2052 bn-c
1552 2034 1677 2054 reversus
1697 2027 1732 2052 ad

946 2073 1092 2095 commune
1108 2069 1174 2097 illud
1201 2070 1301 2098 bellum
1317 2070 1440 2104 Barbari,
1453 2071 1579 2106 factaque
1592 2073 1729 2099 mentione

945 2116 975 2139 ut
989 2121 1021 2141 ex
1036 2114 1140 2142 crebris
1166 2115 1289 2143 cladibus
1305 2123 1338 2144 eo
1349 2117 1451 2144 victore
1469 2125 1531 2143 cum
1548 2116 1726 2148 Christianis,

945 2168 1003 2190 tum
1019 2160 1146 2188 Barbaris
1173 2161 1235 2188 aliis
1263 2160 1358 2193 illatis,
1386 2168 1430 2190 res
1456 2161 1642 2189 Romanorum
1667 2168 1730 2196 gra-

945 2208 1015 2235 viter
1029 2207 1133 2234 affecta:
1151 2211 1257 2240 ,essont,
1270 2215 1320 2234 nec
1334 2215 1386 2234 non
1405 2212 1539 2242 susceptae
1555 2208 1590 2234 ab
1609 2207 1667 2241 ipso
1683 2215 1732 2234 na-

103 2251 156 2276 λων
171 2251 317 2288 βαρϐἀρων
331 2254 555 2290 ἐνευτυχηκότος,
572 2256 699 2291 χαλεπῶς
713 2257 838 2285 ἐντεῦθεν
855 2259 888 2286 τά

945 2254 1092 2289 νὶεειιὶυιιὶε
1118 2260 1150 2280 ac
1168 2252 1274 2280 itineris
1302 2253 1335 2279 ad
1366 2253 1499 2280 Occiduas
1521 2257 1624 2288 partes,
1642 2259 1733 2280 narrat

109 2297 255 2331 Ῥωμαίων
271 2299 426 2334 πράγματα
453 2300 528 2336 ἔσχε,
555 2302 689 2337 μνησθεὶς
709 2305 758 2331 καὶ
777 2305 891 2338 προσέτι

103 2345 152 2371 τιιῦ
166 2354 197 2379 γε
220 2346 320 2373 ἑαυτοῦ
331 2347 375 2374 διὰ
389 2347 477 2375 ταῦτα
491 2349 614 2376 ἀπόπλου
631 2358 661 2376 τε
675 2351 722 2377 καὶ
737 2351 893 2386 ἀποδημίας

103 2392 153 2423 τῆς
163 2392 202 2422 είς
219 2392 253 2418 τὰ
264 2393 391 2428 ἑσπέρια,
405 2394 502 2421 ἔπειτα
516 2396 549 2422 τά
561 2397 649 2432 τούτῳ
662 2398 690 2423 ὲν
704 2398 819 2429 ἐκεινοις
837 2399 893 2429 τοῖς

105 2439 212 2472 καιροῖς
227 2441 411 2476 πεπραγμένα
437 2441 564 2474 διέξεισι·
580 2443 628 2470 καὶ
647 2444 756 2478 πρῶτον
773 2445 835 2478 μὲν,
857 2444 895 2476 ὡς

107 2484 240 2519 Κόρινθον
252 2486 282 2512 ὲν
298 2489 434 2521 προφανεῖ
443 2487 527 2515 οὖσαν
541 2489 655 2524 κινδύνῳ
664 2490 789 2526 Φρερίοις
803 2492 892 2525 ἐγχει-

109 2531 199 2564 ρίσας,
214 2531 301 2566 αὑτήν
315 2540 346 2558 τε
373 2531 460 2559 ἔσωσε
473 2532 523 2567 τῆς
541 2528 596 2559 τῶν
619 2533 767 2568 βαρϐάρων
787 2534 891 2569 χειρὸς,

107 2577 155 2603 καὶ
176 2578 232 2609 τοῖς
245 2577 316 2609 ὅλοις
330 2579 492 2614 πράγμασιν
508 2579 538 2606 οὐ
565 2581 686 2615 σμικρὰν
698 2579 823 2606 ἐντεῦθεν
842 2581 893 2614 τὴν

109 2622 236 2658 βοήθειαν
253 2623 448 2659 ιμηχανήσατο
473 2633 480 2640 '
506 2624 594 2652 ἔπειθ’
610 2625 648 2657 ὡς
663 2625 752 2660 χρόνῳ
768 2625 892 2661 ὕστερον,

107 2671 154 2696 καὶ
173 2671 223 2705 τῆς
239 2670 324 2705 ἄλλης
338 2671 449 2706 ἀπάσης
463 2671 551 2706 ἀρχῆς
566 2673 623 2702 τοῖς
637 2672 729 2703 αὐτοῖς
749 2672 828 2705 δόξας
842 2681 894 2698 πι-

109 2717 256 2751 ριχωρετν,
273 2717 318 2743 τὸν
338 2717 406 2753 πρὸς
426 2718 471 2744 τὸν
483 2718 622 2753 βάρϐαρον
635 2718 765 2752 πόλεμον,
784 2718 893 2744 κάλλιον

108 2762 124 2796 ἢ
139 2763 176 2793 ὡς
192 2763 224 2789 ἄν
240 2771 281 2793 τις
305 2763 490 2798 προσεδόκησε
508 2764 646 2797 κατέθετο,
676 2765 722 2791 καὶ
738 2764 785 2800 τὴν
801 2765 893 2800 χώραν

107 2808 255 2835 ἀτολαϐὼν
281 2807 359 2840 αὖθις
387 2810 570 2845 κατέστησεν,
600 2810 659 2837 οὐδὲ
675 2809 807 2845 Φρερίους
830 2809 893 2836 οὕτε

941 2305 1049 2335 postea.
1062 2303 1138 2334 gesta
1156 2299 1263 2325 interim
1280 2307 1294 2325 a
1313 2298 1396 2326 fratre
1409 2307 1456 2326 :ac
1476 2299 1594 2333 primum
1611 2299 1732 2333 quidem,

941 2354 971 2373 ut
985 2344 1128 2374 Corintho,
1141 2353 1202 2380 qua:
1219 2349 1375 2372 versaretur
1399 2345 1424 2372 in
1443 2344 1587 2372 manifesto
1598 2345 1732 2380 periculo,

942 2392 1099 2420 Concredita
1120 2391 1262 2422 fratribus.
1278 2399 1340 2418 eum
1355 2392 1479 2419 eamdem
1496 2391 1583 2427 ipsam
1599 2399 1617 2418 ε
1632 2391 1732 2418 Barba-

944 2444 1036 2464 rorum
1052 2437 1167 2463 salvarit
1197 2444 1291 2467 manu,
1317 2442 1374 2463 tum
1406 2435 1470 2463 inde
1495 2437 1577 2463 rebus
1595 2437 1733 2463 universis

944 2493 999 2511 non
1016 2484 1149 2512 modicam
1168 2491 1245 2517 opem
1274 2483 1439 2517 compararit
1454 2492 1461 2509 :
1475 2483 1508 2510 ad
1525 2483 1592 2515 haec,
1619 2489 1647 2510 ut
1670 2491 1731 2510 cum

946 2537 1040 2567 postea
1072 2532 1148 2559 visus
1181 2537 1264 2562 esset,
1296 2531 1428 2565 reliquam
1441 2536 1527 2559 totam
1561 2532 1731 2567 provinciam

946 2578 1001 2605 illis
1009 2578 1115 2611 cedere,
1131 2585 1173 2604 res
1188 2584 1250 2604 cum
1267 2577 1385 2604 Barbare
1397 2578 1471 2605 omni
1487 2578 1583 2606 melius
1598 2586 1646 2612 spe
1659 2585 1735 2604 coui-

947 2625 1080 2659 posuerit,
1094 2629 1177 2658 utque
1192 2629 1298 2657 recepta
1316 2623 1465 2657 provincia,
1484 2625 1583 2651 iterum
1596 2631 1639 2650 res
1669 2622 1731 2657 ejus

947 2669 1104 2701 stabilierit,
1133 2674 1192 2695 cum
1226 2669 1300 2696 nulla
1326 2669 1426 2704 injuria
1456 2665 1566 2696 Fratres
1586 2669 1731 2700 affecisset.

948 2722 1029 2742 antve
1043 2715 1156 2741 onmiuo
1170 2715 1263 2742 damni
1278 2716 1379 2751 aliquid
1398 2715 1545 2743 intulisset.
1563 2715 1590 2743 In
1609 2716 1651 2744 Itis
1670 2724 1734 2750 por-

949 2769 979 2788 ro
996 2761 1097 2788 diutius
1113 2766 1236 2788 versatur
1245 2769 1346 2794 seruio,
1363 2763 1436 2796 quod
1452 2762 1578 2790 tollenda:
1594 2764 1732 2798 opinionis

948 2815 1040 2839 causa,
1057 2815 1104 2846 per
1129 2808 1311 2846 ignorantiam
1342 2809 1463 2836 veritatis
1491 2810 1541 2842 rei,
1575 2815 1605 2837 ut
1619 2811 1732 2838 onmino

144 2903 184 2939 (‘3)
202 2902 255 2937 Ipsi
271 2902 389 2938 Bajazeti
403 2903 565 2932 assisteutes
582 2904 664 2938 inque
681 2903 741 2938 ejus
758 2901 921 2930 cxsistentes
938 2902 1024 2930 curia.
