1938 3083
139 136 190 169 183
730 138 932 168 MANUELlS

987 138 1172 169 lL/EOLOGI
1709 136 1767 169 184

135 194 282 226 demeruit,
306 193 348 221 vix
376 201 430 220 non
454 194 553 225 oculis,
580 194 640 228 ejus
661 201 753 221 coram
773 193 924 227 subiiciens

987 204 1031 228 ιει,
1057 196 1171 230 μονονού
1198 204 1244 230 μοι
1265 196 1314 230 τὴν
1342 196 1450 232 μορφὴν
1476 195 1636 230 ὑποφαίνων
1650 193 1699 221 τοῦ
1716 194 1766 221 νῦν

137 239 323 274 I'Ormatn,-qui
347 247 419 268 nunc
432 239 557 267 informis
567 241 649 275 jacet,
663 247 713 267 nec
730 240 843 266 omnino
854 246 928 267 sana:

136 286 237 312 mentis
254 285 348 312 ﬂatum
360 286 478 313 retinere
494 285 570 313 sinit.
580 285 699 320 Vosque,
710 285 760 311 viri
776 284 927 316 auditores,

137 332 283 366 ignoscite,
295 339 376 366 quem
394 331 503 359 ablatus
519 332 664 358 defunctus
675 338 771 365 magna
781 335 858 365 parte
873 330 928 357 vita

137 386 275 413 sensuque
301 377 594 412 destituit;eique,qui
614 385 668 404 non
686 376 764 404 facile
785 376 930 404 desideriis

135 424 236 451 vestris
257 424 292 450 sit
314 423 438 451 faciendo
449 424 526 451 satis.
536 423 691 457 Porrojure
710 423 807 449 merito
816 422 928 457 ignove-

137 469 211 502 ritis,
233 470 278 503 qui
295 477 345 496 nec
361 470 422 503 ipsi.
437 477 451 496 a
466 469 562 496 mortis
576 469 636 503 ejus
656 468 797 496 doloribus
811 467 931 503 penitius

137 515 239 542 sauciis
249 515 327 543 nobis
337 514 486 551 quidquam
500 516 611 551 possitis
621 516 706 550 loqui.
714 516 804 547 Conor
819 514 930 549 quidem

115 584 117 586 .
137 565 168 587 ut
180 568 223 588 me
240 562 332 589 debito
342 562 491 594 exsolvant.
505 563 552 589 sed
563 562 687 589 invenior
699 562 766 588 nihil
783 561 929 589 conﬁcere.

108 605 115 617 "
137 605 232 641 Neque
259 608 331 634 cnim
358 609 457 635 ntcntis
473 609 585 636 omnino
610 608 682 643 potis
719 615 781 635 sum
800 615 807 634 :
830 614 864 634 ex
876 612 931 640 quo

137 660 231 680 amara
250 653 318 681 adeo
339 662 372 681 ac
394 654 451 682 dira
468 655 568 689 sagitta
585 655 684 682 lethale
704 653 804 681 inﬂixit
820 653 930 684 vulnus,

136 698 270 734 longeilla
282 700 409 728 lethalius
431 709 523 729 amara
539 709 624 737 quam
646 701 783 729 celebrata
800 699 930 727 Homero.

173 790 214 817 Ex
231 798 284 825 qua
301 799 366 819 sane
376 793 431 825 die,
441 801 520 827 quem
532 801 603 820 nunc
613 793 749 828 lugemus,
763 792 791 819 in
804 792 933 819 humanis

139 836 222 864 desiit
242 844 313 868 esse,
330 843 492 872 recepturus
509 839 619 866 virtutis
648 839 770 873 praemia,
795 846 856 865 cum
874 845 928 872 qua

138 883 219 915 vixit,
245 891 278 910 ac
296 887 339 911 est
367 884 422 911 vita
446 884 573 915 functus.’
587 884 712 912 bifariam
743 885 857 915 divisus,
882 883 928 911 vix

139 929 224 957 etiam
240 930 367 964 spiritum
385 932 485 960 ducere
501 933 577 960 valeo
599 942 606 960 :
620 933 660 959 sic
671 932 800 959 nimirum
811 931 929 958 immen-

140 985 170 1005 sa
187 978 353 1006 calamitatis
382 978 423 1005 vis
448 979 520 1006 velut
542 978 685 1014 praefocat.
711 978 833 1005 Necdum
863 985 930 1004 vero

139 1025 250 1052 omnino
269 1029 398 1053 consueta
411 1025 512 1060 possint
527 1026 603 1053 obire
621 1030 668 1058 ;at
684 1033 773 1060 neque
787 1034 850 1060 spes
876 1029 928 1057 est,

139 1075 168 1098 ut
179 1071 280 1105 possim
299 1079 431 1106 unquam.
448 1072 592 1104 Quomodo
608 1072 680 1098 enim
696 1072 804 1098 animus
832 1078 929 1098 sanum

139 1115 203 1150 quid
216 1123 335 1149 unquam
353 1116 452 1150 pariat,
470 1121 532 1150 post
550 1119 657 1143 tantum
677 1115 742 1142 mali
762 1116 901 1142 lmsiouem
918 1115 930 1142 7

138 1160 243 1194 Quidve
257 1161 339 1188 etiam
369 1161 500 1196 loquatur
524 1162 629 1196 lingua.
655 1170 715 1196 quze
741 1162 836 1197 grandi
860 1162 929 1189 adeo

139 1206 211 1233 malo
227 1207 354 1242 torpeat?
380 1212 409 1234 ut
423 1216 511 1242 neque
538 1209 685 1242 excipiant,
709 1217 828 1243 praesens
845 1217 930 1244 argu-

139 1257 260 1279 mentum
276 1253 396 1287 potiores
410 1259 523 1282 couatus
539 1257 660 1290 erigere,
686 1264 769 1290 quam
797 1264 847 1291 pro
868 1264 929 1283 mea

139 1297 246 1324 dicendi
260 1299 487 1333 facultatc:quod
505 1301 634 1326 nimirum
651 1301 692 1327 vir
709 1301 820 1328 laudutn
845 1309 930 1329 enco-

139 1342 203 1370 miis
216 1342 408 1376 celebrandus,
433 1345 508 1371 omni
527 1345 608 1379 longe
629 1345 787 1372 laudatione
802 1347 931 1381 superior

141 1389 186 1419 sit,
202 1389 374 1423 debeautque
387 1390 502 1417 omnino
521 1391 568 1425 qui
586 1391 646 1425 ejus
669 1392 797 1419 virtutem
823 1393 930 1420 funebri

141 1435 264 1462 oratione
277 1439 341 1462 sunt
353 1435 529 1468 tlilautlaturi,
545 1444 606 1465 cum
621 1438 728 1465 dicendi
751 1438 857 1473 peritia,
873 1443 930 1466 tum

142 1481 277 1516 pracipue
298 1490 397 1510 sensus
434 1483 518 1509 animi
545 1484 641 1519 vigore
666 1485 837 1519 przepollere.
874 1485 932 1513 Hoc

980 243 1105 277 ἀμόρφου
1119 242 1174 269 οὐδ’
1185 243 1215 269 ὲν
1230 243 1269 278 τῷ
1281 243 1461 278 καθεστηκότι
1477 242 1608 278 καθαρῶς
1620 242 1652 277 ἑᾷ
1664 241 1768 274 μένειν.

980 289 1035 315 Καὶ
1049 288 1109 315 δότε
1126 297 1171 324 μοι
1188 288 1363 324 συγγνώμην,
1379 286 1401 316 ὦ
1418 289 1524 324 ἄνδρες,
1551 288 1679 324 ἠμιθνῆτι
1691 295 1770 320 γενο-

982 335 1055 369 μένῳ
1069 336 1103 371 τῇ
1120 335 1167 361 τοῦ
1194 335 1336 370 οἰχομένου
1356 335 1496 371 στερήσει,
1530 335 1578 361 καὶ
1606 333 1644 369 μὴ
1669 333 1771 368 ῥᾳδίως

982 380 1142 415 ίσχύοντιτδ
1153 382 1216 416 ὑμῖν
1227 380 1425 416 κεχαρισμένον
1439 380 1654 416 διαπράξασθαι.
1663 379 1770 405 Δίκαιοι

979 426 1002 453 δ’
1017 427 1051 454 ἂν
1077 426 1152 462 εῐητε
1179 427 1392 461 συγγινώσκειν,
1421 427 1448 454 οῖ
1469 435 1502 461 γι
1522 426 1585 461 μηδ’
1606 425 1684 452 αὐτοὶ
1701 424 1772 459 πρὸς

980 473 1055 508 ἡμᾶς
1066 473 1097 499 τδ
1111 473 1244 508 παράπαν
1255 472 1370 500 δύνασθε
1380 472 1561 507 φθέγγεσθαι,
1572 473 1605 508 τῇ
1621 471 1711 506 πληγῇ
1724 470 1772 497 καὶ

980 520 1040 550 ταῖς
1055 519 1162 550 ὀδύναις
1185 518 1233 545 τοῦ
1264 517 1369 550 πάθους
1397 518 1568 553 βαλλόμενοι.
1591 517 1628 543 Τὸ
1650 516 1699 551 μὲν
1715 515 1772 550 γὰρ

981 566 1061 601 χρέος
1075 565 1252 592 ἁποτιννύναι
1276 565 1427 601 πειρῶμαι,
1455 564 1619 600 εὑρίσκομαι
1646 563 1674 589 δὲ
1687 563 1772 597 μηδὲν

981 612 1081 639 ἀνύων.
1090 612 1157 639 Οὐδὲ
1170 612 1224 646 γὰρ
1235 611 1273 638 ὢν
1290 611 1409 647 ἐμαυτοῦ
1426 612 1562 646 τυγχάνω,
1578 610 1690 645 καιρίαν
1703 609 1771 635 ταύ-

981 666 1030 692 την
1045 657 1192 692 δεξάμενος
1206 656 1279 692 βέλει
1294 656 1387 692 πικρῷ
1396 657 1429 683 τε
1456 657 1504 683 καὶ
1518 657 1634 691 ἀπηνεῖ·
1651 656 1665 681 ὃ
1680 655 1712 690 δὴ
1723 654 1772 681 νῦν

981 704 1129 738 ἐχεπευκὲς
1145 703 1235 738 πολλῷ
1251 702 1284 730 ἂν
1301 703 1401 738 μᾶλλον
1416 703 1465 730 σὺν
1480 703 1519 738 τῷ
1526 701 1615 737 καιρῷ
1631 701 1646 737 ἢ
1660 702 1690 727 τδ
1705 701 1771 736 πρὶν

983 747 1060 776 εἶπεν
1072 749 1208 783 Ὄμηρος.

1025 796 1095 830 Ἐγώ
1107 804 1139 830 γε
1154 795 1216 830 δίχα
1237 795 1353 832 τμηθεὶς
1368 796 1415 830 ἀφ’
1431 793 1465 830 ἧς
1483 795 1498 822 δ
1521 794 1569 821 νῦν
1585 793 1771 829 θρηνούμενος

983 842 1013 876 ἐξ
1030 842 1183 877 ἀνθρώπων
1198 842 1317 875 ἐγένετο,
1335 841 1488 876 ληψόμενος
1503 841 1573 875 γέρα
1586 841 1636 874 τῆς
1656 839 1770 872 ἀρετῆς,

980 885 998 925 ᾗ
1011 889 1059 915 καὶ
1070 887 1243 922 συμὸεὸίωκε
1255 887 1303 914 καὶ
1316 886 1534 922 συναπελήλυθε,
1547 885 1626 920 μόγις
1639 885 1771 911 ἀναπνεῖν

981 932 1066 968 ίσχύω
1077 940 1083 948 ·
1098 932 1178 968 ἄγχει
1192 933 1245 967 γὰρ
1258 933 1275 968 ἡ
1288 932 1418 966 συμφορά
1428 940 1435 947 ·
1451 931 1572 966 χρῆσθαι
1589 930 1617 956 δὲ
1631 931 1686 960 τοῖς
1704 931 1766 955 είω-

981 980 1055 1006 θόσιν
1075 978 1152 1005 οὔπω
1170 978 1261 1010 καλῶς
1278 979 1396 1013 δύναμαι
1410 985 1418 993 ο
1432 977 1489 1004 ἀλλ’
1506 977 1565 1004 οὐδὲ
1581 977 1658 1007 ἐλπὶς
1673 975 1770 1010 βεϐαία

981 1027 1005 1051 εί
1020 1025 1172 1060 δυνήσομαί
1188 1032 1264 1051 ποτε.
1278 1024 1341 1055 Πῶς
1354 1025 1409 1059 γὰρ
1421 1025 1453 1050 ἂν
1471 1023 1545 1050 τέκοι
1559 1024 1674 1054 διάνοια,
1695 1022 1739 1055 τη)
1748 1031 1771 1046 ι-

980 1071 1050 1105 κῷδε
1080 1071 1161 1106 κακῷ
1189 1070 1372 1106 πηρωθεῖσα;
1401 1069 1435 1096 Τί
1450 1068 1473 1096 δ’
1498 1069 1531 1096 ἂν
1548 1069 1595 1095 καὶ
1622 1067 1772 1102 φθέγξαιτο

980 1117 1099 1150 γλῶττα,
1113 1116 1192 1151 κακῷ
1221 1116 1323 1150 τοσῷδε
1350 1115 1481 1151 ναρκῶσα
1493 1123 1500 1148 ;
1520 1115 1611 1148 Χωρὶς
1623 1114 1652 1140 δὲ
1664 1114 1711 1140 καὶ
1723 1112 1771 1138 τοῦ

980 1163 1084 1190 δεῖσθαι
1099 1163 1257 1198 κρείττονος
1272 1161 1288 1197 ἢ
1309 1161 1381 1189 κατὰ
1395 1161 1446 1196 τὴν
1459 1161 1529 1195 έμὴν
1544 1161 1661 1194 δύναμιν
1675 1160 1704 1186 τὸ
1718 1167 1772 1186 πα-

983 1208 1028 1243 ρδν
1043 1208 1207 1244 ἐγχείρημα·
1220 1207 1259 1243 τῷ
1271 1207 1340 1242 μετὰ
1353 1207 1453 1242 πολλῆς
1463 1206 1513 1242 τῆς
1522 1205 1675 1241 ὑπερῦολῆς
1684 1204 1766 1239 ὕπερ-

980 1256 1090 1282 κεῖσθαι
1102 1250 1205 1286 παντὸς
1223 1254 1340 1281 ἐπαίνου
1352 1254 1398 1281 τὸν
1415 1252 1638 1288 εὐφημούμενον,
1657 1252 1705 1278 καὶ
1717 1251 1772 1277 δεῖν

982 1300 1053 1329 εῖναι
1065 1301 1194 1333 καθάπαξ
1205 1300 1270 1332 τοὺς
1288 1299 1497 1335 μονῳδήσοντάς
1511 1307 1541 1324 τε
1558 1298 1605 1325 καὶ
1616 1295 1773 1323 ἐπαινέσον-

981 1355 1031 1378 τας
1049 1346 1099 1381 τὴν
1116 1346 1216 1381 ἀρετὴν
1234 1345 1312 1373 τοῦδε
1340 1345 1463 1380 τάνδρδς,
1482 1344 1608 1379 ίσχυροϋς
1631 1342 1712 1377 σοφίᾳ
1727 1342 1774 1368 λό-

982 1402 1049 1428 γων,
1066 1392 1258 1428 ἰσχυροτέρους
1283 1392 1334 1428 τὴν
1363 1391 1507 1427 φρόνησιν,
1539 1390 1606 1417 αὐτὸ
1622 1390 1651 1416 τὸ
1677 1389 1774 1423 μέσαις

982 1439 1125 1472 ὀλολυγαῖς
1141 1437 1265 1469 ἑστάναι,
1283 1437 1331 1463 καὶ
1345 1436 1460 1472 δάκρυσι
1479 1436 1529 1471 μὲν
1549 1437 1605 1466 τοῖς
1625 1435 1710 1470 ὲμοῐς,
1726 1434 1774 1461 δά-

983 1493 1065 1518 κρυσι
1080 1484 1108 1510 δὲ
1120 1484 1177 1514 τοῖς
1194 1483 1249 1510 τῶν
1266 1483 1375 1512 πάντων
1390 1482 1487 1513 δεινῶς
1504 1490 1549 1516 μοι
1563 1480 1772 1514 παρασύρεσθαι

142 1531 260 1558 tantum.
276 1532 305 1555 ut
319 1528 468 1562 lugentium
485 1529 589 1556 medius
609 1531 778 1558 constitutus
809 1531 872 1564 sim,
900 1539 931 1559 ac

987 1531 1028 1558 ιὺν
1043 1530 1116 1562 νοῦν,
1134 1530 1278 1565 Θρηνοῦντι
1301 1529 1350 1564 μὲν
1369 1528 1496 1562 ἀδελφὸν,
1518 1527 1662 1563 θρηνοῦντι
1680 1528 1708 1553 δὲ
1729 1527 1772 1560 rpi-

143 1581 205 1601 cum
223 1574 291 1602 meis
308 1575 404 1609 ipsius,
423 1580 480 1602 tum
502 1575 693 1603 universorum
722 1577 851 1613 lacrymis
872 1577 933 1606 dire

143 1621 210 1648 mihi
226 1621 347 1649 .animus
371 1622 554 1654 distrahatur,
583 1623 630 1658 qui
661 1623 772 1650 fratrem
800 1624 932 1659 lugeam;

143 1668 190 1702 qui
200 1668 316 1694 amittunt
336 1676 343 1700 ;
361 1668 407 1702 qui
422 1668 588 1702 discipulum
608 1677 615 1701 ;
634 1669 681 1702 qui
708 1669 790 1695 ﬁlium
810 1679 816 1696 :
836 1670 935 1704 (quan-

144 1721 226 1748 quam
242 1714 323 1740 ctiam
339 1721 388 1748 per
402 1715 586 1746 occasionem,
602 1722 663 1749 quze
692 1721 799 1749 patrum
826 1723 935 1751 quoque

145 1768 178 1787 ac
193 1760 387 1794 magistrorum
401 1765 488 1792 erant,
508 1765 588 1787 mtate
605 1761 907 1795 ipse‘jnniorostendit:
923 1762 932 1795 )

145 1814 238 1840 quem,
255 1807 377 1841 inquam,
407 1807 465 1833 haec
481 1811 562 1834 tanta
590 1807 796 1841 perturbatiorte
811 1815 864 1834 nou
882 1807 935 1833 im-

147 1852 248 1886 pleant,
263 1852 378 1887 ejusque
390 1852 548 1880 obtutleriut
561 1853 615 1880 vim
632 1853 745 1887 ingenii,
761 1853 802 1880 vel
817 1853 839 1880 si
853 1852 937 1887 ξίιιιιι-

148 1906 196 1925 rus
227 1902 319 1924 orator
343 1905 438 1925 eorum
465 1898 566 1933 aliquis
597 1898 786 1929 existimetur.
812 1898 858 1932 qui
886 1906 935 1933 pro

148 1943 256 1970 dicendi
270 1943 398 1970 facultate
413 1944 536 1972 celebres
553 1944 618 1971 olim
646 1944 730 1971 habiti
755 1945 810 1972 sint
822 1944 834 1971 ?
847 1944 937 1971 Caete-

150 1995 211 2014 rutn
225 1991 290 2021 puto
304 1994 362 2017 vos.
379 1988 503 2023 lugubris
516 1989 625 2022 concio,
640 1995 667 2016 ut
677 1997 834 2023 quanquam
843 1989 938 2016 volens

150 2035 263 2061 omnino
275 2041 393 2068 possem,
409 2035 480 2062 haud
503 2035 688 2070 permissuros
701 2035 834 2062 illaudato
853 2035 938 2062 fratte

150 2089 164 2107 ιι
180 2080 308 2115 sepulcro
324 2081 401 2108 abire
413 2088 493 2116 quem
512 2081 552 2108 sic
575 2089 657 2116 opera
680 2081 785 2109 clarum
812 2081 936 2109 eﬂ‘ecere.

150 2126 256 2161 Quippe
271 2134 314 2154 res
334 2131 386 2157 cst,
405 2127 430 2153 in
449 2134 530 2162 quam
559 2127 632 2162 cogit
653 2127 700 2162 jus
727 2135 818 2154 omne.
832 2126 940 2162 Sequar

151 2180 218 2206 ergo
231 2172 304 2207 quod
314 2172 386 2207 juris
405 2177 457 2205 est,
480 2173 638 2207 eﬂ‘aborque
657 2173 760 2208 aliqua,
790 2180 823 2200 ac
843 2173 938 2208 lugens

153 2218 244 2246 virum
262 2219 419 2251 dilaudabo.
436 2219 482 2254 qui
499 2219 625 2246 discessu
638 2219 739 2246 abhinc
755 2227 815 2251 suo,
842 2220 938 2255 grandi

151 2264 316 2293 adeoluctui
338 2270 471 2300 utrosque
500 2266 633 2293 obnoxios
658 2266 733 2293 fecit.
753 2265 851 2293 Verum
869 2266 940 2292 haud

151 2317 244 2346 putem
256 2317 347 2340 vestro
360 2320 403 2339 me
419 2312 556 2340 desiderio
575 2312 709 2340 facturum
725 2313 803 2346 satis,
817 2313 891 2347 quod
907 2320 940 2339 ex

151 2358 245 2385 multis
259 2358 387 2392 conjicio.

188 2403 322 2438 Equidem
349 2403 427 2438 jubet
455 2404 643 2431 encomiorum
671 2405 753 2437 ratio,
776 2408 805 2431 ut
836 2403 940 2437 oratOr,

151 2451 284 2485 primum,
296 2457 327 2477 ac
341 2456 486 2485 antequam
498 2458 544 2478 eos
559 2457 684 2482 exornet,
712 2457 831 2485 quorum
857 2450 940 2477 habet

151 2496 321 2531 propositam
338 2496 537 2527 laudationem.
551 2504 646 2524 eorutn
664 2497 781 2531 patriam
793 2503 825 2524 ac
844 2503 940 2530 parcn-

153 2547 195 2569 tes
207 2541 296 2576 palam
314 2542 442 2569 omnibus
471 2543 611 2576 declaret;
635 2543 717 2578 idque
746 2550 807 2570 cum
832 2543 940 2577 primis.

151 2595 214 2615 cum
227 2589 274 2620 illi,
297 2595 347 2616 nec
362 2588 459 2624 exigua
476 2589 586 2622 virtute,
601 2589 940 2624 uecmodicagloria.clari

151 2635 294 2662 exstitere.
309 2635 394 2662 Porro
409 2643 464 2662 non
479 2643 580 2669 paucos
595 2636 652 2663 fore
664 2636 808 2667 existimo,
821 2636 867 2669 qui
879 2642 939 2662 eam

152 2681 251 2715 legem.
277 2685 307 2708 ut
322 2689 436 2716 usquam
458 2682 523 2714 alio,
555 2682 607 2709 hoc
636 2682 753 2709 maxime
768 2685 941 2715 argumento,

153 2727 282 2760 optimam
296 2727 368 2754 illam
381 2735 412 2754 ac
426 2728 593 2763 praeclaram,
607 2728 773 2756 arbitrentur
786 2737 874 2763 operte
884 2736 944 2762 prc-

154 2776 223 2801 ttum
237 2779 310 2801 esse.
326 2773 467 2808 Siquidem
484 2775 556 2802 cnim
570 2775 616 2802 ubi
634 2782 728 2802 eorum
749 2783 834 2809 genus
857 2780 898 2801 est
915 2778 942 2800 et

191 2861 228 2902 (2)
245 2861 325 2893 Iliad.
348 2871 374 2892 οι.

983 1578 1040 1609 λον,
1057 1577 1203 1613 θρηνοῦντι
1217 1575 1245 1603 δὲ
1263 1574 1402 1611 μαθητὴν,
1420 1574 1563 1610 θρηνοῦντι
1580 1574 1607 1600 δὲ
1623 1573 1706 1600 παῖδα
1736 1573 1773 1607 (εί

984 1623 1031 1650 καὶ
1042 1623 1113 1650 κατὰ
1123 1630 1199 1653 τινας
1216 1621 1330 1656 καιροὺς
1349 1621 1383 1648 τὰ
1396 1621 1452 1647 τῶν
1467 1621 1593 1654 πατέρων
1607 1619 1713 1646 ἐδείκνυ
1726 1619 1774 1645 καὶ

984 1667 1163 1699 διδασκάλων,
1178 1668 1267 1694 καίτοι
1284 1667 1416 1701 νεώτερος
1424 1665 1545 1700 ὣν),τίν⁹
1563 1665 1612 1692 οὐκ
1622 1665 1655 1691 ἂν
1668 1664 1775 1698 ἐμπλή-

986 1722 1042 1740 σειε
1056 1713 1189 1749 ταραχῆς,
1207 1713 1255 1740 καὶ
1269 1712 1447 1747 ἀμῦλυτέραν
1462 1711 1612 1747 ἐργάσαιτο
1627 1711 1677 1745 τὴν
1691 1709 1774 1736 αὐτοῦ

985 1761 1117 1792 διάνοιαν,
1144 1761 1168 1786 εἰ
1183 1760 1215 1794 δή
1230 1767 1273 1789 τις
1287 1756 1322 1793 ἧν
1335 1758 1349 1784 ὀ
1366 1758 1457 1792 λέγειν
1478 1755 1637 1793 ἐπιχειρῶν,
1653 1756 1701 1782 καὶ
1719 1754 1774 1781 τῶν

987 1807 1072 1833 πάλαι
1089 1805 1267 1840 ὑμνουμένων
1287 1805 1326 1836 είς
1342 1803 1430 1838 λόγων
1446 1803 1578 1837 δύναμιν;
1599 1803 1660 1834 Πῶς
1678 1799 1724 1828 οὗν
1742 1801 1774 1827 ἂν

987 1854 1075 1888 ἔχοιμι
1093 1851 1246 1887 χρήσασθαι
1257 1851 1315 1881 τοῖς
1330 1850 1495 1884 ἐπιταφίοις,
1508 1848 1544 1878 ὼς
1561 1848 1594 1874 ἂν
1609 1845 1775 1882 βουλοίμην;

988 1899 1072 1932 Οἶμπι
1084 1898 1105 1925 δ’
1117 1898 1199 1933 ὑμᾶς,
1223 1893 1246 1922 ὦ
1262 1895 1438 1926 πενθοῦντες,
1451 1894 1518 1929 μηδὲ
1536 1892 1694 1927 ἐπιτρέψειν
1707 1891 1776 1921 ὅλως

989 1945 1118 1980 βαδίζειν,
1134 1943 1160 1969 εί
1170 1950 1200 1976 γε
1214 1939 1247 1976 ἦν
1262 1941 1322 1974 ἐμοὶ
1337 1939 1494 1974 βουλομένῳ
1509 1936 1662 1972 μεταϐῆναι
1679 1934 1776 1969 μικρὸν

987 1991 1036 2017 τοῦ
1049 1991 1146 2023 τάφου,
1161 1988 1225 2024 πρὶν
1242 1987 1258 2021 ἢ
1274 1987 1423 2020 τιμήσαιμι
1440 1985 1512 2018 λόγῳ
1527 1982 1573 2009 τὸν
1587 1980 1712 2016 ἀδελφὺν,
1728 1980 1777 2007 ἅτε

988 2039 1021 2073 δὴ
1035 2035 1163 2070 λαμπρὸν
1183 2034 1236 2060 ἀπὸ
1254 2032 1309 2058 τῶν
1324 2031 1414 2066 ἔργων
1427 2030 1557 2064 φανέντα.
1586 2028 1698 2061 Συνέχει
1723 2026 1778 2073 γὰρ

990 2070 1062 2117 ὑμᾶς
1077 2083 1116 2113 είς
1136 2072 1227 2111 τοῦτο,
1255 2078 1303 2105 καὶ
1330 2076 1446 2104 συνωθεῖ
1462 2076 1535 2102 ἂπαν
1561 2074 1676 2101 δίκαιον.
1703 2070 1779 2099 "031'

990 2129 1045 2163 ἐγὼ
1063 2128 1112 2163 μὲν
1126 2127 1226 2161 ἕψομαι
1245 2124 1284 2158 τῷ
1299 2123 1407 2158 δικαίῳ,
1424 2122 1471 2148 καὶ
1486 2121 1541 2156 ἐρῶ
1558 2129 1595 2152 τι,
1612 2119 1661 2146 καὶ
1679 2117 1782 2152 πενθή-

992 2186 1031 2203 σω
1045 2175 1103 2210 μετ“
1114 2173 1258 2208 ἐγκωμίων
1271 2171 1317 2197 τὸν
1327 2169 1376 2203 ὲμέ
1393 2177 1422 2194 τε
1434 2169 1483 2194 καὶ
1501 2167 1579 2202 ὑμᾶς·
1591 2167 1620 2191 ὲν
1636 2163 1726 2198 πολλῷ
1747 2172 1777 2189 τε

995 2222 1042 2250 καὶ
1057 2221 1168 2254 ἀλήκτῳ
1191 2218 1284 2244 πένθει
1301 2215 1501 2243 καταλιπόντα·
1531 2212 1604 2247 ὑμᾶς
1616 2211 1644 2238 δὲ
1671 2211 1781 2240 πάντως

995 2269 1043 2295 οὐκ
1058 2268 1090 2294 ἂν
1103 2265 1285 2300 ἐμπλήσαιμι.
1302 2261 1413 2292 Πολλοῖς
1425 2260 1505 2287 τοῦτο
1520 2257 1716 2293 τεκμαίρομαι.

1030 2402 1184 2439 Προτρέπει
1203 2399 1253 2434 μὲν
1273 2394 1319 2424 οὖν
1343 2397 1357 2424 ὁ
1380 2395 1463 2431 νόμος
1476 2395 1531 2421 τῶν
1547 2392 1706 2439 ἐγκωμίων,
1727 2389 1783 2439 πρὸ

994 2448 1041 2476 τοῦ
1056 2435 1169 2481 κοσμεῖν
1185 2444 1249 2475 τοὺς
1275 2441 1475 2476 προκειμένους
1492 2440 1532 2471 είς
1559 2436 1710 2472 εὐφημίαν,
1732 2435 1784 2469 τὴν

995 2493 1182 2529 ένεγκαμένην
1209 2489 1319 2520 αὐτοὺς,
1340 2488 1387 2514 καὶ
1400 2486 1432 2522 δὴ
1444 2485 1491 2512 καὶ
1506 2485 1569 2529 τους
1586 2483 1693 2518 γονέας,
1715 2482 1782 2508 πᾶσι

996 2527 1105 2575 δηλοῦν,
1117 2537 1164 2564 καὶ
1183 2533 1293 2571 μάλισθ’
1310 2534 1374 2560 ὅταν
1389 2532 1509 2567 τύχωσιν
1526 2527 1599 2556 οὗτοι
1616 2529 1664 2556 καὶ
1680 2528 1783 2563 ἀρετῆς

997 2588 1028 2615 οὐ
1048 2585 1178 2621 σμικρᾶς,
1195 2582 1243 2610 καὶ
1268 2581 1348 2614 δόξης
1368 2580 1398 2605 οὐ
1417 2577 1529 2614 μετρίας
1560 2576 1781 2612 μετεσχηκότες·

997 2630 1075 2668 οἶμαι
1085 2631 1113 2658 δὲ
1125 2629 1188 2661 τοὺς
1204 2627 1313 2658 πλείους
1325 2625 1457 2659 δοξάζειν.
1470 2624 1508 2656 ὡς
1525 2623 1627 2659 μᾶλλόν
1641 2631 1674 2657 γε
1689 2621 1784 2648 ἐνταῦ-

999 2681 1033 2705 θα
1050 2677 1168 2713 χρῆσθαι
1192 2674 1328 2710 προσήκει
1354 2672 1393 2707 τῷ
1409 2671 1488 2698 πάντ’
1513 2671 1618 2705 ἀρίστῳ
1634 2671 1681 2696 καὶ
1706 2669 1783 2703 καλῷ

997 2725 1064 2761 τῷδε
1078 2724 1152 2758 νόμῳ
1167 2723 1239 2758 ἤπερ
1256 2719 1436 2761 ὁπουδήποτε.
1458 2718 1489 2745 Et
1509 2718 1563 2752 γὰρ
1589 2717 1631 2742 ἵνα
1646 2716 1676 2742 τὺ
1693 2715 1781 2748 γένος,

997 2758 1046 2798 καὶ
1064 2771 1079 2806 ἡ
1096 2768 1207 2803 πατρὶς,
1231 2768 1286 2793 τῶν
1295 2758 1449 2801 ’ὲπιτὴμων
1476 2764 1524 2800 μὲν
1544 2763 1590 2790 καὶ
1611 2761 1781 2799 περιφανῶν,
