1938 3083
81 165 137 196 185

477 155 678 189 TIIEODORI
699 151 885 185 DESPOTxE
905 148 1103 182 LAUDATIO
1124 145 1330 178 FUNEBRIS.

1639 147 1646 152 '
1670 137 1722 169 18')

80 222 114 249 οὺ
135 220 188 255 μὴν
204 218 227 244 δ’
242 218 283 250 είς
299 216 450 252 τοῦσχατον
473 215 552 249 δόξης
566 212 749 249 ὲληλακότων,
773 211 822 238 καὶ
842 211 872 236 τί)
888 215 904 242 Α

961 205 1022 237 tria.
1040 203 1084 239 qui
1105 203 1224 230 illustres
1239 200 1350 235 quidem
1366 204 1398 224 ac
1410 194 1569 229 clari,ltaud
1586 198 1676 221 tamen
1687 193 1721 220 ad

1101 249 1107 255 ‘
1146 248 1151 254 '
1236 247 1242 255 ¹
1263 253 1304 255 να
1331 250 1439 255 --ηι-λ-ι-
1469 249 1501 255 ,ιη
1525 245 1551 255 ιιι
1579 247 1612 255 ..ιι
1641 246 1721 255 nun,“

83 267 191 304 μηδένα
206 264 350 299 λεληθέναι
368 263 402 289 τὰ
415 261 487 289 κατὰ
507 262 588 295 σφᾶς,
603 259 703 293 ἁγαθός
718 266 749 292 γε
769 258 874 287 πάντως

82 303 98 340 δ
114 313 216 347 νόμοςν
235 311 289 338 ἵνα·
302 309 422 345 τοσαύτη
438 307 585 343 περιουσία
609 304 818 340 λαμπρότητος,
837 303 876 332 ὡς

85 359 188 396 μηδέσι
204 358 261 385 τῶν
275 356 420 392 πρωτείων
434 355 622 390 παραχωρεῖν,
652 351 720 389 μηδὲ
734 349 877 384 λεληθέναι

83 393 137 440 τῆς
153 406 206 440 γῆς
229 404 266 430 τὰ
290 403 410 438 πέρατα,
435 400 470 428 τὰ
495 400 571 434 σφῶν
588 397 816 431 πλεονεκτήματα
831 393 879 420 καὶ

84 439 139 487 τήν
154 449 265 486 ἀρετὴν.
283 448 401 484 μάλιστα
415 446 524 474 πάντων
535 445 550 471 ὁ
561 444 643 479 νόμος
653 439 731 474 οὗτος
745 441 776 468 οὐ
786 448 880 474 περιο-

88 486 174 528 πτὲος
192 495 293 527 δόξειεν
304 494 347 521 ἄν.
364 493 401 519 Τὸ
412 493 468 527 γὰρ
484 491 618 526 ὑπερέχον
629 489 732 516 τούτων
750 488 779 513 ὲν
794 486 880 513 ἅπασι

89 544 203 570 πάντων
229 541 313 568 ἕνεκα
331 537 350 576 ἦ
365 539 416 566 πού
429 548 461 574 γε
476 537 615 572 θαύματος
631 535 717 568 ἄξιον.
733 534 789 560 Καὶ
803 531 882 559 τοῦτό

90 598 125 623 γε
142 589 301 622 συνίστησιν
316 587 330 613 ό
345 586 434 613 πάντα
451 584 520 619 λήθῃ
536 582 676 617 παραδοὺς
699 581 808 616 χρόνος,
820 578 884 605 ἀτο-

90 637 180 671 νήσας
199 633 325 661 ἐνταυθοῖ
344 633 375 659 τὸ
394 631 491 663 εἰωθὸς
515 629 591 664 αὐτῷ
612 629 724 663 δρᾶσαι.
753 625 810 652 Καὶ
829 625 884 659 γὰρ

92 670 216 717 τοσούτῳ
248 681 320 716 μέγα
352 678 580 714 ὑπερηκόντισαν
606 675 689 710 συχνῇ
719 670 885 706 περιφανείᾳ

93 730 142 756 καὶ
160 727 333 763 κοσμιότητι,
351 727 398 753 καὶ
411 727 444 761 τῇ
457 724 511 751 τῶν
525 722 636 758 τρόπων
648 720 827 756 χρηστότητι,
839 717 886 744 καὶ

94 776 130 808 τῇ
144 774 200 800 τῶν
213 761 352 808 τροπαίων
361 771 547 806 λαμπρότητι,
562 769 618 803 ὅσῳ
635 766 702 802 μηδὲ
715 765 806 801 ῥᾴδιον
817 761 888 790 εῐναι

96 821 196 853 δεῖξαι.
212 821 269 847 Καὶ
279 820 360 846 τοῦτο
368 818 464 852 λέληθε
475 817 525 851 μὲν
539 815 593 842 οὐδ’
605 813 724 841 ὁντινοῦν
737 812 792 839 τῶν
804 810 889 838 ἀπάν-

97 877 153 894 των
165 876 172 883 ·
192 867 311 901 παρέχει
328 865 355 892 δὲ
370 865 477 895 πάντας
500 861 662 896 θαυμάζειν,
678 859 724 891 οὓς
742 867 773 892 γε
797 858 828 884 ού
845 857 889 883 λέ-

98 913 192 948 ληθεν.
218 913 303 939 Ἔνθα
320 910 463 946 δὴοταῦτα
480 909 661 944 συνέδραμεν,
674 906 688 933 ὁ
704 905 785 940 νόμος
809 904 893 938 ἀναγ-

100 958 256 988 καιότατος.
275 955 354 982 Ἔστι
369 955 472 982 ταῦτα..

144 1002 217 1037 Ἐγὼ
229 1003 257 1029 δὲ
274 1001 405 1037 βούλομαι
418 1000 467 1028 νῦν
482 1000 570 1027 εἰπεῖν
582 998 668 1034 βίαιον
679 997 729 1030 μέν
743 1004 814 1023 τισιν
827 995 893 1026 ἴσως

101 1049 193 1083 δόξον,
210 1047 309 1085 ἀληθὲς
323 1049 346 1075 δ’
358 1048 404 1075 οὖν
419 1045 498 1081 οἶμαι
513 1045 714 1080 φανησόμενον.
733 1042 765 1069 '0
783 1041 837 1077 γάρ
850 1040 896 1067 νό-

103 1105 157 1131 μος
176 1097 328 1130 ἀναγκαῖος
352 1094 390 1126 ὡς
412 1092 532 1125 ἀληθῶς,
559 1092 590 1118 οὐ
608 1091 662 1125 μὴν
685 1090 709 1116 δ’
725 1089 773 1115 ἐπὶ
786 1089 897 1115 πάντων

101 1141 194 1172 οὓτως
211 1140 318 1171 ἁπλῶς.
332 1139 393 1165 Ἴνα
405 1137 460 1173 γὰρ
477 1136 630 1171 συνέδραμε
642 1133 770 1164 τοσοῦτος
786 1133 835 1167 μὲν
847 1139 899 1158 σω-

105 1188 155 1224 ρὸς
183 1186 306 1221 ἀγαθῶν,
337 1185 386 1212 καὶ
414 1184 516 1220 μηδένα
540 1182 638 1218 λέληθε
661 1181 718 1208 τῶν
746 1179 898 1210 ἁπάντων,

105 1233 226 1268 παρέχει
242 1232 271 1259 δι
289 1232 356 1259 πᾶσι
371 1229 534 1265 θαυμάζειν,
555 1226 788 1262 ὲκπληττομένοις
801 1224 836 1252 τὰ
851 1231 901 1251 κα-

106 1278 285 1314 τορθώματα,
302 1277 352 1304 οὐκ
368 1276 518 1310 ἀναγκαῖος
544 1275 559 1300 ὁ
573 1273 657 1309 νόμος
680 1269 758 1303 οὗτος
776 1270 851 1305 αὐτῷ
868 1277 901 1303 γε

107 1325 199 1361 τούτῳ
213 1344 221 1357 ,
237 1322 259 1359 ᾧ
271 1332 302 1358 γε
314 1324 370 1354 τοῖς
387 1323 480 1353 ἄλλοις
505 1321 656 1355 ἀναγκαῖος
671 1316 742 1346 εἶναι
756 1318 842 1345 δοκεῖ.
855 1318 902 1343 Δι-

109 1372 208 1402 καίως.
226 1371 275 1397 Διὰ
289 1370 315 1397 τί
326 1379 334 1404 ;
347 1370 410 1396 Ὅτι
426 1369 472 1395 τὸν
483 1368 566 1402 νόμον
583 1365 661 1401 οἶμαι
676 1364 816 1401 τετάχθαι,
829 1364 903 1395 ὅπως

110 1419 137 1445 οι
164 1417 244 1453 ῥίζης
266 1417 374 1451 ἀγαθῆς
400 1417 429 1442 ὲν
459 1413 553 1449 ἀγαθῷ
582 1412 795 1447 πεφυτευμένης
811 1409 904 1445 χωρίῳ

111 1465 212 1500 ὁγαθοὶ
226 1465 295 1491 πᾶσι
308 1462 446 1498 δειχθῶσι,
466 1461 514 1488 καὶ
530 1460 584 1496 πρὸ
604 1459 653 1486 τοῦ
667 1459 713 1485 τὸν
737 1458 794 1493 βίον
810 1457 904 1488 αὐτοῖς

113 1512 243 1546 φανῆναι,
266 1511 315 1537 καὶ
339 1509 416 1544 παρὰ
432 1508 543 1535 πάντων
569 1505 761 1540 ἐπαινεθῆναι.
795 1503 905 1530 Ὀποῖον

927 258 1066 280 sumntum
1084 248 1178 284 gloria:
1201 247 1308 275 culmen
1328 250 1452 274 evasere.
1469 249 1502 268 ac
1525 245 1553 267 ut
1579 247 1612 266 ne
1641 246 1722 274 quem

927 306 1021 326 eorum
1041 305 1085 325 res
1102 297 1227 327 lateant;
1251 294 1319 320 bene
1347 297 1462 326 prorsus
1478 288 1523 316 illa
1546 287 1645 319 habet;
1676 285 1724 312 ubi

928 350 1020 373 autem
1037 350 1133 370 eorutn
1147 340 1242 374 gloria:
1254 342 1347 366 tantus
1359 337 1506 370 exsuperat
1531 332 1671 362 cumulus,
1684 334 1725 357 rut

930 399 965 419 ne
979 390 1024 417 cui
1041 389 1144 424 primas
1156 391 1249 422 partes
1263 384 1371 415 cedant,
1381 377 1727 413 neceorumpmrogativae

930 443 963 463 ac
987 434 1096 467 virtusq
1111 432 1186 459 orbis
1204 431 1310 470 lateant
1325 428 1403 454 ‘ﬁnes
1421 434 1429 458 ',
1443 430 1509 452 tunc
1525 422 1644 450 maxime
1672 427 1727 447 non

931 480 1084 515 spernenda
1111 467 1247 505 videatur.
1267 476 1353 504 Tanta
1369 473 1470 508 qttippe
1480 477 1575 498 eorum
1592 469 1619 495 in
1638 467 1730 494 omni-

933 527 995 557 bus,
1015 533 1046 553 ac
1058 524 1133 552 omtti
1151 527 1229 558 parte
1248 519 1423 551 excellentia,
1440 518 1498 552 iure
1516 515 1614 543 merito
1639 512 1729 541 admi-

933 573 1034 600 rationi
1063 571 1209 599 habeatur.
1247 568 1333 602 idque
1363 573 1431 593 sane
1462 564 1546 592 etiam
1585 560 1731 588 conﬁrmat

935 623 1055 652 tempus,

935 665 1022 696 ciens,
1055 663 1100 690 hic
1133 666 1225 689 tamen
1266 657 1420 693 nequiverit
1442 659 1572 690 praestare
1595 650 1669 687 quod
1691 653 1733 676 est
1766 651 1771 686 ί

936 714 1138 746 comparatum.
1153 707 1242 735 Tanto
1260 705 1394 740 siquidem
1411 708 1527 730 excessu
1554 700 1733 733 superarunt,
1767 688 1770 715 ἶ

937 757 1035 784 crebra
1048 755 1134 790 gloria
1152 762 1184 781 ac
1200 754 1355 781 honestate,
1371 753 1537 782 morumque
1550 745 1682 774 bonitate,
1702 749 1734 769 ac

939 809 1104 838 tropaeorum
1123 798 1282 836 splendore,
1298 802 1328 824 ut
1339 803 1390 824 nec
1407 794 1488 822 facile
1503 791 1610 820 ostendi
1636 789 1734 825 possit,

939 855 1028 883 eaque
1048 855 1093 875 res
1107 846 1245 874 neminem
1258 846 1343 871 latere
1362 840 1451 877 potuit
1471 837 1687 872 ;convertitque
1709 833 1735 860 iu

907 888 928 916 Β
943 893 1164 925 admirationem,
1177 892 1201 919 si
1219 897 1289 924 quos
1306 896 1359 916 tton
1376 887 1467 914 latuit.
1486 884 1537 912 Ubi
1549 890 1616 912 sane
1632 888 1739 909 eacon-

944 941 1094 972 currerint,
1111 939 1238 966 videatur
1251 937 1296 963 lex
1310 941 1417 964 summe
1432 930 1602 960 necessaria.
1614 928 1650 955 Ita
1661 934 1738 954 vero.

980 987 1114 1014 Cancrum
1128 985 1217 1012 libens
1237 983 1338 1013 dicam,
1351 979 1424 1015 qttod
1437 979 1508 1006 forte
1525 975 1666 1004 nonnullis
1686 972 1738 999 tlu-

945 1033 1006 1061 rius
1023 1032 1161 1066 videatur,
1173 1037 1203 1057 ut
1222 1034 1312 1056 tamen
1337 1025 1463 1053 veritatis
1487 1022 1607 1058 speciem
1629 1019 1741 1047 habitu-

946 1087 1008 1108 rum
1023 1082 1128 1114 putem.
1150 1077 1234 1103 Plane
1251 1074 1362 1109 quidem
1387 1069 1544 1099 necessaria
1571 1068 1637 1100 lex;
1665 1064 1739 1092 haud

948 1132 1041 1155 tamen
1057 1115 1220 1159 simpliciter
1235 1122 1314 1152 adeo,
1336 1123 1366 1146 ut
1380 1121 1537 1152 spectemus
1557 1120 1665 1141 omnes.
1690 1110 1742 1138 Ubi

949 1171 1022 1200 enim
1040 1171 1137 1204 ingens
1153 1168 1220 1195 adeo
1234 1165 1376 1194 concurrit
1391 1165 1526 1191 bonorum
1541 1159 1679 1191 cumulus,
1691 1164 1744 1184 nec

950 1218 1023 1246 ullos
1034 1215 1146 1244 omnino
1163 1215 1239 1244 latet,
1255 1218 1408 1245 omnesque
1419 1207 1556 1236 convertit
1569 1207 1596 1233 in
1619 1204 1742 1232 admira-

953 1266 1070 1296 tionem,
1088 1261 1261 1297 stupcntibus
1282 1257 1412 1286 omnibus
1425 1255 1535 1286 merita;
1548 1252 1619 1279 haud
1633 1257 1745 1286 prorsus

953 1310 1108 1339 necessaria
1125 1308 1261 1339 videatur,
1277 1313 1310 1333 eo
1324 1305 1394 1339 ipso,
1412 1310 1466 1338 quo
1484 1301 1545 1328 aliis
1561 1299 1686 1326 videatur
1696 1304 1745 1323 ne-

953 1356 1083 1385 cessaria.
1097 1355 1135 1382 lla
1154 1354 1262 1380 merito.
1277 1351 1414 1385 Quorsum
1424 1356 1489 1376 vero
1500 1348 1512 1375 ‘l
1523 1346 1602 1380 Quod
1611 1345 1742 1372 nimirum

954 1414 985 1432 ea
1000 1404 1108 1431 ratione
1121 1401 1277 1430 existimem
1290 1400 1457 1434 positam,ut
1467 1395 1512 1430 qui
1524 1402 1556 1421 ex
1571 1394 1641 1420 bona
1652 1390 1746 1418 rntlicc

955 1452 1028 1479 bono
1044 1455 1103 1477 sata
1120 1449 1179 1477 solo
1194 1447 1367 1483 prodierunt,
1378 1443 1441 1471 boni
1459 1441 1589 1469 oumibus
1598 1437 1749 1466 ostendan-

957 1503 1012 1530 tur,
1029 1505 1092 1524 cum
1103 1495 1219 1523 necdum
1234 1494 1318 1520 etiam
1332 1499 1428 1519 eorum
1448 1489 1502 1515 vita
1522 1487 1554 1515 sit
1578 1485 1698 1521 prodita,
1717 1489 1750 1509 ac

113 1531 178 1546 γ...
193 1531 230 1537 ....
267 1531 315 1537 η...
343 1531 377 1536 ..κ
399 1531 416 1535 ..
435 1531 538 1535 ..-.....
697 1531 704 1540 ,

113 1531 245 1596 γὰριᾶνῇ
264 1559 295 1585 τὸ
312 1531 406 1592 (puro;
422 1557 470 1583 καὶ
484 1555 513 1582 τὸ
524 1554 626 1590 χωρίον
640 1554 668 1580 ὲν
684 1549 705 1586 ᾧ
723 1551 904 1586 πεφύτευται,

958 1543 1081 1572 omnium
1107 1550 1156 1569 ore
1183 1540 1307 1568 laudata.
1329 1537 1425 1571 Qualis
1446 1535 1518 1562 enim
1547 1537 1589 1560 est
1612 1531 1704 1562 arbor,
1719 1535 1751 1555 ac

1014 1589 1031 1596 "
1082 1592 1101 1596 ’ν
1121 1587 1174 1596 η’*
1200 1586 1281 1596 Ἀλο-
1305 1589 1414 1596 nun-nn
1435 1586 1548 1596 ummcea
1566 1577 1598 1596 ait
1618 1580 1646 1596 ιιι
1672 1574 1749 1596 [τηρ.

114 1606 237 1632 τοιοῦτον
253 1605 359 1639 ἀνάγκη
375 1603 422 1630 καὶ
444 1602 490 1628 τὸν
512 1600 620 1636 καρπὸν
636 1598 702 1626 αὐτὸ
719 1597 825 1633 φέρειν,
844 1597 902 1623 Ἐν-

114 1651 202 1679 ταῦθα
218 1651 307 1677 τοίνυν
325 1649 460 1683 παρέλκον
485 1643 564 1681 οἶμαι
590 1644 671 1672 τοῦτο
689 1644 738 1670 καὶ
762 1642 901 1679 περιττόν.

121 1699 152 1726 '0
167 1699 221 1733 γὰρ
235 1697 274 1733 τῷ
288 1697 363 1732 νόμῳ
390 1695 492 1726 σκοπὸς
516 1693 612 1728 ὥσπερ
629 1691 784 1726 αὐτόματον
799 1689 905 1724 φθάσαν

117 1747 226 1780 γέγονε.
243 1744 292 1776 Τίς
316 1744 370 1778 γὰρ
386 1742 442 1769 τῶν
457 1742 568 1769 πάντων
579 1739 629 1767 οὐκ
643 1736 724 1770 οἶδεν,
737 1737 775 1769 ὡς
796 1736 838 1772 εῐη
857 1735 907 1771 μὲν

119 1793 136 1827 ἡ
149 1791 266 1826 μεγίστη
293 1789 381 1822 πόλις,
399 1789 449 1824 τὴν
474 1786 684 1814 Κωνσταντίνου
709 1784 793 1820 φημὶ,
808 1783 908 1817 πατρὶς

121 1837 218 1872 ἐκείνῳ
255 1835 358 1870 τάνδρὶ,
375 1835 422 1861 καὶ
443 1834 474 1868 δὴ
490 1833 537 1859 καὶ
555 1832 628 1866 γένει
652 1831 690 1866 τῷ
705 1829 822 1861 ἐκείνου,
839 1828 910 1856 ὥστε

122 1884 170 1910 καὶ
189 1883 292 1909 δεῖσθαι
318 1881 383 1916 παρ’
403 1880 496 1914 ἑτέρου
517 1878 598 1905 τοῦτο
624 1877 792 1912 μανθάνεινς
820 1875 868 1905 Τίς
883 1874 912 1900 δὲ

123 1930 226 1964 ταύτης
239 1927 296 1963 ἔχει
325 1925 491 1961 μνησθῆναι,
523 1925 569 1951 καὶ
595 1924 650 1951 τῶν
678 1921 913 1958 φυσάντων,ἄνευ

125 1976 272 2011 ἐγκωμίων
290 1974 445 2009 μεγίστωνς
463 1970 620 2006 Θαυμάζων
635 1971 664 1997 δέ
683 1979 727 2001 τις
755 1970 805 2005 τήν
819 1978 849 1995 τε
863 1976 915 1994 πα-

126 2022 215 2058 τρῖδα,
232 2021 295 2053 τούς
321 2029 351 2047 τε
364 2020 479 2053 γονέας,
503 2018 561 2050 πῶς
579 2017 637 2052 οὐχὶ
657 2017 705 2043 καὶ
720 2015 766 2042 τὸν
785 2017 816 2041 ὲκ
833 2014 916 2042 τῶνδε

127 2069 232 2099 τούτοις
249 2066 454 2101 συνεθαύμασεν
467 2065 518 2099 ἄν;
536 2065 598 2091 Ὅτι
619 2064 710 2091 τοίνυν
726 2064 814 2090 ταῦτα
833 2061 917 2092 οὓτω,

130 2115 179 2141 καὶ
197 2114 292 2140 οὐδένα
308 2112 404 2148 λέληθε
427 2112 461 2139 τὰ
480 2112 552 2138 κατὰ
572 2111 618 2137 τὸν
634 2110 682 2136 νῦν
695 2108 919 2144 εύφημούμενον,

134 2161 170 2196 μή
179 2168 241 2186 ποτε
251 2160 397 2194 περίεργον
455 2156 671 2187 κατασκευάζειν
687 2155 747 2181 λίαν
765 2153 861 2188 σαφὲς,
873 2154 921 2179 καὶ

131 2206 265 2233 δεικνύειν
276 2206 423 2240 ἐπιχειρεῖν
439 2205 468 2231 τὺ
496 2204 590 2238 μηδενὶ
603 2201 806 2237 κρυπτόμενον.
826 2199 855 2226 '0
868 2199 922 2234 γὰρ

131 2254 279 2286 διῐάσκειν,
308 2250 398 2286 οἶμαι,
422 2251 597 2286 βουλόμενος,
614 2249 651 2279 ὡς
677 2249 693 2284 ἡ
713 2246 921 2274 Κωνσταντίνου

132 2299 201 2333 τῷδε
218 2299 318 2333 πατρὶς
329 2318 336 2330 ,
355 2298 402 2324 καὶ
414 2298 503 2327 γονεῖς
525 2297 549 2322 oi
565 2295 668 2329 ταύτης
680 2294 862 2328 χοσμήτορες,
875 2291 922 2318 καὶ

134 2346 223 2380 ἀγαθή
240 2353 272 2378 γε
295 2344 383 2378 τούτῳ
398 2343 474 2377 καὶὴ
494 2342 593 2376 πατρὶς
609 2341 655 2367 καὶ
669 2341 694 2366 οί
711 2339 858 2373 φύσαντες,
871 2346 923 2363 πα-

137 2392 288 2426 ραπλήσιον
311 2391 344 2418 ἂν
365 2390 409 2425 εἴη
426 2388 523 2420 ποιῶν,
539 2388 635 2423 ὥσπερ
654 2387 686 2414 ἂν
703 2386 727 2412 εἰ
741 2385 804 2416 τοὺς
818 2383 925 2419 ἀνθρώ-

135 2447 201 2469 πους
213 2437 350 2464 διδάσκειν
363 2436 501 2468 ἐϐούλετο,
516 2434 672 2468 πληθούσης
686 2432 738 2466 τῆς
747 2431 863 2465 ἀγορᾶς,
877 2431 925 2457 καὶ

136 2486 186 2518 τῆς
203 2485 310 2515 ἀκτῖνος
327 2483 449 2514 ἅπαντας
477 2480 691 2517 θερμαινούσης,
719 2479 790 2513 ὑπὲρ
813 2478 864 2513 γῆν
879 2477 925 2504 τὸν

136 2532 213 2566 ἥλιον
231 2530 311 2558 εἶναι.

176 2577 212 2605 υὺ
230 2577 281 2613 μὴν
296 2576 363 2603 ἀλλὰ
383 2577 431 2603 καὶ
446 2575 508 2610 τῇδε
534 2573 723 2609 παραδραμών
751 2580 792 2602 τις
808 2569 927 2596 ἐνταῦθα

138 2623 245 2650 τουτονὶ
270 2623 316 2649 τὸν
334 2623 391 2653 τοῖς
413 2620 538 2656 ἀρχαίοις
569 2619 682 2645 τεθέντα
711 2617 793 2650 νόμον
816 2616 926 2651 ἄριστον

90 2688 92 2691 -
139 2670 286 2704 ὖντα,οὕτε
306 2669 382 2705 παρὰ
405 2668 459 2695 τῶν
477 2667 600 2701 θεμένων
619 2663 696 2699 οἶμαι
723 2664 768 2690 τὸν
786 2663 879 2697 νόμον,
903 2662 927 2687 εἰ

141 2718 182 2743 ἑτι
202 2716 261 2751 μεθ’
277 2715 356 2750 ἡμῶν
380 2712 467 2749 ἦσαν,
485 2712 548 2739 οὕτε
567 2711 631 2746 παρ’
658 2708 814 2737 οὑτινοσοῦν
830 2708 929 2742 εὐφρο-

141 2763 262 2794 ννῦντος,
276 2761 375 2793 δέξαιτ’
387 2761 419 2788 ἄν
432 2769 495 2786 ποτε
511 2759 625 2794 μέμψιν.
642 2757 711 2784 Οὔτε
728 2757 781 2791 γὰρ
796 2757 812 2790 ἡ
829 2754 929 2788 πατρὶς

141 2807 228 2843 αὑτῷ,
243 2807 299 2834 οὗθ’
310 2808 337 2834 οι
352 2808 452 2841 γονεῖς,
467 2805 586 2836 ἐπιδεεῖς
602 2804 651 2839 τῆς
669 2802 734 2837 παρ’
753 2801 877 2836 ἀλλήλων
889 2809 930 2826 τι-

144 2856 200 2888 μὴς
211 2862 218 2869 ⁸
235 2854 285 2880 ἀλλ
298 2853 367 2880 ὀὐδὲ
384 2853 465 2884 αὐτὸς
478 2852 582 2882 ἐκεῖνος
597 2849 647 2883 τῆς
664 2848 727 2883 παρ’
744 2847 834 2874 αὐτῶν
846 2847 931 2879 ἀναγ-

143 2900 242 2933 καίως,
265 2900 289 2927 εί
315 2901 362 2927 καὶ
377 2900 442 2935 παρ’
454 2898 578 2934 ἀλλήλων
601 2897 674 2932 ὅμως
689 2895 861 2929 τετίμηνται,
880 2901 931 2918 κα-

956 1589 1032 1625 quali
1047 1592 1107 1616 crta
1118 1587 1189 1619 solo,
1200 1586 1283 1613 talem
1303 1589 1415 1618 quoque
1435 1586 1548 1608 necesse
1566 1577 1602 1604 sit
1618 1580 1647 1602 ttt
1672 1574 1749 1601 l'ruc-

955 1641 1012 1664 tum
1027 1635 1106 1662 t‘erat.
1121 1633 1178 1660 Hac
1189 1640 1254 1667 ergo
1277 1635 1354 1665 parte
1372 1632 1603 1663 supervacaneam
1625 1629 1656 1649 ac
1681 1620 1752 1646 otio-

955 1690 1013 1711 sam
1025 1681 1193 1709 molitionem
1209 1683 1285 1713 puto.
1298 1677 1346 1703 llic
1362 1671 1579 1709 siquident,ejus
1591 1669 1660 1703 legis
1679 1667 1753 1695 linis.

958 1738 1007 1759 sua
1024 1729 1083 1764 ipse
1106 1731 1215 1763 sponte,
1228 1733 1262 1751 ac
1285 1724 1348 1751 tltro
1359 1720 1513 1756 occupavit.
1529 1718 1596 1751 Quis
1609 1722 1682 1744 enim
1705 1722 1754 1740 nr-

959 1775 1029 1804 sciat
1050 1772 1187 1805 omnium,
1204 1774 1235 1797 ut
1252 1769 1294 1796 vir
1307 1769 1363 1800 ille,
1390 1767 1438 1794 sed
1454 1768 1481 1792 et
1499 1764 1559 1799 ejus
1579 1768 1678 1796 genus,
1695 1766 1754 1784 nta-

961 1822 1037 1849 xima
1051 1820 1173 1850 urbiunt,
1197 1814 1384 1845 Constantini.
1413 1813 1536 1846 inquam,
1558 1807 1639 1841 urbe,
1667 1804 1754 1840 patria

963 1868 1107 1904 glorietur,
1127 1870 1156 1892 ut
1171 1869 1198 1892 et
1231 1861 1297 1890 illud
1326 1861 1360 1888 ab
1377 1859 1431 1887 alio
1447 1848 1734 1884 docendus‘videatur
1745 1850 1758 1877 ἲ

964 1915 1032 1949 Quis
1046 1917 1136 1940 autem
1151 1911 1211 1946 ejus
1223 1913 1367 1944 parentum
1393 1905 1444 1932 nisi
1470 1901 1597 1931 maximis
1628 1899 1757 1926 laudibus

966 1961 1125 1989 meminisse
1139 1956 1248 1993 possit?
1263 1954 1300 1983 Ut
1315 1954 1377 1988 quis
1388 1959 1464 1983 vero.
1479 1957 1541 1977 cum
1561 1947 1688 1983 patriam,
1699 1950 1756 1972 tttm

967 2011 1093 2043 parentes
1107 2003 1235 2035 miretur,
1262 2000 1308 2035 qui
1326 2006 1381 2026 non
1413 1997 1494 2024 etiam
1511 1995 1565 2022 illis
1587 1998 1678 2020 ortum
1701 1991 1758 2025 pari

969 2051 1148 2081 admiratione
1166 2045 1372 2085 prosequatur?
1387 2045 1456 2072 Cum
1477 2043 1519 2071 sic
1539 2048 1604 2075 ergo
1630 2041 1686 2066 Iure
1711 2038 1760 2063 lia-

971 2101 1064 2132 beant,
1101 2105 1152 2125 nec
1182 2096 1232 2123 viri
1256 2092 1503 2129 impraesentiarum
1533 2086 1688 2116 celebrandi
1716 2093 1760 2111 res

972 2146 1058 2174 ullum
1073 2145 1188 2175 lateant,
1207 2142 1300 2176 utique
1313 2139 1433 2167 otiosum
1447 2137 1483 2164 sit
1505 2140 1535 2162 ut
1558 2134 1583 2161 id
1601 2133 1761 2168 probemus,

973 2192 1046 2228 quod
1062 2190 1204 2226 perspicue
1219 2189 1323 2215 clarum
1338 2190 1389 2219 est,
1413 2191 1445 2211 ac
1463 2183 1580 2210 nitamur
1605 2180 1761 2206 ostendere.

935 2225 1124 2275 unodnulli
1142 2237 1178 2264 sit
1203 2234 1354 2263 occultum.
1381 2231 1433 2265 Qui
1454 2229 1526 2258 enim
1559 2228 1658 2255 docere
1685 2225 1762 2256 velit,

977 2287 1105 2315 habuisse
1120 2278 1245 2319 patriam,
1256 2278 1428 2309 Constantini
1445 2277 1552 2308 urbem,
1567 2277 1762 2309 parentesque.

976 2334 1050 2360 viros
1069 2331 1189 2367 ejusdem
1209 2328 1357 2364 principes,
1390 2325 1547 2356 bonamque
1560 2320 1583 2347 ei
1601 2318 1716 2354 patriam
1733 2324 1765 2343 ac
1785 2334 1795 2375 ἐ

1313 2374 1316 2375 ⁷
1352 2372 1368 2375 “
1400 2370 1407 2375 '
1549 2371 1556 2375 Α
1597 2366 1630 2375 -“μ
1657 2364 1706 2375 ΓΔΑ.
1717 2363 1751 2375 -Ζι

977 2383 1103 2416 parentes
1120 2363 1216 2408 fuisse,
1246 2374 1317 2401 ltaud
1334 2370 1409 2399 aliud
1422 2376 1482 2397 mea
1498 2366 1634 2395 sententia
1656 2363 1766 2391 lcet-rit.

978 2434 1060 2462 quam
1078 2428 1108 2453 ut
1124 2424 1204 2458 pleno
1221 2421 1291 2453 foro,
1309 2418 1448 2451 radiisque
1461 2420 1558 2442 :estum
1589 2410 1765 2440 facientibus,

978 2478 1087 2501 exstare
1105 2470 1189 2498 solem
1212 2475 1293 2502 super
1323 2469 1437 2494 terram,
1465 2467 1516 2488 ceu
1545 2457 1649 2486 inscios
1669 2456 1768 2484 docere

979 2519 1054 2547 velit.
1102 2535 1104 2538 τ

1017 2566 1088 2593 Sane
1099 2567 1126 2589 ttt
1141 2570 1172 2589 ea
1190 2560 1251 2596 quis
1265 2559 1380 2587 ratione.
1406 2563 1466 2582 eam
1482 2552 1617 2588 antiquis,
1633 2548 1766 2584 optimam

981 2611 1055 2639 illam
1066 2631 1072 2640 .
1085 2594 1205 2644 positaut‘
1219 2606 1313 2640 legem,
1328 2601 1454 2638 praesenti
1466 2603 1627 2635 argumento
1638 2594 1769 2622 omitten-

982 2657 1043 2684 dam
1061 2641 1207 2690 putaverit.
1220 2650 1293 2677 haud
1309 2649 1404 2679 ullam,
1421 2647 1454 2674 ab
1470 2647 1504 2673 iis
1521 2645 1587 2679 ipsis
1606 2642 1708 2679 quibus
1734 2641 1772 2668 sit

982 2703 1080 2738 posita,
1091 2705 1120 2726 ut
1136 2699 1154 2726 ii
1168 2698 1257 2725 adhuc
1275 2697 1300 2722 in
1315 2696 1382 2722 vivis
1398 2696 1520 2727 agt-rent,
1531 2691 1620 2718 ullove
1629 2688 1768 2722 sapiente,

984 2745 1221 2782 l't'lll‘cilCllsiOHL‘Ill
1236 2738 1354 2776 unquam
1374 2740 1476 2766 tulerit.
1500 2737 1594 2772 Neque
1610 2735 1683 2762 enim
1711 2733 1774 2765 ldis

984 2793 1147 2823 celebrando
1163 2791 1221 2818 viro
1243 2789 1342 2825 patria,
1359 2792 1406 2814 aut
1431 2789 1567 2821 parentes,
1586 2787 1615 2810 ιιι
1629 2783 1669 2810 eis
1685 2782 1719 2809 ab
1734 2782 1774 2807 in-

985 2842 1071 2869 vicem
1088 2840 1219 2867 honorem
1244 2834 1364 2863 mtttuari
1387 2840 1500 2860 necesw
1525 2831 1562 2859 sit
1580 2837 1587 2856 :
1604 2835 1631 2857 at
1647 2837 1732 2864 neque
1751 2828 1773 2854 is

987 2895 1098 2917 necesse
1115 2886 1149 2913 ab
1166 2885 1218 2912 illis
1239 2883 1338 2911 habeat
1355 2890 1362 2915 ;
1382 2880 1489 2908 tametsi
1517 2883 1612 2905 mutuo
1638 2877 1769 2904 honorem

1114 615 1188 650 quod
1238 613 1452 640 universorumt
1482 606 1649 635 oblivionem
1690 604 1731 631 [a-
1765 624 1770 629 .
