1938 3083
136 120 184 150 187

726 122 923 152 MANUELlS
945 121 1169 166 PALEQLOGI

1712 115 1762 150 ῖὲης)

135 180 184 207 sibi
210 179 324 212 addunt,
350 179 487 214 quomodo
515 181 610 214 juncta
646 180 759 212 lumina,
794 185 918 206 mutuum

982 179 1060 212 ίὰπερ
1076 179 1154 212 φῶτα
1169 173 1335 210 συναύξόντα
1350 179 1399 213 τὴν
1428 178 1456 211 EE
1476 177 1598 212 ἀλλήλων
1615 176 1762 213 ἀστραπήν

135 226 308 260 splendorem
322 233 353 252 ac
372 226 471 258 lucem,
489 227 610 253 vicissim
624 226 780 254 intendunt.
795 226 837 253 Uti
856 233 921 260 ergo

136 270 240 304 praefati
259 279 364 302 sumus,
381 275 408 297 ut
420 271 455 298 sit
469 273 538 298 bona
553 273 608 302 lex,
622 272 693 298 haud
709 277 798 299 tamen
814 273 922 306 imprre-

137 315 287 343 sentiarum
303 316 464 343 exornando
487 316 545 343 γὶνο
572 316 726 343 necessaria
744 326 751 343 :
778 317 844 351 quin
864 316 920 348 ille,

136 367 167 386 cx
185 360 295 394 propria
323 361 409 394 magis
438 361 552 392 virtute,
580 362 695 395 suisque
718 362 776 395 ipse
806 361 920 392 meritis,

136 414 218 439 quam
236 414 268 432 ex
300 407 397 441 patria,
417 415 448 434 ac
464 408 532 438 avis,
556 400 709 442 magnoque
729 408 804 435 illinc
831 408 922 442 splen-

137 452 213 483 dore,
224 452 316 479 clarus
327 453 420 480 fuerit.
432 452 466 480 Ut
477 458 565 480 autent
579 454 660 480 etiam
672 454 728 484 illa,
740 457 922 488 parentesque

137 505 168 523 ac
183 498 237 528 avi,
257 503 350 525 nolunt
369 499 455 532 illum,
474 507 505 526 ac
522 499 578 526 suis
592 499 678 533 ipsum
699 500 804 526 meritis
817 501 921 526 clarum

136 543 268 570 notiorem
286 544 526 578 illustrioremque,
548 553 597 571 sua
612 545 733 579 ipsorum
745 545 921 572 reddiderunt

136 590 248 622 virtute,
269 598 300 617 ac
314 591 391 624 juxta
408 592 488 618 modo
508 592 623 625 positam
648 591 804 626 imaginem,
827 592 922 626 gloria:

135 635 157 659 t-l
173 636 299 663 cumulus
314 636 439 668 fuerint;
466 637 548 664 iidem
575 637 661 664 nihilo
686 638 777 665 secius
801 638 864 673 ipsi,
889 645 922 665 ac

137 682 234 714 patria,
265 682 462 710 illustrioribus
490 683 693 717 augmentis,ac
722 684 812 711 omnis
848 688 921 710 retro

135 729 201 750 a-tas
217 725 336 756 tulisset,
355 726 483 753 omnibus
494 727 594 759 ubique
607 735 654 761 per
668 728 743 754 illum
754 728 920 755 claruerunt.

136 770 240 802 Quibus
265 771 310 797 ille
335 772 502 798 ornamentis
528 773 611 799 claret
628 792 636 804 ,
656 773 689 800 iis
705 781 815 807 quoque
833 774 921 807 patria

138 823 170 841 ar.
186 820 322 850 parentes.
345 815 389 842 Sic
403 817 476 843 enim
502 817 592 844 libens
620 819 647 844 in
670 818 782 851 optimis
809 817 919 846 accidit.

139 860 244 887 llursus
255 868 329 892 vero,
347 861 432 889 claret
444 861 488 889 ille
506 863 644 894 omnibus,
663 864 708 890 sed
722 868 748 889 et
777 864 876 898 patria,
896 869 923 891 et
940 855 959 882 Β

139 911 275 939 parentes.
297 907 398 934 Verum
425 908 479 935 sint
505 909 596 935 omnia
625 909 787 936 ascribenda
826 911 922 937 radici.

138 954 298 986 Quanquam
314 953 386 979 enim
404 953 535 980 illustrior
551 961 660 988 quoque
675 954 798 981 redditur
822 955 922 989 patria,

139 1003 186 1025 aut
213 1003 348 1032 parentes,
381 1004 410 1026 ut
440 999 588 1034 ingenuum
617 1001 681 1034 quid
707 1001 924 1036 praeclarumque

138 1045 271 1072 ediderint
287 1053 294 1072 :
309 1046 381 1080 quod
395 1043 488 1073 tamen
499 1047 580 1074 abeis
591 1047 754 1081 productum
772 1053 823 1081 est,
836 1048 868 1074 ad
878 1055 925 1075 eos

139 1091 426 1124 recurrit,adouioin
457 1092 569 1120 domum
599 1094 672 1120 velut
705 1094 823 1126 circulo,
852 1095 924 1128 quod

138 1138 226 1164 aiunt.
245 1136 308 1164 Haec
319 1137 460 1165 hactenus.

174 1271 292 1298 Patriam
304 1271 412 1305 quidem
435 1271 527 1298 urbem
538 1270 640 1305 regiam
652 1270 759 1302 habuit,
776 1277 807 1298 ac
815 1271 924 1298 urbium

139 1321 266 1344 matrem.
276 1316 340 1350 Ejus
351 1324 381 1343 ea
390 1316 544 1348 celebritas,
555 1320 586 1344 ut
598 1316 648 1343 sibi
663 1316 719 1349 ipsa
736 1316 771 1342 sit
786 1317 865 1348 satis,
877 1323 928 1343 nec

142 1363 242 1389 nostris
257 1362 290 1388 ad
303 1361 415 1395 gloriam
430 1361 556 1388 laudibus
569 1365 656 1395 egeat.
671 1360 759 1388 Tanto
780 1361 853 1388 enim
878 1369 928 1388 ur-

142 1406 222 1435 hilius
235 1408 373 1440 omnibus,
391 1407 414 1434 si
430 1414 490 1441 qum
505 1407 605 1434 habent
618 1407 841 1438 admirationem,
852 1412 928 1434 ante-

144 1456 239 1486 l'ertur,
254 1461 286 1481 ac
302 1459 424 1488 prastat,
440 1453 571 1488 omnique
583 1453 718 1479 bonorum
733 1453 846 1480 cumulo
857 1454 927 1481 citra

144 1500 379 1533 comparationem
395 1504 516 1534 superat,
529 1503 632 1534 quanto
648 1499 729 1527 etiam
744 1499 844 1526 ﬁnibus
867 1499 928 1526 uni-

143 1543 240 1579 veris,
256 1546 436 1581 gentibusque
450 1553 482 1573 ac
497 1546 606 1580 regibus
617 1545 856 1576 terrae,dominata
866 1550 908 1573 est
918 1566 926 1578 ,

144 1602 198 1621 non
213 1598 316 1620 tantum
329 1593 464 1620 exercitus
478 1593 674 1620 numerositate
689 1601 720 1620 ac
734 1593 817 1624 l'erro,
840 1600 927 1628 quau-

145 1647 201 1666 tum
215 1640 314 1667 virtute
330 1646 361 1666 ac
372 1638 477 1666 ratione
506 1639 670 1673 praepollens
687 1647 695 1672 ;
709 1639 836 1674 quodque
857 1640 928 1666 Con-

144 1685 266 1712 stantino
287 1684 430 1719 glorietur,
462 1691 543 1710 manu
567 1687 676 1711 tenente
700 1689 818 1717 sceptra,
835 1683 929 1711 eodem

145 1738 249 1761 revera,
261 1738 324 1757 cum
335 1731 511 1764 imperatore,
524 1733 581 1756 tum
593 1729 673 1760 duce,
684 1729 874 1761 universisque
883 1728 932 1759 bo,

145 1784 242 1804 norum
259 1776 370 1803 custode
387 1775 535 1810 ;quothue
553 1775 640 1809 majus
655 1774 783 1802 omnibus
798 1779 850 1806 est,
874 1774 930 1801 [)eo

145 1823 243 1850 eximie
258 1829 332 1852 caro,
344 1829 405 1848 cum
416 1821 530 1849 sincera;
541 1820 649 1855 pietatis
664 1827 738 1855 ergo.
752 1824 808 1847 tum
821 1825 932 1853 propter

147 1869 253 1896 virtutis
270 1867 353 1895 totius
368 1868 519 1895 cumulum.
536 1866 559 1895 ls
576 1867 670 1902 utique
697 1867 773 1894 urbis
794 1867 930 1898 conditor,

147 1923 197 1942 nec
212 1915 263 1942 nisi
289 1914 382 1941 divino
408 1919 472 1940 nutu
496 1921 527 1940 ac
550 1913 818 1948 impulsionc;quod
843 1913 930 1945 ipsum

148 1962 254 1988 abunde
269 1962 313 1993 sit,
327 1965 519 1988 scxeentorum
536 1961 726 1988 eneomiorum
740 1960 810 1990 loco,
821 1967 933 1987 sexcen-

149 2014 238 2034 t.trum
251 2007 307 2034 vice
321 2007 519 2038 laudationum,
534 2008 634 2042 quibus
647 2007 821 2034 innumeram
837 2014 933 2041 quaut-

147 2054 209 2079 dant
225 2052 403 2080 ostendamus
419 2053 536 2080 civitatis
551 2054 690 2080 virtutem.
708 2052 758 2080 Ubi
774 2053 847 2079 enim
873 2052 933 2079 talis

147 2104 190 2127 cst
201 2100 334 2131 conditor,
350 2100 513 2134 caelitusque
527 2099 619 2126 animo
641 2099 790 2126 condendre
813 2099 932 2126 studium

148 2146 302 2174 immissum
315 2145 366 2173 fuit
382 2154 389 2172 :
405 2146 504 2180 quippe
520 2146 626 2173 exstitit
640 2147 679 2173 vir
694 2146 749 2173 Deo
768 2145 883 2177 alllatus,
902 2152 934 2172 ac

975 234 1005 251 τε
1021 227 1069 251 καὶ
1091 224 1263 258 λαμπηδόνα.
1291 223 1390 254 Καθὼς
1406 224 1461 258 ἄρα
1487 222 1574 256 εἷπον,
1599 223 1637 254 ὡς
1650 224 1664 250 ὁ
1680 223 1762 258 νόμος

975 271 1088 304 ἀγαθὸς,
1107 270 1224 297 ἐνταῦθα
1247 269 1281 296 δι’
1302 270 1381 296 αὑτὸν
1405 270 1455 296 οὑκ
1472 270 1632 303 ἀναγκαῖος.
1654 269 1692 297 Οὺ
1708 271 1762 304 μὴν

975 316 1041 341 ἀλλὰ
1059 315 1106 341 καὶ
1120 316 1133 341 ὁ
1147 315 1209 345 τοὺς
1227 315 1356 346 ἐπαίνους
1378 315 1525 350 δεχόμενος
1541 315 1606 350 παρ’
1619 315 1697 349 ἡμῶν
1709 316 1760 350 ἤδη

975 361 1008 386 ἐκ
1023 361 1074 395 τῆς
1089 359 1245 394 προσούσης
1257 360 1357 394 ἀρετῆς
1373 360 1420 386 καὶ
1436 360 1490 385 τῶν
1498 359 1571 386 ίδίων
1581 360 1761 394 κατορθωμάιι

975 413 1028 430 των
1052 404 1156 438 μᾶλλον
1171 403 1361 438 λαμπρύνεται
1385 403 1401 438 ἢ
1417 404 1466 437 τῆς
1485 404 1625 438 πατρίδος,
1643 404 1690 430 καὶ
1705 404 1759 429 τῶν

975 450 1129 485 φυσὰντων,
1149 451 1195 476 καὶ
1218 450 1268 482 τῆς
1293 450 1399 476 ἐκεῖθεν
1416 450 1485 483 ἄγαν
1508 450 1710 484 λαμπρότητος.
1730 451 1759 476 Ei

974 496 1003 522 δὲ
1019 497 1065 523 καὶ
1075 496 1156 531 αὕτη,
1174 496 1220 523 καὶ
1234 497 1260 522 οἱ
1277 497 1376 529 γονεῖς,
1395 495 1534 530 γνώριμον
1550 495 1615 523 ὄντα
1628 497 1675 522 καὶ
1687 495 1757 529 λαμ.-

975 541 1044 576 πρὸν
1059 543 1091 568 ὲκ
1108 542 1161 568 τῶν
1187 542 1249 568 καθ’
1268 541 1362 573 αὐτὸν,
1388 541 1599 576 γνωριμώτερον
1615 541 1660 567 τὺν
1675 542 1759 575 ἄνδρα

974 588 1057 614 πᾶσιν
1072 587 1215 622 ἀπέφηναν
1225 588 1258 622 τῇ
1269 587 1334 622 παρ’
1347 587 1453 613 ἑαυτῶν
1468 588 1564 622 ἀρετῇ,
1579 587 1626 613 καὶ
1641 586 1760 620 προσθή-

975 642 1009 668 κη
1024 633 1111 668 τούτῳ
1139 633 1218 668 δόξης
1245 634 1371 667 ἐγένοντο
1397 633 1468 660 κατὰ
1491 633 1540 667 τὴν
1560 633 1610 667 ἤδη
1632 633 1761 668 ῥηθεῖσαν

972 681 1042 715 ἡμῖν
1055 679 1149 707 εικόνι.
1161 689 1168 696 ·
1185 680 1252 707 ἀλλὰ
1269 680 1315 706 καὶ
1328 676 1402 706 οὗτοι
1415 680 1492 712 καὶὴ
1508 680 1608 713 πατρὶς
1622 679 1713 711 πολλῷ
1729 687 1761 711 γε

976 725 1077 759 μᾶλλον
1096 726 1276 761 γνωρίζονται
1299 726 1333 752 δι’
1351 726 1432 752 αὑτὸν
1455 727 1510 756 τοῖς
1529 725 1688 760 ἁπανταχοῦ
1708 725 1760 758 γῆς

975 772 1129 807 ἀνθρώποις
1143 772 1158 806 ἢ
1174 773 1220 798 τὶν
1239 772 1292 806 πρὸ
1315 772 1361 798 τοῦ
1376 772 1464 798 πάντα
1481 771 1589 806 χρόνον.
1605 771 1697 802 "Odm;
1712 771 1761 804 μὲν

975 817 1028 852 γὰρ
1044 819 1155 849 ἐκεῖνος,
1179 818 1226 843 καὶ
1240 819 1255 852 ὴ
1275 818 1384 851 πατρὶς,
1400 818 1447 843 καὶ
1473 818 1497 843 ol
1513 817 1646 851 φύσαντες
1659 824 1666 831 ·
1689 815 1761 842 οὕτω

973 863 1027 898 γὰρ
1042 863 1089 890 ἐπὶ
1107 864 1161 890 τῶν
1174 863 1298 902 ὀιρίστων⁴
1311 863 1384 896 φιλεῖ
1399 862 1560 897 συμϐαίνων
1571 871 1577 877 ·
1601 863 1670 888 πᾶσι
1692 862 1713 887 δ’
1725 860 1758 888 αὖ

973 909 1092 940 ἐκεῖνος·
1109 909 1157 935 καὶ
1168 908 1199 943 δὴ
1211 909 1257 934 καὶ
1270 909 1285 943 ή
1302 909 1410 943 πατρὶς,
1426 909 1474 934 καὶ
1489 909 1513 934 οί
1527 908 1672 942 φύσαντες.
1687 908 1760 943 Πλὴν

973 955 1007 981 τὰ
1022 955 1109 981 πάντα
1122 954 1260 990 λογιατέον
1275 955 1307 989 τῇ
1325 954 1397 989 ῥίζῃ.
1414 955 1444 980 Εἰ
1457 953 1511 988 γὰρ
1523 955 1556 989 δὴ
1571 955 1618 981 καὶ
1634 954 1759 989 λαμπρο-

973 1001 1040 1035 τέρα
1057 1000 1219 1027 καθίσταταί
1230 1009 1272 1031 τις
1286 1001 1388 1036 πατρὶς
1399 1001 1414 1036 ἢ
1427 1003 1545 1035 πατέρες
1558 1002 1681 1034 γενναῖον
1694 1001 1762 1033 ἀγαυ

974 1047 1079 1080 γόντες,
1098 1046 1165 1072 ἀλλὰ
1186 1046 1232 1072 καὶ
1260 1045 1340 1072 τοῦτο
1358 1046 1422 1079 παρ’
1442 1047 1534 1073 αὐτῶν
1563 1046 1670 1079 ἐξελθὸν
1683 1065 1690 1076 ,
1722 1047 1761 1077 εἰς

975 1092 1072 1123 αὐτοὺς
1094 1091 1257 1126 ἀνατρέχει,
1275 1091 1378 1122 οἴκαδι,
1403 1092 1497 1125 φασὶν,
1514 1091 1609 1126 ὥσπερ
1626 1092 1656 1118 ἐν
1670 1090 1761 1124 κύκλῳ

976 1137 1084 1171 βαδίζον
1096 1145 1102 1152 ·
1121 1136 1239 1163 τοσαῦτά
1260 1145 1291 1169 γε
1308 1137 1373 1170 ἡμῖν
1391 1137 1457 1171 περὶ
1471 1137 1573 1163 τούτων
1585 1144 1592 1151 ·
1624 1137 1666 1162 ἵνα
1677 1136 1706 1162 δὲ
1723 1136 1761 1170 μὴ

974 1183 1094 1217 δόξωμεν
1109 1183 1232 1209 ἀπειθεῖν
1248 1181 1286 1216 τῷ
1301 1182 1388 1216 νόμῳ,
1409 1183 1644 1217 ἀφοσιωσάμενοι,
1657 1181 1761 1217 ταχέως

976 1229 1157 1263 ἁλλαξόμεθα.
1527 1224 1532 1229 ”

1012 1276 1114 1310 Πατρὶς
1130 1276 1179 1310 μὲν
1193 1275 1267 1310 αὑτῷ
1283 1276 1299 1310 ἡ
1312 1275 1494 1310 βασιλεύουσα
1506 1277 1583 1309 πόλις
1600 1284 1630 1302 τε
1645 1277 1693 1304 καὶ
1710 1284 1762 1310 μη-

977 1322 1118 1356 τρόπολις·
1133 1322 1194 1356 ἥτις
1208 1323 1350 1356 αὑταρκὴς
1370 1323 1464 1357 ἑαυτῇ.
1495 1323 1543 1348 καὶ
1572 1323 1603 1348 οὺ
1618 1322 1704 1348 δεῖταί
1729 1330 1762 1356 γε

977 1368 1032 1394 τῶν
1045 1367 1111 1401 παρ’
1127 1368 1206 1402 ἡμῶν
1224 1368 1344 1394 ἐπαίνων
1357 1369 1398 1399 είς
1414 1367 1548 1399 εὐδοξίαν.
1567 1367 1693 1402 Τοσούτῳ
1708 1369 1762 1401 γὰρ

978 1413 1096 1440 καλλίων
1112 1413 1172 1440 ἐστὶ
1187 1413 1242 1440 τῶν
1266 1413 1485 1448 θαυμαζομένων
1502 1414 1607 1440 πόλεων
1635 1413 1761 1445 ἁπασῶν,

980 1459 1027 1486 καὶ
1053 1458 1169 1493 προῦχει
1198 1459 1312 1492 τούτων,
1345 1460 1392 1485 καὶ
1421 1459 1594 1494 ὑπερϐέϐηκε
1615 1459 1682 1494 πρὸς
1708 1460 1762 1486 πᾶν

941 1521 963 1549 c
978 1504 1145 1538 ἀσύγκριτον
1159 1505 1272 1538 ἀγαθὸν,
1289 1505 1344 1539 ὅσῳ
1358 1505 1405 1530 καὶ
1420 1504 1562 1540 τερμάτων
1592 1502 1677 1539 ἦρχεν
1699 1505 1761 1538 ἑξῆς

981 1551 1119 1581 ἁπάντων,
1136 1551 1185 1577 καὶ
1208 1551 1306 1583 ἐθνῶν,
1329 1552 1377 1577 καὶ
1398 1551 1532 1585 βασιλέων
1558 1551 1613 1576 τῶν
1639 1550 1686 1577 ἐπὶ
1701 1552 1762 1584 γῆς,

980 1598 1010 1624 ού
1026 1596 1154 1624 τοσοῦτόν
1173 1605 1204 1631 γε
1219 1597 1382 1632 πολυχειρίᾳ
1396 1597 1443 1622 καὶ
1455 1597 1557 1631 σιδήρῳ
1573 1596 1687 1628 νικῶσα,
1701 1596 1764 1622 ὅσον

980 1643 1065 1678 ἀρετῇ
1082 1643 1129 1668 καὶ
1146 1641 1228 1676 λόγῳ,
1256 1641 1304 1667 καὶ
1329 1642 1367 1674 τῷ
1385 1642 1592 1667 Κωνσταντῖνον
1619 1639 1688 1667 εἶναι
1718 1641 1763 1666 τὸν

981 1689 1040 1713 ταῖν
1053 1688 1144 1722 χεροῖν
1158 1687 1193 1712 τὰ
1209 1687 1337 1721 σκῆπτρα
1352 1686 1515 1720 κατέχοντα,
1532 1686 1645 1720 βασιλέα
1657 1686 1702 1712 τὸν
1715 1687 1764 1712 αὐ-

981 1733 1026 1759 τὸν
1043 1734 1081 1764 ὡς
1099 1733 1208 1767 ἀληθῶς
1225 1732 1299 1765 ὅντα,
1319 1733 1367 1758 καὶ
1391 1732 1558 1766 στρατηγὸν,
1587 1732 1636 1758 καὶ
1662 1732 1764 1764 ταμίαν

981 1779 1036 1805 τῶν
1050 1779 1161 1811 ἀγαθῶν
1177 1778 1263 1805 ἅπασι
1280 1787 1286 1794 ⁵
1310 1778 1357 1805 καὶ
1373 1778 1403 1804 τὸ
1418 1779 1528 1805 πάντων
1548 1779 1702 1809 κάλλιστον,
1726 1777 1764 1811 τῷ

982 1825 1041 1860 Θεῷ
1080 1825 1264 1860 διαφερόντως
1306 1825 1513 1858 πεφιλημένον,
1544 1825 1592 1850 καὶ
1624 1824 1764 1853 εὐσεϐείας

984 1871 1165 1906 ἀκραιφνοῦς,
1181 1871 1230 1897 καὶ
1247 1871 1348 1905 ἀρετῆς
1361 1871 1444 1897 ἓνεκα
1462 1870 1570 1904 πάσης·
1589 1871 1620 1901 ὃς
1635 1878 1667 1903 γε
1684 1869 1766 1903 δομή-

983 1927 1039 1953 τωρ
1049 1918 1151 1952 ταύτης
1163 1917 1283 1950 ἐγένετο,
1302 1917 1353 1943 οὐκ
1366 1916 1429 1943 ἄνευ
1458 1916 1533 1947 θείας
1564 1917 1696 1951 κινήσεως
1719 1919 1766 1943 καὶ

985 1965 1085 1999 ῥοπῆς·
1099 1964 1146 1990 καὶ
1160 1963 1233 1989 τοῦθ’
1250 1964 1313 1998 ἡμῖν
1328 1962 1440 1996 ἐξαρκεῖ
1458 1963 1518 1989 ἀντὶ
1536 1962 1640 1996 μυρίων
1657 1962 1706 1996 μὲν
1721 1964 1766 1996 ὲγ-

985 2011 1108 2045 κωμίων.
1128 2010 1233 2045 μυρίων
1263 2009 1292 2035 δὲ
1308 2009 1437 2039 ἐπαίνων,
1467 2009 1567 2043 μυρίαν
1582 2009 1682 2044 ἀρετὴν
1697 2009 1767 2034 ἀπο.

984 2056 1146 2083 δεικνύντων
1166 2056 1217 2090 τὴν
1234 2056 1313 2081 πόλιν
1326 2054 1454 2089 ἔχουσαν.
1471 2055 1560 2080 ’Ὅπου
1580 2055 1633 2089 γὰρ
1646 2055 1767 2085 τοιοῦτος

987 2103 1035 2137 μὲν
1047 2103 1060 2129 ὁ
1075 2102 1248 2137 δειμάμενος,
1268 2102 1285 2135 ὴ
1301 2102 1329 2127 δὲ
1344 2101 1418 2135 ὁρμὴ
1430 2101 1480 2135 τῆς
1499 2101 1658 2134 οἰκοδομίας
1676 2099 1769 2126 θεόθεν

987 2147 1070 2174 αὐτοῦ
1097 2148 1131 2182 τῇ
1153 2147 1226 2182 ψυχῇ
1251 2147 1348 2181 γέγονε
1360 2156 1368 2163 ·
1383 2146 1533 2180 θεόληπτος
1549 2146 1604 2180 γὰρ
1625 2145 1706 2180 ἀνὴρ,
1723 2146 1770 2171 καὶ

149 2193 192 2218 cui
209 2192 298 2219 omnia
308 2199 369 2219 cum
382 2192 435 2218 Deo
445 2196 604 2226 gererentur
618 2200 625 2224 ;
639 2192 805 2226 superﬂuum
827 2191 928 2225 liquido

986 2193 1074 2219 πάντα
1086 2192 1174 2226 τούτῳ
1200 2193 1249 2218 σὺν
1265 2192 1325 2226 Θεῷ
1342 2192 1522 2225 διεπράττετο
1536 2199 1542 2206 ·
1571 2191 1716 2224 περίεργον
1736 2190 1769 2215 ἂν

150 2238 196 2269 sit,
211 2241 242 2264 ιιι
256 2237 307 2264 alia
325 2237 389 2273 quis
400 2237 506 2264 ratione
520 2237 629 2264 studeat
645 2237 738 2263 urbem
755 2236 876 2267 laudare,
896 2240 935 2262 ta-

152 2283 230 2310 Inclsi
254 2283 298 2310 illa
322 2283 463 2309 innumera
483 2283 594 2309 laudum
618 2286 778 2317 argumenta
802 2281 933 2316 suggerit.

187 2379 313 2405 Parentes
326 2383 426 2410 autem,
443 2386 473 2404 ac
488 2378 634 2412 majorum,
650 2385 702 2412 qua
727 2385 813 2412 genus
842 2377 934 2409 traxit,

152 2430 286 2457 catenam,
297 2424 367 2451 haud
375 2424 625 2458 pertempuslacilc
641 2424 742 2458 possim
753 2431 915 2458 percensere
930 2432 937 2456 ;

153 2479 202 2497 nec
210 2477 272 2497 vero
287 2469 394 2496 illortnn
407 2475 517 2504 tropaea.
529 2478 623 2504 resque
632 2478 689 2500 eas,
699 2470 799 2504 quibus
810 2470 858 2502 illi,
869 2470 939 2496 anti-

152 2516 214 2552 quis
229 2515 357 2549 praaclare
369 2519 455 2549 gesta,
469 2522 520 2541 suo
534 2514 679 2549 splendore
690 2515 850 2541 obscurant.
868 2513 939 2540 Sane

154 2567 183 2589 ut
199 2561 260 2595 quis
275 2561 326 2587 hor
342 2565 533 2594 persequitur,
553 2560 736 2594 impossibilia
756 2564 852 2586 tcnlal.
872 2559 937 2586 Mihi

152 2614 218 2634 vero
235 2607 300 2633 satis
319 2605 449 2632 hactenus
468 2604 698 2631 \‘iileturdictutn.
725 2603 779 2631 Viri
805 2605 895 2638 itaque
912 2605 938 2630 in

154 2653 242 2680 laudis
256 2655 444 2686 argumentum
460 2650 538 2677 nobis
548 2651 677 2685 propositi
689 2655 816 2685 parentes
833 2651 938 2684 avique,

155 2698 226 2745 haud
240 2698 315 2729 ullis,
333 2698 354 2723 si
373 2697 418 2730 qui
434 2697 489 2723 ullo
505 2704 624 2730 unquam
640 2704 697 2723 aevo
712 2697 819 2723 laudem
837 2697 941 2722 habue-

154 2742 229 2774 ruiit,
242 2743 369 2770 deteriori
385 2743 443 2770 loco
460 2743 543 2778 ;quin
560 2747 587 2769 et
613 2742 722 2776 potiori,
751 2742 940 2769 univn-sorum

157 2788 286 2822 suﬂ'ragio
302 2788 574 2816 habendividcantur
600 2796 607 2814 :
631 2787 676 2822 qui
694 2788 822 2814 nimirum
831 2787 941 2821 antiqua

164 2835 338 2862 successione
354 2834 468 2869 Augusti
485 2835 518 2862 ab
535 2834 664 2868 Augustis
681 2834 800 2868 optimis,
816 2832 942 2860 conuinua

985 2239 1027 2273 εἴη
1039 2238 1267 2273 σαφῶς,κοσμεῖν
1284 2238 1433 2272 πειρᾶσθαι
1449 2238 1498 2272 τὴν
1513 2237 1590 2263 πόλιν
1606 2236 1691 2271 ἑτέρῳ
1705 2237 1769 2269 τρό-

986 2294 1040 2318 πῳ,
1054 2286 1078 2311 εἰ
1094 2285 1143 2311 καὶ
1159 2285 1276 2319 παρέχει
1292 2284 1393 2318 μυρίας
1409 2284 1458 2314 τὰς
1472 2283 1601 2318 ἀφορμὰς
1624 2282 1678 2308 τῶν
1690 2281 1770 2308 ἐπαί-

986 2340 1049 2357 νων.

1023 2375 1121 2406 Γονέας
1134 2375 1156 2401 δ’
1176 2374 1221 2405 αὖ.
1239 2375 1285 2400 καὶ
1297 2374 1346 2409 τὴν
1359 2375 1451 2409 σειρὰν
1470 2374 1532 2400 ὅθεν
1549 2374 1579 2400 τδ
1593 2374 1670 2408 γένος
1685 2374 1771 2408 αὐτῷ,

988 2423 1039 2448 οὐκ
1059 2421 1094 2448 ἂν
1114 2421 1164 2447 σὺν
1188 2420 1227 2455 τῷ
1244 2421 1334 2456 καιρῷ
1362 2421 1566 2454 καταλέγοιμι·
1588 2420 1686 2447 οὔκουν
1713 2421 1774 2447 οὐδὲ

988 2468 1108 2503 τροπαῖα
1127 2466 1261 2494 τάκείνων
1281 2467 1329 2492 καὶ
1353 2466 1572 2501 κατορθώματα,
1595 2465 1774 2501 ἀμαυροῦντα

989 2515 1022 2540 τὰ
1038 2513 1092 2540 τῶν
1106 2513 1191 2539 πάλαι
1207 2514 1240 2547 τῇ
1258 2513 1324 2548 παρ’
1337 2513 1443 2539 ἑαυτῶν
1467 2513 1608 2547 ἀστραπῇ.
1635 2509 1696 2537 Εἶεν
1721 2511 1774 2545 γὰρ

991 2561 1024 2586 ἂν
1052 2559 1209 2593 ἁνεφίκτοις
1236 2559 1442 2593 ἐπιχειροῦντες
1475 2558 1593 2584 οιτοῦτο
1619 2557 1775 2586 διώκοντες.

991 2607 1067 2633 Δί.κῶ
1081 2606 1110 2631 δέ
1126 2614 1170 2639 μοι
1188 2605 1284 2639 ἀρκεῖν
1298 2604 1429 2630 τοσοῦτον
1448 2605 1546 2630 εἰπεῖν.
1562 2604 1594 2630 Οἱ
1610 2603 1702 2629 τοίνυν
1728 2602 1775 2628 εὖ-

992 2650 1170 2685 φημούμενον
1185 2650 1319 2684 φύσαντες
1335 2649 1459 2684 οὐδαμῶς
1488 2658 1538 2676 που
1573 2650 1682 2679 πάντως
1700 2647 1777 2674 ἐλάτ-

992 2705 1072 2727 τους·
1092 2696 1194 2731 μᾶλλον
1213 2697 1261 2730 μὲν
1277 2693 1325 2722 οὖν
1347 2696 1394 2721 καὶ
1408 2695 1538 2730 ἀμείνους
1561 2696 1640 2728 φαῖεν
1655 2693 1689 2720 ἂν
1709 2692 1778 2718 πάν-

993 2749 1048 2772 τες,
1061 2739 1151 2775 οἶμαι,
1167 2742 1221 2768 τῶν
1232 2741 1276 2767 διὰ
1288 2741 1388 2772 παντὸς
1404 2741 1585 2775 ὑμνουμένων
1600 2739 1647 2766 τοῦ
1668 2738 1775 2774 χρόνου·

994 2786 1097 2813 ἄνωθεν
1117 2787 1168 2820 μὲν
1187 2786 1318 2821 βασιλεῖς,
1335 2787 1366 2812 ὲκ
1383 2785 1516 2821 βασιλέων
1536 2786 1658 2821 ἀρίστων
1670 2784 1779 2817 συνεχεῖ

996 2833 1105 2868 διαδοχῇ
1121 2834 1280 2865 κατιόντες·
1299 2833 1409 2867 κόσμιοι
1427 2831 1514 2858 δὲ-καὶ
1537 2831 1672 2866 λαμπροὶ,
1689 2829 1776 2856 οὺ-διὲι
