1938 3083
144 133 192 167 191

734 135 932 167 MANUELIS
952 135 1175 166 PALEOLOGI

1707 133 1761 167 192

137 198 281 226 superans,
294 198 309 218 a
320 191 395 218 nullo
404 198 516 226 prorsus
531 191 670 219 inividiam
681 194 836 227 pateretur?
850 201 930 222 secus

997 194 1119 222 λάσαντα
1134 197 1172 228 μὴ
1192 194 1259 227 παρ’
1281 192 1438 220 οὑτινοσοῦν
1458 191 1513 220 τῶν
1530 194 1658 220 ἁπάντων
1687 194 1768 226 δέξα-

138 237 217 271 plane
225 235 412 271 comparatum
420 236 552 264 dicemus.
564 236 615 270 Qui
628 237 700 265 enim
711 245 793 273 supra
813 239 925 266 modum

138 286 260 317 superat,
278 283 345 309 nihil
359 283 466 310 invidiae
480 283 616 311 obnoxius
627 285 673 318 slt,
699 285 766 317 Quae
786 286 857 312 enim
884 294 927 313 res

139 329 253 355 nmltam
270 329 352 356 habet
365 329 590 361 admirationem,
606 331 692 357 multo
705 338 814 365 quoque
838 333 926 360 amori

138 382 198 402 esse
214 382 326 403 necesse
343 381 395 403 est.
405 376 484 408 Quod
498 382 589 404 autem
604 383 644 404 est
657 378 736 404 valde
752 378 880 410 charum,
893 386 925 405 ac

139 422 226 448 amori
237 421 363 455 habetur,
373 430 426 457 qua
436 423 488 451 sibi
500 423 605 451 ratione
618 432 667 458 pro
677 425 827 453 accedente
843 426 928 460 glcria

144 467 275 495 invidiam
291 468 662 503 conﬂaverit?Quamobrem
682 470 793 502 invidia
817 472 929 504 aberat,

141 517 171 538 ut
182 512 244 546 quis
258 512 348 541 victus
361 519 452 546 esset;
469 515 564 541 aderat
581 523 644 542 vero
661 516 763 543 amoris
792 518 927 549 accessio,

141 566 222 592 quam
235 558 295 593 ejus
315 567 415 587 novum
426 561 561 588 accedens
572 561 718 590 admiratio
735 562 838 590 faceret
849 572 856 593 ;
869 563 930 590 uni-

141 605 270 639 versique
282 605 340 639 eius
355 606 511 638 gaudebant
524 607 662 636 victoriis.

176 649 244 677 Cum
262 655 326 677 natu
341 651 471 678 minimus
500 652 612 679 fratrum
639 657 722 685 essot,
750 654 818 681 milli
840 658 931 681 tamen

141 696 235 728 cessit,
246 701 276 724 ut
288 704 319 724 ea
333 702 450 731 spectes.
473 698 574 733 quibus
596 699 658 734 quis
688 699 859 727 admirabilis
885 701 930 728 sit.

141 741 210 769 Nam
221 747 281 769 erat
292 743 421 776 prudens,
436 744 538 777 justus,
570 744 649 772 fortis
663 753 670 776 ;
683 752 714 772 ac
727 746 767 772 vel
779 746 803 772 iu
818 746 861 779 iis,
873 754 934 779 quze

143 788 263 815 maxime
276 789 404 816 terrendo
421 790 581 823 videantur,
594 791 686 818 inﬂexi
710 792 833 827 pectoris
852 801 860 819 :
877 793 934 827 ple-

142 841 244 868 rasque
252 834 406 869 voluptates
415 835 476 870 (nec
492 836 564 863 enim
573 845 661 872 usque
673 837 741 864 adeo
755 842 813 865 erat
824 838 935 865 homine

978 240 1040 267 σθαι
1070 240 1185 275 φθόνον;
1202 239 1364 266 Τοὺναντιον
1395 240 1444 274 μὲν
1457 239 1513 272 οὖν,
1540 240 1554 266 ὁ
1574 240 1629 275 γὰρ
1647 240 1767 275 ὑπερϐε-

978 286 1071 322 ϐηκὼς
1083 286 1183 321 κομιδῆ
1206 286 1296 321 φθόνῳ
1312 285 1362 320 οὐχ
1389 285 1549 312 ὑποπίπτει.
1568 285 1605 312 Τδ
1620 286 1674 321 γὰρ
1697 286 1768 314 πολὺ

979 332 1189 367 θαυμαζόμενον
1207 331 1277 358 πολὺ
1307 332 1446 366 φιλεῖσθαι
1473 332 1532 359 δέον
1560 332 1634 358 ἐστί·
1666 333 1767 360 καὶτὸ

979 379 1082 414 σφόδρα
1110 377 1224 413 φιλητὸν
1247 378 1307 410 πῶς
1340 378 1374 404 ἂν
1400 377 1564 413 εὐδοκιμοῦν
1597 378 1766 414 φθονηθείη;

980 426 1058 452 Ὢσθ¹
1083 425 1209 460 ὁφθόνος
1225 425 1277 460 μὲν
1302 425 1388 458 ἀπῆν,
1412 424 1494 451 ὁπότε
1519 425 1552 458 γέ
1579 433 1623 457 τις
1639 424 1766 459 ήττῷτο’

980 471 1087 506 προσῆν
1105 470 1134 498 δὲ
1150 470 1265 505 φίλτρου
1278 470 1436 505 προσθήκη,
1447 469 1486 505 τῷ
1501 469 1568 504 περ)⁸
1579 469 1686 496 ὲκῖνον
1696 477 1768 504 συμ-

980 517 1114 544 ϐαίνουσα
1129 516 1251 552 θαύματι
1261 537 1269 548 ,
1286 517 1334 544 καὶ
1347 517 1404 547 τοῖς
1423 516 1530 543 ἐκείνου
1545 515 1768 551 πλεονεκτήμασι

982 564 1083 595 πάντες
1098 563 1221 599 ἔχαιρον,

1021 652 1069 678 ’Ὧν
1084 651 1112 678 δὲ
1129 651 1169 686 τῷ
1180 651 1272 687 χρόνῳ
1297 650 1414 682 ὕστατος
1432 651 1487 677 τῶν
1504 650 1636 690 ἀδελφῶν,
1662 650 1772 682 οὐδενος

981 696 1016 734 ἦν
1035 698 1160 733 ὕστερος,
1184 698 1230 732 ἐφ’
1244 695 1286 730 οἷς
1310 706 1353 729 τις
1366 697 1399 725 ἂν
1420 698 1526 731 φιλοῖτο
1553 697 1771 732 θαυμαζόμενος.

983 744 1125 778 Νουνεχής
1137 752 1168 769 τε
1184 743 1241 778 γὰρ
1253 741 1299 779 ἦν,
1313 743 1431 775 δίκαιος,
1446 743 1580 778 ἀνδρεῖος,
1595 742 1708 778 ἀκλινὴς
1725 743 1773 770 καὶ

985 791 1041 820 τοῖς
1057 790 1175 824 μάλιστα
1197 789 1337 824 φοϐεροῖς,
1353 789 1409 817 τῶν
1435 789 1569 816 πλειόνων
1598 789 1712 825 ἡδονῶν,
1741 789 1772 815 οὐ

984 836 1039 870 γὰρ
1057 836 1127 870 ὑπὲρ
1142 836 1287 871 ἄνθρωπον
1309 834 1354 871 ἦν,
1380 837 1418 867 ὡς
1439 837 1484 863 ἀεὶ
1508 836 1621 871 κρατεῖν
1647 835 1773 868 ἁπασῶν,

144 881 242 916 major,
258 885 288 908 ut
303 881 426 909 Omnium
452 889 560 916 semper
569 887 640 910 esset
661 883 789 911 dominus
803 883 934 919 )omniuo

993 881 1131 917 ὓπερορῶν
1150 882 1328 909 παντάπασι·
1350 882 1419 918 πρδς
1432 882 1461 909 δὲ
1475 882 1524 913 τὰς
1539 882 1681 916 ἐγκρατῶς
1693 882 1773 916 ἔχων,

144 934 276 960 spernens
290 935 298 960 ;
313 929 384 963 quod
398 930 545 966 spectatad
560 929 638 962 alias,
652 938 682 958 se
696 929 754 964 ipse
765 931 910 958 coutincns
924 940 931 964 ;

147 973 217 1000 haud
225 981 255 1001 se
265 973 366 1001 dedens
375 974 504 1009 pigritia;
520 975 591 1002 idem
601 976 658 1011 ipse
670 977 827 1005 moderatus
837 985 869 1004 ac
880 986 936 1004 ma-

144 1018 358 1053 gniﬁcusmihil
373 1021 514 1060 molestus,
535 1026 582 1050 aut
610 1023 758 1059 quidquam
774 1024 933 1052 intolerabi-

147 1066 192 1098 lis,
208 1066 248 1093 vel
266 1067 540 1102 ipsisquoqueservis
557 1069 690 1104 emptitiis
703 1079 710 1097 :
723 1071 824 1105 gravis,
850 1072 936 1099 mitis-

145 1114 373 1146 que;mconomia
382 1119 526 1149 praestans,
541 1123 574 1143 ac
599 1117 783 1151 magnanimis
799 1125 807 1150 ;
829 1122 859 1144 ιιι
885 1117 934 1144 ali-

146 1159 255 1193 quando
264 1159 408 1189 deﬁciente
421 1160 529 1189 fortuna
544 1162 578 1189 ad
589 1161 706 1189 Romani
719 1163 825 1197 imperii
840 1164 936 1192 hostes

146 1205 199 1240 (sic
213 1207 284 1233 enim
303 1207 348 1234 illa
364 1207 486 1235 solemne
496 1208 599 1244 habet),
629 1209 701 1237 idem
725 1210 782 1244 ipse
810 1211 939 1237 iuimotus

146 1254 456 1288 permanserit;eadetn
483 1255 516 1282 ad
546 1255 636 1289 ipsum
663 1256 796 1284 redeunte
824 1257 938 1292 (gaudet

146 1298 219 1325 enim
230 1306 339 1334 semper
356 1301 574 1336 mu'ationibus)
594 1311 601 1334 ς
617 1301 684 1328 nihil
701 1302 764 1329 inde
780 1303 864 1328 altum
893 1310 939 1329 sa—

148 1346 248 1379 puerit.
258 1345 346 1381 Atque
360 1354 422 1373 cum
440 1347 550 1380 quidem
559 1348 645 1375 victor
657 1353 740 1380 esset,
753 1348 859 1376 alienus
875 1354 934 1376 erat

146 1400 163 1418 τι
186 1391 268 1422 fastu,
281 1393 327 1426 qui
338 1393 580 1421 lntmanam‘vitam
595 1394 726 1429 Euripum
738 1396 821 1423 sciret
836 1396 941 1428 ;victns

148 1444 226 1469 vero,
241 1437 309 1464 nihil
322 1439 441 1471 graviori
457 1439 534 1465 ruina
548 1439 722 1467 labascebat:
738 1448 770 1468 ac
781 1441 804 1469 si
819 1441 871 1474 vis,
883 1447 942 1471 erat

150 1483 283 1516 invictus,
298 1484 341 1510 cui
358 1484 432 1512 nullo
446 1484 526 1512 modo
539 1485 646 1513 animus
658 1487 836 1514 adversorum
849 1488 943 1516 incur-

151 1529 228 1556 sione
245 1530 410 1558 consideret.
436 1531 519 1558 βίη-ιο
541 1532 637 1560 amicis
663 1533 686 1561 si
707 1534 816 1569 quando
831 1535 943 1564 mutatis

987 927 1109 963 ῥᾳθυμίᾳ
1126 936 1156 954 τε
1184 928 1266 955 αὑτὸν
1279 929 1331 955 οὐκ
1347 928 1516 961 ἐκδεδωκὼς,
1532 928 1547 954 ό
1562 927 1643 960 αὐτὸς
1664 928 1776 963 μέτριός

986 983 1016 1000 τε
1046 974 1092 1000 καὶ
1125 974 1360 1010 μεγαλοπρεπήςο
1387 975 1546 1010 ἀνεπαχθὴς
1573 975 1619 1001 καὶ
1641 975 1775 1010 μηδαμιτις

987 1019 1136 1054 ἀφόρητος,
1154 1021 1202 1047 καὶ
1213 1021 1305 1052 αὐτοῖς
1324 1022 1380 1053 τοῖς
1397 1021 1512 1056 ὠνητοῖς
1535 1021 1642 1052 δούλοις
1653 1030 1660 1036 ·
1677 1021 1775 1055 ἐμϐρι-

988 1064 1038 1098 θὴς
1052 1065 1100 1093 καὶ
1116 1064 1198 1100 ἤπιος
1212 1073 1220 1080 ·
1237 1064 1414 1100 οἰκονομικός
1437 1073 1468 1092 τε
1494 1065 1541 1092 καὶ
1566 1065 1754 1100 μεγαλόψυχος
1766 1073 1774 1082 ⁸

988 1110 1025 1142 ὡς
1042 1111 1090 1136 καὶ
1103 1111 1151 1144 τῆς
1168 1110 1276 1147 ἀγαθῆς
1290 1120 1354 1138 ποτε
1365 1111 1452 1146 τύχης
1467 1111 1696 1146 αὐτομολησάσηξ
1708 1111 1776 1145 πρὸς

988 1157 1052 1187 τοὺς
1070 1158 1136 1191 ἡμῖν
1152 1157 1291 1188 ἐναντίους
1315 1157 1406 1191 (τοῦτο
1421 1157 1453 1192 δὴ
1477 1157 1507 1183 τὺ
1521 1157 1614 1193 ἐκείνῃ
1631 1157 1775 1191 σύνηθες),

989 1202 1066 1234 οὗτος
1081 1202 1160 1234 αὐτὸς
1173 1203 1310 1236 ἄτρεπτος
1323 1201 1371 1239 ἦν(
1389 1203 1465 1238 αὐτῷ
1479 1203 1501 1230 δ’
1514 1203 1550 1230 αὖ
1572 1203 1776 1236 ἐπανελθούσης

991 1249 1092 1283 (χαίρει
1119 1250 1174 1284 γὰρ
1196 1250 1241 1276 ἀεὶ
1265 1251 1325 1281 ταῖς
1352 1249 1524 1285 μεταϐολαῖς)
1551 1248 1678 1283 οὐδαμῶς
1706 1250 1778 1284 μέγα

991 1295 1108 1330 φρονῶν.
1130 1296 1184 1322 Καὶ
1200 1297 1228 1322 ὲν
1259 1296 1309 1330 μὲν
1335 1296 1423 1327 νίκαις
1449 1297 1562 1330 ἄτυφος,
1592 1295 1705 1331 εὗριττον
1732 1295 1778 1321 τδν

992 1341 1050 1376 βίον
1067 1342 1263 1376 ἐπιστάμενος,
1297 1343 1394 1369 καὶτὸ
1421 1342 1519 1376 μέλλον
1551 1342 1661 1374 δεδιὼςθ
1697 1343 1725 1368 ἐν
1749 1342 1777 1368 δὲ

992 1389 1090 1424 ἥτταις
1105 1389 1314 1423 ἀκατάπτωτος,
1333 1391 1356 1417 εί
1380 1390 1408 1417 δὲ
1425 1390 1529 1425 βούλει,
1558 1391 1607 1417 καὶ
1632 1392 1777 1427 ἀήττητος.

993 1436 1030 1466 ὡς
1046 1436 1095 1470 τῆς
1105 1435 1195 1470 ψυχῆς
1207 1433 1235 1462 οἷ
1245 1436 1381 1471 μηδαμῶς
1405 1437 1651 1468 ὑποπεπτωκυίας.
1666 1437 1728 1468 Τοῖς
1750 1436 1779 1463 δὲ

993 1481 1048 1507 τῶν
1070 1482 1155 1516 φίλων
1169 1481 1338 1516 εὐδαίμοσιν,
1362 1483 1386 1508 εἰ
1414 1482 1572 1518 δυστυχίαις
1604 1483 1705 1509 ἐκεῖνοι
1731 1491 1780 1509 πε-

995 1528 1151 1562 πείρανται,
1165 1527 1257 1563 τηρῶν
1272 1528 1322 1563 τὴν
1341 1528 1455 1563 γνώμην
1473 1529 1622 1566 διεςέλεσε,
1638 1529 1683 1554 τὸν
1698 1529 1779 1555 αὐτὸν

151 1576 235 1603 rebus
251 1577 380 1612 iniquiori
394 1577 502 1606 fcrtuna
518 1583 671 1613 uterentur,
691 1580 836 1615 pristinam
859 1581 939 1609 bene-

994 1574 1023 1600 ὲν
1038 1573 1143 1601 ἅπασιν
1161 1573 1390 1609 ἐπιδεικνύμενος
1405 1575 1518 1610 τρόπον,
1534 1575 1590 1602 τῶν
1607 1576 1782 1610 πραγμάτων

151 1623 298 1650 volentiam
317 1623 450 1659 integram
462 1625 580 1658 volebat,
591 1626 824 1655 cosdemomnino
836 1636 939 1662 mores,

152 1676 319 1705 quacunque
338 1678 429 1697 rerum
439 1671 628 1699 vicissitudine
637 1673 795 1700 ostendens.
805 1673 860 1702 Nec
871 1675 943 1702 enim

151 1715 268 1743 Proteus
286 1716 349 1750 quis
367 1722 437 1749 erat,
455 1722 484 1743 ut
499 1725 547 1751 pro
566 1723 718 1753 temporum
732 1720 807 1747 varia
840 1720 945 1748 ratione

153 1763 333 1790 mutationem
357 1764 470 1791 subiret.
488 1764 606 1792 Noverat
629 1770 781 1800 temperare
811 1767 944 1799 remedia,

153 1817 185 1836 ac
193 1810 329 1836 contraria
340 1810 486 1838 contrariis
496 1811 653 1839 emendare.
664 1811 781 1839 Noverat
793 1813 859 1839 nihil
867 1813 893 1840 in
904 1822 945 1841 re-

154 1856 205 1882 bus
219 1855 348 1884 humanis
367 1856 475 1883 tinuum
489 1857 654 1892 consistere,
683 1866 715 1886 ac
744 1859 884 1886 fortunam
906 1860 945 1885 vi-

159 1901 366 1928 :issitudinihus
375 1903 495 1936 gaudere
509 1911 515 1930 :
529 1910 610 1938 atque
631 1904 711 1938 adeo,
722 1912 784 1932 cum
795 1904 944 1939 tranquillo

155 1945 225 1970 mari
240 1945 393 1979 navigaret,
409 1946 544 1976 immanes
567 1950 745 1984 exspectabat
775 1949 887 1982 ﬂuctus,
913 1957 945 1977 ac

155 1986 293 2022 cogitabat
306 1996 508 2028 tempestatem,
529 2003 614 2030 seque
625 1996 682 2030 ipse
703 1997 736 2023 ad
761 1997 944 2024 turbatiunem

154 2044 324 2071 praeparans,
341 2047 403 2066 cum
418 2039 463 2067 illa
476 2040 633 2074 invasisset,
645 2041 860 2076 imperturbatus
872 2046 944 2070 erat.

154 2082 222 2110 Nam
237 2083 263 2110 in
281 2084 379 2112 mediis
390 2092 500 2120 quoque
512 2087 715 2114 adversantium
728 2092 870 2114 ventorum
884 2092 946 2114 tur-

154 2129 277 2163 binibus,
291 2138 324 2158 ac
334 2131 477 2159 minitante
488 2132 619 2166 procella,
633 2137 662 2160 ut
671 2133 874 2167 quamprimum
885 2140 945 2159 om-

159 2176 225 2203 nino
238 2177 405 2211 prazvalcret,
416 2178 484 2205 nihil
498 2183 588 2205 tamen
604 2179 649 2206 ille
662 2179 782 2206 animum
792 2179 945 2213 desponde-

157 2224 217 2256 hat;
232 2223 296 2257 quin
310 2224 423 2251 multam
439 2225 663 2260 tranquillitatem
678 2226 823 2261 sperabat.
840 2226 945 2258 Quam~
962 2240 984 2267 ο

157 2268 251 2294 «lu-rm
279 2268 384 2296 terebat
411 2269 514 2300 omnia,
548 2276 577 2297 ut
603 2270 670 2297 nihil
694 2270 843 2305 abjectuui,
877 2270 945 2297 nihil

157 2314 302 2348 degeneris
313 2315 397 2342 animi
416 2316 482 2343 vitio
491 2317 685 2349 committeret,
699 2318 738 2343 vel
752 2318 894 2352 cogitaret,
906 2317 947 2344 vel

158 2360 271 2386 dii-cret.
289 2359 371 2388 Nullo
383 2369 474 2389 rerum
495 2367 566 2390 statu
594 2363 771 2398 supercilium
795 2363 946 2396 attollebat,

159 2414 191 2435 ac
206 2414 255 2433 nec
269 2408 381 2435 verbum
394 2409 533 2444 jactantize
544 2410 657 2442 protulit
671 2418 679 2443 ;
699 2414 783 2445 utque
801 2410 870 2437 alius
886 2412 948 2444 quis

160 2451 272 2478 meliora
289 2451 379 2479 deillo
395 2453 509 2486 diceret,
535 2455 717 2482 erubeSHehat
740 2456 845 2487 statim,
870 2461 947 2483 actu~

159 2503 273 2533 tumque
293 2507 449 2528 sermonem
466 2503 498 2529 ad
511 2503 563 2530 alia
592 2504 726 2531 vertebat.
753 2503 871 2531 Noverat
892 2509 947 2531 tota

159 2545 319 2574 sinceritate
333 2555 443 2574 servare
458 2548 630 2584 dignitatem,
644 2550 818 2585 illaasumque
834 2551 948 2578 omnino

159 2593 231 2619 tueri
249 2594 374 2621 ordinem
392 2602 399 2628 ;
414 2595 481 2622 nihil
499 2597 715 2631 praecipitantius
731 2605 822 2632 agere,
839 2597 949 2632 quodve

159 2645 351 2673 comparatum
367 2645 441 2668 esset
467 2641 618 2668 molestiam
645 2649 760 2674 creare;
776 2646 890 2675 excepto
920 2645 949 2668 ut

160 2686 228 2714 utile
242 2694 321 2714 secus
345 2688 483 2720 suaderet,
498 2688 569 2721 quod
583 2688 634 2715 sibi
651 2696 759 2722 semper
774 2688 846 2715 dulci
872 2693 948 2715 aute-

161 2734 319 2768 ponendum
347 2735 423 2762 duxit
439 2736 526 2770 :quin
548 2735 634 2769 magis
651 2740 758 2769 gratum
777 2742 806 2762 se
821 2734 949 2761 omnibus

162 2780 301 2811 anhelum
318 2782 432 2808 miscere
447 2789 454 2812 ς
470 2786 584 2816 excepto
601 2787 630 2808 ut
641 2782 721 2815 lupus
734 2780 832 2815 aliquis
843 2781 869 2807 itt
883 2788 948 2808 oves

163 2827 283 2857 irruens,
300 2826 359 2860 ejus
375 2826 610 2854 studioarcendus
622 2832 694 2853 esset
711 2835 718 2852 :
735 2826 830 2852 tardus
846 2827 878 2852 ad
891 2826 948 2853 vin-

161 2870 273 2903 diclnlll,
283 2880 314 2900 ac
331 2880 526 2906 nonnunquam
540 2880 651 2906 prorsus
663 2872 802 2904 omittcns,
816 2880 876 2899 cum
893 2880 948 2898 tnu-

995 1619 1147 1654 ἀνωμάλως
1169 1621 1341 1654 φερομένων.
1357 1621 1425 1647 Οὐδὲ
1448 1621 1502 1655 γὰρ
1526 1619 1560 1656 ἦν
1582 1630 1625 1654 τις
1650 1621 1781 1656 Πρωτεὺς

993 1664 1109 1696 ἐκεῖνος,
1127 1666 1189 1696 ταῖς
1203 1665 1371 1699 μεταϐολαῖς
1388 1665 1444 1692 τῶν
1460 1666 1566 1701 καιρῶν
1584 1665 1782 1702 συμμεταϐάλ-

994 1712 1048 1737 λων
1063 1711 1157 1738 αὐτόν.
1177 1711 1255 1747 ’ῌδει
1266 1712 1431 1746 κεραννύναι
1444 1712 1478 1738 τὰ
1493 1713 1640 1748 φάρμακα,
1670 1714 1718 1738 καὶ
1733 1713 1782 1738 τά-

995 1757 1093 1784 ναντία
1110 1757 1287 1792 διορθοῦσθαι
1312 1759 1369 1790 τοῖς
1395 1758 1538 1789 ἐναντίοις.
1555 1759 1631 1794 ”ῌδει
1650 1759 1733 1792 μηδὲν
1752 1758 1783 1785 ὃν

996 1802 1104 1838 βέϐαιον
1118 1802 1174 1829 τῶν
1189 1803 1372 1838 ἀνθρωπίνων
1393 1804 1577 1838 πραγμάτων,
1605 1805 1653 1831 καὶ
1671 1805 1720 1839 τὴν
1733 1805 1782 1830 τύ-

995 1857 1046 1884 χην
1075 1848 1228 1883 χαίρουσαν
1256 1850 1317 1881 ταῖς
1334 1850 1523 1884 μεταϐολαῖς·
1551 1851 1599 1877 καὶ
1615 1851 1659 1877 διὰ
1684 1851 1781 1881 ταῦτα.

995 1895 1133 1928 εὐπλοῶν,
1157 1895 1313 1931 προσεδόκα
1332 1896 1383 1930 μὲν
1401 1897 1572 1932 τρικυμίαν·
1599 1897 1737 1931 ἐλογίζετο
1755 1898 1782 1925 δὲ

996 1942 1093 1977 ζάλην,
1109 1943 1157 1969 καὶ
1185 1943 1254 1978 πρὸς
1270 1943 1394 1978 ταραχὴν
1409 1942 1491 1969 αὑτὸν
1514 1943 1679 1978 ἑτοιμάζων,
1703 1946 1783 1972 ἐπελ-

995 1988 1097 2022 θούσης
1113 1989 1163 2015 οὐκ
1176 1989 1352 2024 ἐταράττετο.
1376 1988 1457 2015 Ἐπεὶ
1471 1989 1523 2016 κάν
1549 1991 1646 2024 μέσαις
1669 1991 1784 2026 δυσηνι-

998 2035 1086 2070 μίαις,
1099 2035 1290 2062 ἀπειλούντων
1306 2035 1360 2061 τῶν
1382 2035 1515 2070 κυμάτων
1532 2035 1719 2071 ὑπερσχήσειν
1736 2038 1785 2062 αὺ-

996 2080 1060 2106 τίκα
1076 2080 1158 2115 μάλα,
1176 2077 1254 2112 οὗτος
1267 2081 1317 2107 οὐκ
1330 2081 1518 2115 ἀπηγόρευεν⁸
1532 2081 1591 2107 ἀλλ’
1605 2079 1639 2116 ἦν
1664 2082 1783 2114 ἐλπίζων

998 2126 1100 2162 συχνὴν
1131 2127 1264 2162 γαλήνην.
1302 2127 1385 2154 Ὅθεν
1416 2128 1506 2154 πάντα
1535 2128 1585 2162 μὲν
1614 2128 1721 2164 ἔφερεν,
1752 2130 1783 2156 οὐ

997 2173 1094 2205 ποιῶν,
1111 2173 1143 2199 οὐ
1166 2173 1353 2207 λογιζόμενος,
1384 2173 1415 2200 οὐ
1433 2173 1520 2207 λέγων
1545 2175 1674 2200 ταπεινὸν
1695 2175 1783 2208 οὐδὲν,

997 2219 1058 2245 οὐδὲ
1089 2219 1213 2253 ἀγεννές.
1247 2218 1293 2246 Ἐν
1323 2219 1412 2246 οὐδενὶ
1424 2219 1452 2246 δὲ
1467 2219 1518 2254 τὴν
1532 2220 1617 2255 ὀφρὺν
1628 2218 1707 2256 ἦρεν,
1722 2221 1784 2248 οὐδι

999 2274 1024 2291 τι
1037 2265 1113 2301 ῥῆμα
1128 2265 1237 2300 κόμπου
1250 2266 1421 2301 προήνεγκεν
1431 2274 1438 2283 ’
1449 2266 1507 2294 ἀλλ’
1520 2267 1544 2293 εί
1556 2267 1604 2294 καὶ
1617 2267 1695 2299 ἄλλος
1708 2267 1786 2302 ἔλεγε

1000 2311 1064 2346 περὶ
1087 2311 1170 2338 αὑτοῦ
1189 2311 1223 2337 τὰ
1238 2311 1347 2346 βελτίω.
1365 2312 1379 2338 ὁ
1404 2311 1426 2338 δ’
1441 2312 1564 2348 ἠρυθρία
1580 2321 1609 2339 τε
1633 2313 1724 2345 εὐθὶς,
1741 2314 1787 2340 καὶ

1001 2356 1166 2392 μετέϐαλλεν
1184 2354 1311 2391 ἐπίτηδες
1324 2356 1371 2383 τὸν
1398 2357 1478 2391 λόγον
1502 2358 1545 2392 ἐφ’
1569 2357 1659 2394 ἕτερα.
1687 2359 1787 2394 Τηρεῖν

1001 2402 1050 2436 μὲν
1069 2402 1139 2436 ἔγνω
1161 2402 1191 2428 τὸ
1209 2402 1302 2437 σχῆμα
1333 2402 1405 2437 μάλα
1433 2404 1565 2438 γνησίοις·
1585 2403 1734 2438 φυλάττειν
1759 2405 1787 2431 δὲ

1000 2449 1049 2483 τὴν
1064 2448 1141 2481 τάξιν
1156 2448 1309 2483 ἄθραυστον
1324 2449 1404 2481 ὅλω;’
1425 2449 1509 2485 μηδὲν
1536 2449 1676 2485 προπετὲς
1698 2451 1788 2485 πράτ-

999 2502 1066 2526 τειν,
1082 2495 1166 2531 μηδὲν
1181 2495 1236 2522 τῶν
1253 2495 1331 2531 ἀνιᾷν
1343 2495 1519 2530 πεφυκότων,
1533 2496 1557 2522 εί
1574 2496 1613 2531 μὴ
1631 2497 1700 2531 πρὸς
1716 2505 1788 2531 συμ-

1001 2540 1084 2574 φέρον
1110 2540 1247 2576 ὑπῆρχεν·
1272 2540 1287 2566 ὅ
1314 2547 1346 2574 γε
1370 2539 1426 2566 τῶν
1455 2539 1541 2575 ἡδέων
1555 2539 1600 2566 ἀεὶ
1627 2539 1787 2575 προύτίθεις

1001 2585 1071 2612 ἀλλὰ
1084 2586 1214 2621 μιγνύναι
1229 2586 1312 2612 πᾶσιν
1328 2585 1409 2612 αὑτὸν
1435 2585 1550 2619 ἄλυπον,
1579 2585 1604 2611 εἰ
1622 2585 1660 2621 μή
1674 2593 1716 2616 τις
1742 2585 1788 2611 ὑπ’

1000 2633 1109 2660 ἐκείνου
1140 2633 1271 2667 ποιμένος
1299 2632 1474 2666 ἁπεσοϐεῐτο,
1490 2631 1574 2664 λύκος
1598 2632 1646 2658 ἐπὶ
1671 2632 1789 2667 ποίμνην

1002 2680 1151 2714 ἁλλόμενος
1163 2688 1170 2695 ·
1187 2680 1267 2714 δίκην
1287 2679 1336 2715 μὲν
1353 2679 1477 2715 βραδέως
1490 2679 1653 2715 λαμϐάνειν,
1670 2679 1718 2705 καί
1735 2689 1788 2706 που

1003 2726 1050 2753 καὶ
1061 2726 1257 2761 παραδραμεῖν
1272 2725 1350 2759 δόξαν
1365 2725 1488 2760 ἄμεινον,
1503 2726 1559 2753 Καὶ
1584 2726 1639 2760 γὰρ
1650 2723 1684 2760 ἦν
1703 2725 1789 2759 δήπου

1001 2774 1070 2809 πρὸς
1082 2774 1118 2801 τὰ
1130 2773 1243 2801 τοιαῦτα
1259 2773 1363 2808 νωθρός
1373 2782 1415 2803 τις
1429 2772 1498 2807 ἄγαν
1511 2782 1518 2789 ·
1535 2773 1604 2807 πρὸς
1617 2772 1646 2799 δὲ
1668 2771 1705 2798 τὰ
1722 2773 1790 2808 βρα-

1003 2822 1064 2847 δεῖα
1082 2820 1224 2855 παρέχειν,
1234 2819 1282 2846 καὶ
1294 2819 1364 2854 πρὸς
1379 2819 1484 2850 πάντας
1503 2818 1707 2853 ἐλευθεριότητι
1721 2818 1790 2852 χρῆ-

1005 2867 1078 2899 σθαι,
1096 2865 1236 2898 παντελῶς
1260 2865 1422 2898 ἀκάθεκτος,
1441 2865 1546 2897 Νεῖλος,
1564 2864 1688 2896 ἅπαντας
1700 2863 1789 2898 ἄρδων

1174 2927 1198 2954 ο
