1938 3083
116 143 169 176 193

507 146 715 187 THEODORI,
730 148 907 178 DESPO'I‘.E
927 149 1123 179 LAUDATlO
1139 149 1344 180 FUNEBRIS.

1642 142 1648 148 '
1695 150 1746 182 ιρι

113 204 172 236 τοῖς
188 203 256 238 παρ’
267 204 365 231 ἑαυτοῦ
379 203 510 240 νάμασιν.
537 206 617 242 ᾜδει
634 207 672 241 τῷ
690 208 766 243 μέσῳ
785 208 840 234 τῶν
856 217 905 235 κα-

963 209 998 243 ζίε
1011 216 1025 235 e
1042 216 1071 235 re
1085 209 1175 235 visum
1191 212 1262 235 esset
1274 218 1281 241 ;
1292 209 1392 243 quippe
1404 212 1461 235 crat
1473 208 1500 235 in
1517 209 1651 241 ejusmodi
1668 209 1746 238 valde

114 250 170 276 λῶν
183 250 276 285 ἄκρως
290 251 436 284 τυγχάνειν
447 260 454 267 ·
467 251 517 284 τὰς
541 253 570 279 δὲ
597 253 753 289 ἀκρότητας
772 254 808 288 μὴ
824 262 908 288 προσ-

118 295 210 322 ίεσθαι
231 304 239 312 ·
269 297 401 323 ταυταισὶ
416 298 470 332 γὰρ
497 298 633 333 δήπουθεν
658 298 784 326 κίνδυνον
811 300 908 334 μυρίον

117 341 321 376 ἀνηρτημένον.
351 343 463 377 Ἤγάπα
498 345 687 380 τετριμμένην
725 344 851 379 βαδίζων,
878 345 908 372 τὸ

117 386 242 420 ἀσφαλὲς
257 387 287 412 ὲν
303 387 392 414 ἅπασι
405 388 496 422 ζητῶν
526 389 666 420 κινδύνους
693 389 722 416 δὲ
738 390 838 424 ῥᾳδίως
853 389 909 416 ὲδέ-

119 441 194 467 χετο,
208 433 239 460 οὐ
252 434 373 461 πάντοτε
397 435 446 461 καὶ
477 436 584 468 πάντας
611 436 706 467 ἁπλῶς
722 445 730 452 ·
747 438 824 464 τουτὶ
852 439 908 472 γάρ

119 480 313 516 παραπλὴγων
339 481 492 517 ἀνθρώπων
509 483 543 509 ἂν
561 483 604 518 εἴη
618 491 626 500 ’
643 484 701 510 ἀλλ’
724 484 769 511 ὅτε
795 482 908 515 τούτους

119 526 169 553 οὐκ
185 526 249 562 ἐξῆν
267 528 337 562 μετά
354 528 402 554 τοῦ
429 528 526 561 καλοῦ,
543 530 592 556 καὶ
609 529 657 556 τοῦ
671 530 836 565 γιγνομένου
851 529 909 556 δια-

120 573 229 605 φυγεῖν.
256 572 400 606 Ἑπιεικής
423 582 466 606 τις
483 574 554 608 ἄγαν
581 573 633 610 ἦνς
664 573 751 606 Οὗτος
778 575 806 602 δὲ
821 574 848 601 τι
877 575 907 601 οὺ

123 617 193 650 μετά
206 617 308 652 πολλῆς
318 619 367 652 τῆς
383 619 538 655 ὑπερϐολῆς
549 628 557 653 ;
571 620 665 656 Θυμοῦ
676 621 787 655 κρατῶν
800 620 906 655 ἔτερος

123 663 177 689 Καὶ
203 663 258 698 μὴν
272 665 301 690 ὲν
312 664 401 700 τούτῳ
421 666 663 702 φιλοτιμησόμεθα
694 667 804 700 μᾶλλον,
828 668 907 702 εἴπερ

121 717 163 740 τις
176 709 255 741 ἄλλος
269 710 434 745 ἀνθρώπων.
462 711 574 738 Γλῶττα
596 712 705 744 πολλοῖς
721 714 770 747 μὲν
795 714 908 747 γέγονεν

123 754 223 790 ἀγαθὴ,
237 755 327 790 τούτῳ
341 755 369 782 δὲ
385 757 423 787 ὡς
437 756 568 792 μάλιστα.
587 758 625 784 Οὐ
652 758 708 793 γὰρ
723 756 757 794 ἦν
781 758 907 785 ἀπειθεῖν

122 800 312 835 φθεγγομένῳ.
340 801 459 837 Ἦμέρου
484 803 531 829 καὶ
560 802 599 838 τῷ
626 804 785 838 μειδιάματι
808 803 906 835 ἀδίκως

123 847 312 881 ἀγριαίνοντα.
329 849 369 884 Τῇ
383 848 412 875 δὲ
427 850 476 884 τῆς
492 848 615 884 γλώττης
626 850 741 885 δυνάμει
766 851 908 886 χρησάμε-

122 901 176 924 νος,
194 894 342 927 μετέϐαλεν
357 883 393 921 ἀν
416 883 458 926 είς
484 883 752 930 φιλανθρωπίανγκαὶ
841 883 908 922 Σκν-
924 883 945 912 Β

123 939 177 965 οῶν
192 939 323 974 ὠμότητα
336 940 385 976 τὴν
398 940 516 976 πολλήν·
533 939 568 977 ἦν
581 942 636 977 γὰρ
656 942 764 974 ἀστεῖος
775 950 783 957 ·
798 939 832 977 ἦν
848 942 908 977 ἣδι-

122 992 196 1017 στος,
213 986 366 1021 προσηνὴς,
392 986 537 1021 μειλίχιος,
553 987 656 1019 πάσαις
671 988 730 1019 ταῖς
754 988 850 1022 χάρισι
862 996 909 1014 κε-

120 1031 277 1065 κραμένος⁴
297 1032 358 1063 ὅλος
388 1032 436 1067 μὲν
461 1031 600 1067 εὕτορνος,
628 1032 666 1064 ὡς
696 1032 758 1067 μηδ’
784 1032 909 1068 ἡντινοῦν

124 1077 258 1111 παρέχειν
269 1077 356 1110 λαϐὴν
378 1078 417 1108 είς
431 1077 527 1112 μῶμον
539 1085 545 1092 ”
564 1078 624 1110 ὅλος
651 1079 678 1104 δὲ
696 1077 832 1110 εὗληπτος
852 1079 909 1109 τοῖς

122 1122 206 1148 αὐτὸν
223 1121 316 1148 λαϐεῖν
330 1121 469 1148 ιθελουσιν
485 1123 526 1154 είς
538 1123 686 1158 οἰκοδομὴν
704 1123 796 1149 καλῶν
807 1124 908 1158 ἔργων.

126 1169 241 1201 Ἠγεῖτο
252 1168 306 1204 γὰρ
321 1169 439 1204 πρέπειν
456 1170 530 1205 αὐτῷ
545 1170 601 1202 τοῖς
615 1171 665 1205 μὲν
686 1169 835 1203 κακοήθεσι
862 1171 910 1196 καὶ

122 1213 357 1248 διεστραμμένοις
370 1214 528 1249 ἀνθρώποις
549 1213 691 1245 παντελῶς
708 1213 861 1248 ἀχείρωτος
871 1210 910 1238 εἷ-

123 1270 179 1294 ναι,
192 1261 310 1296 εὐχερὴς
327 1261 356 1288 δὲ
371 1260 499 1295 ἀγαθοῖς,
511 1261 550 1292 είς
562 1260 576 1287 δ
585 1269 612 1287 τι
630 1261 663 1287 ἂν
676 1260 754 1287 αὐτοὶ
770 1259 907 1286 νεύσαιεν.

123 1307 179 1334 Καὶ
196 1306 250 1341 μὴν
267 1306 322 1333 τῶν
339 1307 555 1341 συμπιπτόντων
570 1306 645 1342 αὑτῷ
666 1305 762 1332 δεινῶν
777 1314 784 1321 ·
802 1305 909 1332 πολλῶν
929 1334 935 1337 η

121 1353 143 1379 δ’
160 1353 242 1385 αὐτὸς
257 1352 426 1387 πεπείραται
438 1354 486 1380 καὶ
509 1353 653 1388 μεγάλων
666 1354 724 1385 τοῖς
745 1352 801 1388 γὰρ
831 1352 910 1387 μεγί-

124 1406 198 1429 στοις
227 1397 345 1433 μάλιστα
369 1399 386 1434 ὴ
411 1397 548 1433 βάσανος·
565 1399 698 1434 κρείττων
722 1398 752 1424 οὐ
783 1397 908 1433 σμικρῶς

122 1443 222 1479 ὼφθη·
249 1444 304 1470 τῶν
343 1444 373 1471 δὲ
407 1447 513 1480 καιρῶν
540 1443 808 1479 μεταϐαλλομένων,
837 1443 910 1468 ὲκεῖ-

122 1496 170 1520 νος
196 1489 210 1515 ὸ
240 1488 323 1521 αὐτὸς
345 1489 443 1524 ἔμενεν
469 1497 478 1505 θ
511 1489 526 1516 ὃ
552 1489 585 1525 δὴ
613 1489 726 1516 σπάνιον
753 1489 781 1514 ὲν
801 1486 908 1523 ἀνθρώ-

123 1543 195 1568 ποις.

959 254 1221 289 scgnis;erogandis
1237 262 1300 281 vero
1312 254 1432 289 praemiis
1450 262 1481 282 ac
1496 255 1663 289 ingenuitate
1679 255 1748 282 inci—

960 301 1042 326 tatior
1054 305 1124 332 erat,
1133 308 1183 327 nec
1193 300 1306 327 omnino
1316 300 1402 327 teneri
1413 300 1516 334 valens,
1528 300 1578 327 Nili
1593 301 1678 328 instar
1688 302 1746 329 suis

959 346 1104 374 universos
1131 346 1242 374 ﬂuentis
1256 347 1372 374 ubertim
1382 346 1510 382 irrigans.
1520 346 1629 374 Sciebat
1643 347 1746 379 medio,

959 397 1081 420 extreme
1097 400 1129 420 ac
1146 400 1253 420 summe
1269 393 1379 428 assequi
1404 393 1473 420 bona
1487 400 1494 424 ;
1507 400 1558 419 nec
1584 396 1676 420 tamen
1700 394 1748 420 ad—

960 440 1226 471 mittebatextrema,
1241 439 1340 474 quibus
1351 439 1497 467 innumera
1508 439 1630 475 pericula
1644 440 1747 467 haerere

960 486 1051 513 sciret.
1069 485 1179 512 Lubens
1197 486 1344 513 incedebat
1359 485 1452 512 tritam
1464 486 1548 517 viam.
1567 493 1693 521 quarens
1717 487 1747 514 in

959 531 1086 557 omnibus
1102 531 1174 564 quod
1186 534 1274 557 tutum
1294 533 1387 558 esset:
1402 531 1522 565 pericula
1548 535 1638 558 tamen
1661 531 1748 559 facilis

959 576 1072 610 adibat;
1087 580 1115 603 at
1130 584 1184 603 non
1205 583 1324 611 semper,
1354 584 1404 604 nec
1433 577 1594 612 simpliciter
1621 578 1713 605 omnia
1737 585 1745 604 :

958 623 1126 658 quippcqnae
1138 630 1183 650 res
1192 623 1350 650 temerarios
1359 630 1390 650 ac
1398 623 1516 651 audaces
1529 624 1690 651 deceattsed
1703 625 1748 651 ubi

959 677 1022 697 cum
1033 669 1154 700 ’decoro,
1167 676 1199 696 ac
1214 677 1262 703 per
1278 669 1452 696 occasionem
1469 669 1556 697 vitare
1571 678 1625 698 non
1643 671 1746 698 liceret.

958 715 1086 744 Ullumne
1102 715 1180 742 valde
1189 716 1344 743 modestum
1355 715 1451 742 dicas?
1464 714 1514 742 Hic
1525 723 1590 742 vero
1603 715 1668 750 quid
1693 723 1747 742 non

959 763 1046 789 multo
1064 769 1179 789 excessu
1197 769 1227 789 ea
1242 766 1319 797 parte
1332 762 1428 788 habuit
1443 762 1455 788 ‘i
1468 762 1597 789 Aliumne
1615 762 1662 788 ira:
1670 769 1747 789 com-

960 813 1047 843 potem
1058 808 1069 834 7
1085 809 1110 834 in
1119 815 1152 834 eo
1163 807 1282 834 maxime
1293 814 1374 841 supra
1387 807 1500 842 quosvis
1509 807 1637 834 mortales
1648 814 1746 841 possu-

962 860 1022 879 mus
1038 851 1160 886 gloriari.
1187 851 1251 879 Fuit
1276 852 1370 879 multis
1397 852 1527 886 praeclara
1558 852 1647 887 lingua
1663 852 1747 879 ‘lhuic

960 906 1042 930 quam
1060 898 1189 925 maxime.
1203 897 1288 924 Tanta
1304 897 1441 932 siquidem
1464 897 1584 931 pollebat
1611 898 1747 924 sermonis

958 944 1100 975 facultate,
1119 948 1150 970 ut
1162 943 1296 971 omnesin
1312 943 1475 970 sententiam
1496 951 1573 970 suam
1596 951 1679 970 orans
1701 951 1749 971 co-

959 994 1044 1025 geret.
1054 988 1102 1016 νει
1120 990 1208 1017 solum
1221 990 1317 1017 leniter
1327 990 1430 1020 ridens,
1447 989 1546 1024 injuste
1557 994 1747 1023 exasperatum

961 1036 1346 1070 sedahatJlbiautcmlinguae
1355 1037 1379 1063 vi
1390 1040 1522 1071 uteretur,
1533 1039 1572 1065 vel
1585 1037 1746 1071 Scytharum

960 1082 1074 1109 multam
1089 1081 1238 1112 feritatem,
1253 1081 1280 1107 in
1297 1081 1424 1108 humanis
1440 1083 1580 1116 proximos
1592 1083 1704 1110 allectus
1716 1091 1748 1110 ac

960 1127 1157 1161 benignitatem
1186 1127 1321 1154 mutabat.
1346 1127 1411 1154 Erat
1433 1128 1505 1154 enim
1531 1129 1653 1156 urbanus
1670 1133 1746 1161 ;erat

960 1171 1150 1202 dulcissimus,
1163 1175 1333 1203 mansuetus,
1349 1171 1475 1202 blandus,
1498 1172 1625 1200 omnibus
1652 1172 1747 1207 gratiis

961 1221 1138 1251 temperatus.
1148 1217 1210 1244 Erat
1225 1223 1296 1245 totus
1307 1221 1388 1244 torno
1402 1217 1501 1249 facilis.
1516 1223 1545 1245 ut
1562 1227 1595 1246 ne
1618 1227 1670 1254 qua
1681 1227 1746 1246 ansa

961 1263 995 1291 ad
1015 1263 1119 1290 crimen
1134 1268 1239 1298 pateret
1254 1272 1261 1296 ;
1276 1268 1404 1298 totusque
1420 1264 1490 1291 idem
1504 1267 1642 1299 prehensu
1657 1264 1747 1292 facilis

961 1313 1030 1341 erat,
1045 1314 1074 1335 ut
1091 1309 1150 1343 quis
1165 1308 1199 1335 ad
1210 1308 1417 1336 aadilicationem
1448 1309 1582 1336 bonorum
1607 1310 1688 1337 vellet
1710 1315 1748 1338 te-

960 1361 1035 1381 nere.
1052 1353 1109 1380 Hoc
1120 1352 1222 1388 quippe
1235 1353 1285 1380 sibi
1302 1360 1454 1388 congruum
1473 1355 1626 1387 reputabat,
1644 1361 1675 1382 ut
1689 1363 1747 1382 ma-

959 1398 1041 1432 lignis
1051 1398 1243 1433 perversisqne
1261 1398 1417 1425 hominibus
1438 1399 1551 1426 omnino
1576 1407 1604 1427 se
1626 1400 1747 1434 irrepre-

960 1441 1121 1469 hensihilem
1148 1445 1279 1475 servaret,
1293 1441 1434 1478 |bonisque
1457 1443 1636 1472 nihilominus
1660 1444 1749 1474 facilis

959 1488 1114 1518 exsisteret.
1131 1495 1164 1514 ac
1187 1487 1349 1522 indulgeret,
1375 1496 1541 1524 quocunque
1570 1491 1680 1518 tandem
1706 1491 1745 1518 illi

961 1533 1155 1560 inclinassent.
1181 1532 1304 1567 Denique
1329 1533 1519 1568 ingruentibus
1545 1535 1636 1568 malis,
1663 1536 1747 1563 multa

123 1589 206 1617 porro
218 1583 273 1617 ille,
288 1591 320 1612 ac
331 1583 626 1620 graviatulit;quippe
639 1583 772 1610 maximos
801 1582 920 1609 maxime
933 1581 1010 1608 decet
1036 1581 1162 1615 probatio
1193 1590 1200 1608 :
1222 1580 1295 1608 haud
1322 1589 1351 1608 se
1371 1582 1544 1610 mediocriter
1577 1583 1745 1618 superiorem

124 1631 255 1664 ostendit,
269 1639 383 1667 cumque
397 1635 519 1667 tempora
541 1636 725 1665 mutarentur,
752 1631 811 1665 ipse
836 1629 1013 1657 nihilominus
1028 1629 1099 1656 idem
1111 1629 1162 1656 sibi
1182 1629 1258 1661 erat';
1284 1628 1356 1664 quod
1375 1629 1455 1664 plane
1479 1638 1572 1658 rarum
1601 1631 1628 1658 in
1650 1631 1747 1658 huma-

125 1680 168 1707 nis
193 1681 311 1708 accidat.

160 1728 214 1755 Τδν
239 1729 326 1765 ἄνδρα
340 1729 431 1756 τοίνυν
447 1728 554 1762 τοῦτον,
577 1729 640 1764 ἐμοὶ
653 1729 754 1761 δοκεῖν,
772 1727 801 1760 ὃς
818 1727 851 1761 ἀν
863 1727 909 1754 ἀν-

1001 1722 1035 1751 Ut
1052 1722 1115 1757 quis
1131 1727 1198 1756 ergo
1214 1720 1458 1755 incomparabilem
1472 1721 1549 1748 illum
1573 1726 1676 1756 spectet
1699 1723 1748 1750 bo-

123 1776 239 1811 δριάντα
259 1776 336 1811 φαίη,
354 1775 383 1808 ἐξ
397 1776 550 1811 ἀδάμαντος
575 1774 772 1811 ἀπεξεσμένον,
800 1775 852 1801 οὐκ
871 1773 904 1800 ἂν

75 1815 81 1821 ’
126 1822 257 1857 ἁμάρτοι,
274 1822 384 1857 ἀφορῶν
400 1822 441 1854 εις
457 1822 488 1848 τὸ
516 1822 570 1848 τῶν
587 1821 680 1850 καλῶν
702 1820 907 1855 ἀπαράϐλητον.

126 1868 188 1895 Ὀτι
207 1868 236 1895 δὲ
252 1868 374 1898 τοιοῦτος
384 1866 419 1904 ἦν
436 1865 493 1895 οἷον
506 1869 520 1894 ὁ
533 1868 612 1902 λόγος
628 1868 694 1903 ὑμῖν
718 1866 804 1899 ἔδειξε
815 1886 823 1900 ,
841 1866 910 1901 μᾶλ-

124 1915 171 1941 λον
185 1914 208 1940 δ’
224 1915 261 1946 ὡς
278 1915 328 1940 οὐκ
349 1911 384 1949 ἦν
399 1913 532 1946 τοιοῦτος,
548 1913 617 1940 ἀλλὰ
629 1913 677 1940 καὶ
695 1912 765 1939 πολὺ
782 1910 907 1946 βελτίων,

125 1961 207 1992 αὐτὸς
223 1961 326 1991 ἐκεῖνος
342 1960 495 1992 ἀπέδειξεν,
525 1956 566 1990 οἷς
594 1967 624 1985 τε
649 1954 853 1993 ἐπραττεν,οἷς
879 1964 909 1982 τε

124 2005 207 2040 ἔφερε
235 2005 280 2031 διὰ
309 2004 369 2040 βίου
396 2004 490 2039 σχεδὸν
519 2003 639 2034 παντός·
673 2002 775 2038 μᾶλλον
804 2001 843 2034 δὲ,
868 1998 909 2031 οἷς

126 2053 248 2088 ἔπραττε
257 2051 304 2078 καὶ
320 2052 349 2078 ὲν
358 2051 398 2086 τῷ
412 2051 527 2086 πάσχειν
538 2057 546 2064 ⁸
562 2050 610 2076 καὶ
624 2049 703 2081 αὖθις
717 2045 757 2080 οἷς
777 2048 910 2082 ὑφίστατο

127 2099 173 2125 καὶ
190 2100 219 2125 ἐν
234 2097 308 2132 αὐτῷ
324 2097 364 2132 τῷ
392 2098 536 2132 πράττειν.
554 2096 623 2123 Οὐδὲ
642 2095 703 2130 ,γὰρ
729 2095 828 2130 ἡμέλει
856 2093 910 2119 τῶν

127 2145 241 2171 δεόντων
256 2144 385 2170 οὐδέποτε
397 2152 404 2160 ·
421 2143 476 2170 οὐδ’
494 2142 572 2178 ὤφθη
588 2142 620 2177 γέ
648 2150 714 2169 ποτε
729 2148 912 2168 καταπεπτω-

126 2189 182 2222 κὼς
212 2191 259 2217 ὑπ’
286 2189 406 2224 ἀθυμίας
438 2189 570 2225 ἀμέτρου,
601 2189 648 2215 καὶ
666 2187 762 2222 φόϐου,
790 2186 839 2213 καὶ
856 2185 912 2212 τῶν

126 2237 256 2263 τοιούτων
272 2245 279 2252 ·
297 2236 355 2263 ἀλλ’
366 2236 426 2262 οὐδὲ
443 2236 506 2267 τοὺς
534 2233 685 2269 λογισμοὺς
715 2232 912 2268 διακεχυμένος

127 2284 173 2309 ἐπὶ
186 2283 265 2315 πολὺ,
281 2282 338 2309 οὔτ’
350 2283 379 2308 ὲν
397 2281 553 2316 εὐθυμίαις,
570 2280 627 2307 οὔτ’
656 2281 685 2306 έν
714 2279 832 2314 ἑορταῖς,
862 2278 913 2304 οὐκ

127 2331 155 2356 ὲν
171 2329 306 2362 παιδιαῖς,
321 2329 372 2355 οὐκ
388 2329 415 2355 ὲν
431 2328 514 2363 θήρᾳ,
538 2327 589 2354 οὐκ
600 2328 629 2354 ὲν
648 2327 737 2353 οὐδενὶ
753 2326 807 2353 τῶν
826 2324 913 2351 τοιού-

128 2384 193 2402 των.
211 2375 273 2401 Οὐδ’
286 2372 320 2409 ἦν
345 2375 431 2410 ἀργὸς
442 2375 470 2400 ἐν
490 2374 547 2404 τοῖς
562 2373 671 2407 καιροῖς
683 2372 740 2403 τοῖς
754 2369 913 2407 χαλεπωτά-

126 2428 197 2454 τοις,
212 2422 260 2448 καὶ
290 2421 466 2455 σκυθρωποῖς
487 2428 543 2446 τισι
567 2419 747 2454 πράγμασιν·
780 2417 912 2452 οὕμενουν

128 2468 184 2495 οὐδ’
201 2469 231 2494 ὲν
247 2467 322 2502 αὐτῷ
340 2467 380 2502 τῷ
396 2467 469 2502 μάλα
487 2467 587 2498 νοσεῖν,
604 2466 641 2497 ὼς
655 2465 739 2500 μηδὲν
754 2463 800 2491 τοῦ
814 2463 910 2499 χρόνον

131 2515 222 2549 μάτην
236 2513 420 2546 ἀναλίσκοιτο,
437 2509 467 2539 οὗ
479 2512 509 2539 τὸ
525 2511 663 2548 παρελθὸν
680 2511 820 2546 ἀμήχανον
829 2508 911 2536 πάλιν

128 2560 232 2594 εὑρεῖν.

166 2648 222 2675 Καὶ
239 2648 293 2682 μὴν
312 2647 352 2680 ca,
370 2646 487 2681 Μέτρον
509 2647 649 2682 ἄριστον·
664 2647 712 2673 καὶ⁹
739 2646 780 2678 τὸ,
811 2645 914 2679 Μηδὲν

129 2695 218 2730 ἄγαν,
237 2694 284 2720 καὶ
301 2694 380 2725 ἥλως,
397 2694 501 2728 ὅσαπερ
515 2694 572 2725 τοῖς
589 2693 674 2720 πάλαι
697 2693 788 2727 σοφοῖς
805 2692 914 2726 εἴρηται

129 2742 170 2772 εις
201 2741 250 2775 τὴν
265 2740 318 2767 τῶν
344 2740 418 2775 ἠθῶν
443 2741 605 2776 εὐκοσμίαν,
635 2740 731 2775 ὥσπερ
756 2740 786 2771 ὲξ
815 2739 913 2774 ἐράνου

129 2788 273 2819 συλλέξας,
291 2787 376 2814 ποιῶν
400 2787 602 2819 διατετέλεκεν·
620 2787 691 2814 ὥστε
721 2786 833 2812 ἐκείνων
850 2785 915 2811 ἕκα-

128 2842 192 2864 στος
207 2833 238 2858 ἓν
254 2841 305 2859 που
322 2832 426 2860 τούτων
445 2834 557 2868 εἴρηκεν
567 2842 574 2850 ·
593 2831 671 2865 οὗτος
685 2833 714 2860 δὲ
728 2833 817 2860 πάντα
828 2831 914 2864 ἔπρα-

128 2880 192 2913 ξςνο
207 2878 280 2905 οὕτω
293 2880 347 2911 τοῖς
363 2878 434 2911 ὅλοις
452 2879 538 2907 ἐνίκα.
553 2877 609 2906 Ἦν
622 2879 650 2906 δὲ
678 2878 800 2913 τοσούτῳ
815 2876 913 2910 δεξιὸς,

962 1776 1060 1797 norum
1078 1768 1218 1798 decorem,
1237 1766 1310 1793 haud
1328 1771 1393 1800 puto
1408 1774 1423 1794 a
1440 1767 1555 1794 veritate
1576 1774 1683 1799 errans,
1696 1775 1746 1803 po-

962 1815 1036 1842 litam
1056 1821 1090 1841 ex
1107 1813 1253 1840 adamante
1263 1815 1394 1844 statuam,
1412 1812 1742 1847 subjectnmargutnento

961 1860 1051 1887 virum
1068 1865 1226 1892 nuncupare
1241 1856 1382 1892 possit.Ut
1398 1864 1481 1891 porro
1500 1857 1563 1884 talis
1575 1857 1666 1890 fuerit,
1677 1865 1747 1891 quae

962 1906 1016 1933 lem
1031 1904 1110 1932 vobis
1123 1910 1224 1933 .sermo
1242 1903 1364 1931 ostendit
1383 1911 1390 1930 :
1408 1903 1474 1935 imo,
1498 1907 1528 1930 ut
1545 1903 1645 1930 nedum
1673 1903 1746 1936 talis,

971 1950 1018 1979 sed
1034 1954 1061 1978 et
1078 1948 1344 1987 longelpraastantior
1361 1947 1444 1975 fuerit
1461 1957 1469 1981 ς
1484 1948 1555 1975 idem
1570 1949 1627 1983 ipse
1641 1948 1750 1984 liquido

963 1996 1099 2032 probavit,
1116 2001 1174 2022 tum
1193 1995 1228 2022 iis
1243 2002 1305 2030 quae
1321 1995 1386 2029 egit,
1407 1999 1463 2021 tum
1481 2002 1542 2028 quae
1553 1999 1606 2022 tota
1621 1995 1677 2022 fere
1693 1996 1748 2022 vi'a

964 2043 1035 2070 mala
1043 2041 1173 2070 sustinuit
1186 2049 1193 2073 ;
1203 2045 1284 2075 atque
1295 2040 1363 2068 adeo
1371 2040 1405 2067 iis
1413 2048 1473 2075 qua
1483 2040 1539 2076 egit
1549 2041 1749 2075 'perpetiendo,

964 2095 1082 2123 qumque
1097 2087 1196 2115 iterum
1212 2087 1294 2115 etiam
1309 2086 1415 2121 agendo
1431 2093 1578 2121 perpessus
1593 2085 1653 2112 fuit.
1671 2086 1747 2113 Nun-

965 2142 1047 2170 quam
1064 2134 1137 2161 enim
1159 2133 1292 2168 quidquid
1309 2132 1455 2161 accidisset
1485 2132 1557 2166 quod
1574 2138 1662 2166 operae
1687 2139 1750 2165 pre—

965 2183 1032 2209 tium
1049 2184 1118 2212 erat,
1132 2179 1252 2215 neglexit
1269 2187 1276 2212 ;
1297 2187 1348 2206 nec
1376 2185 1499 2213 unquam
1531 2178 1645 2204 omnino
1672 2178 1749 2204 visus

965 2233 1008 2256 est
1023 2227 1114 2254 animo
1142 2225 1313 2258 concidisse,
1340 2225 1472 2252 obruente
1500 2224 1626 2251 mmstitia
1651 2223 1748 2255 nimia,

966 2279 1012 2302 aut
1027 2278 1112 2306 metu,
1126 2273 1215 2300 aliove
1230 2271 1364 2306 ejusmodi
1382 2279 1389 2298 ε
1402 2275 1430 2297 at
1446 2277 1536 2304 neque
1555 2269 1640 2296 eﬂuso
1655 2269 1750 2296 admo-

966 2321 1030 2347 dum
1051 2319 1153 2349 animo.
1178 2325 1240 2346 cum
1261 2317 1342 2344 ctiam
1361 2316 1509 2351 jucundior
1536 2314 1685 2346 videretur,
1706 2315 1749 2342 vel

967 2370 1112 2401 agerentur
1127 2364 1189 2392 festi
1203 2367 1356 2391 conventus
1370 2370 1378 2395 ;
1394 2369 1448 2388 non
1472 2361 1500 2387 in
1527 2360 1611 2392 ludis,
1628 2368 1683 2388 non
1706 2367 1750 2388 re-

928 2404 1076 2438 Dnatione
1103 2415 1194 2443 utens,
1217 2417 1270 2436 non
1301 2416 1330 2435 re
1350 2408 1403 2435 nlla
1429 2407 1574 2442 ejusmodi.
1599 2407 1634 2434 At
1663 2415 1752 2441 neque

967 2456 1171 2484 molestissimis
1203 2454 1384 2489 temporibus,
1418 2453 1598 2487 tristibusqne
1610 2453 1750 2480 nonnullis

965 2504 1049 2532 rebus
1061 2504 1167 2530 otiosus
1182 2506 1241 2529 erat
1259 2509 1267 2533 ;
1283 2507 1317 2527 ne
1331 2499 1410 2526 valde
1423 2499 1533 2533 quidem
1549 2498 1647 2526 aﬁccta
1674 2499 1748 2526 sani-

967 2554 1032 2581 tate,
1047 2556 1080 2576 ne
1098 2549 1162 2583 quid
1184 2546 1317 2581 temporis
1329 2552 1447 2572 vacuum
1477 2544 1659 2580 pereﬂlueret,
1676 2543 1748 2578 quod

966 2600 996 2623 ut
1005 2595 1146 2630 praeteriit,
1157 2593 1228 2620 nulla
1240 2597 1301 2627 post
1310 2592 1362 2618 hac
1370 2591 1510 2627 diligentia
1520 2590 1642 2618 revocari
1650 2595 1750 2625 potest.

1002 2642 1137 2669 Caeterum
1169 2639 1238 2667 illud
1257 2638 1389 2673 :Optima
1417 2637 1613 2666 ntediocritas:
1637 2644 1678 2670 ac,
1709 2635 1753 2663 Ne

966 2689 1029 2724 quid
1039 2689 1128 2720 nimis,
1137 2687 1316 2720 omninoque,
1329 2689 1358 2712 ut
1366 2684 1431 2719 quid
1442 2683 1562 2718 antiquis
1569 2682 1750 2717 sapientibus,

967 2734 1164 2770 componendis
1177 2733 1320 2760 honestate
1330 2731 1466 2763 moribus,
1476 2730 1580 2757 dictum
1595 2729 1649 2762 sit;
1667 2728 1692 2755 id
1705 2728 1751 2755 illc

968 2787 1099 2816 tanquam
1113 2788 1146 2808 ex
1158 2779 1282 2816 symbolo
1293 2778 1436 2812 colligens,
1449 2780 1534 2804 totum
1547 2783 1576 2803 re
1586 2776 1750 2810 prmstabat:

969 2832 1049 2863 atque
1062 2827 1129 2855 adeo
1144 2833 1205 2854 cum
1234 2825 1351 2861 quisque
1376 2831 1460 2851 unum
1490 2821 1556 2857 quid
1582 2830 1688 2854 eorum,
1721 2829 1753 2848 ac

968 2875 1107 2910 singulare
1122 2872 1262 2909 quidpiam
1287 2870 1385 2899 cﬂ‘atus
1405 2870 1453 2903 sit,
1477 2869 1538 2908 jpse
1562 2875 1635 2897 unus
1659 2867 1752 2895 omnia
