1938 3083
199 131 249 163 193

797 134 848 164 MA
855 134 874 163 Ν
883 135 902 165 U
910 134 994 165 ELlS
1017 135 1239 167 PALAZOLOGI

1767 143 1816 175 196

196 186 251 221 epit
269 195 277 214 :
305 187 343 214 sic
360 187 485 214 vincebat
504 187 650 215 universis.
683 188 721 214 Ita
741 196 804 216 vero
820 195 898 223 aptus
912 197 962 217 erm

1032 191 1079 216 καὶ
1100 190 1172 217 οὕτω
1191 193 1251 222 ταῖς
1277 192 1406 218 ἁπάντων
1419 193 1578 227 συμϐαίνων
1596 196 1731 230 γνώμαις,
1745 201 1816 232 μετὰ

196 233 290 266 sicque
310 234 498 260 universorum
516 234 614 260 animis
628 235 969 269 congruebat,opportune

197 286 279 313 agens
291 279 395 310 omnia,
415 287 446 305 ac
464 287 558 306 omnes
576 281 680 306 sincere
697 281 800 311 colens,
822 283 977 315 quatiquati)

198 325 280 351 ttttllis
297 325 550 358 noxieintlulgwrct,
571 331 599 351 ut
618 327 666 359 ipsi
688 334 740 353 non
766 335 828 353 raro
857 332 977 360 actores,

198 369 363 396 betteliciise
384 378 444 397 rt-Os
466 377 655 404 agnoscerent.
674 380 705 398 ac
733 377 842 406 aget-ent
864 374 976 407 gratias,

197 423 259 442 eum
296 418 376 444 ctiam
394 424 475 443 causa
488 417 661 449 eccidisscut‘,
684 425 716 444 ac
736 423 826 445 essent
854 417 976 446 frustrati

198 462 252 490 fine
269 471 350 497 supra
377 470 457 496 quam
474 462 530 492 alii.
557 470 617 488 cum
636 463 690 490 voti
711 468 850 497 compotes
887 464 976 490 affecti

198 514 290 542 optata
310 517 448 543 accepere.
470 509 572 535 Accidit
587 509 674 540 enim,
693 514 717 534 ut
732 509 975 541 nihiletiautdans,

195 554 322 586 delectes,
342 559 424 588 utque
438 555 556 581 vicissim
579 555 668 581 dando
688 555 845 589 displicens.
862 555 977 582 Univer-

194 601 245 629 sisg
257 608 285 627 se
302 602 557 628 communissiutum
590 601 772 635 permittebat,
806 610 837 629 ac
861 602 977 629 maxime

193 651 285 680 gratus
298 647 537 681 congressionibus
553 653 628 675 erat;
648 655 697 673 uec
710 648 858 681 quidquam
873 652 973 679 tamen,

193 699 299 718 tnortttn
315 692 359 718 illa
379 693 554 726 ingenuitate,
580 693 660 719 rebus
678 693 822 725 ofﬁciebat.
851 693 914 720 Erat
939 693 976 720 si-

192 737 301 772 qttidem
328 739 424 771 pientis
454 739 667 765 architectonica
690 739 818 769 scicntia,
851 745 907 766 tum
941 740 974 766 ad

149 789 154 794 '
193 783 318 817 politicos
340 789 440 813 mores.
457 787 512 809 tum
534 783 565 809 ad
587 783 695 816 negotia
725 783 844 816 publica,
868 783 974 817 sibique

192 827 256 854 satis
275 827 333 861 ipse
349 832 417 858 erat,
427 833 454 854 ιιι
468 833 494 854 et
506 828 619 862 singulis
629 834 816 854 consuescerct
828 836 876 862 pro
886 828 976 862 cujus-

1030 236 1076 262 τοῦ
1092 237 1189 271 καιροῦ
1203 237 1236 263 τὰ
1253 238 1347 264 δέοντα
1373 239 1469 272 ποιῶν,
1500 241 1546 266 καὶ
1563 241 1683 275 γνησίως
1709 244 1816 275 πάντας

1032 283 1239 317 μετερχόμενος,
1253 284 1285 310 οὺ
1301 284 1354 318 μήν
1371 294 1424 311 τισι
1454 287 1522 320 προς
1544 286 1647 321 βλάϐην
1665 289 1816 323 χαριζόμε-

1030 337 1085 359 νος,
1106 329 1143 360 ὼς
1154 330 1201 355 καὶ
1226 330 1357 362 πολλάκις
1379 331 1461 365 χάριν
1484 332 1687 366 ὁμολογοῦντας
1709 335 1814 362 εἰδέναι

1029 374 1092 405 τοὺς
1105 375 1324 408 ἐπαγγέλλοντας
1339 377 1423 411 ἔχειν,
1440 377 1467 402 εἴ
1480 386 1545 404 ποτε
1559 379 1605 405 καὶ
1633 379 1681 405 τοῦ
1708 381 1813 408 σκοποῦ

1029 420 1227 454 διημάρτανον,
1243 423 1315 455 ἥπερ
1331 422 1405 448 ἄλλοι
1420 423 1483 454 τοὺς
1505 423 1636 456 λαὸόντας
1655 422 1692 452 ὧν
1713 427 1813 453 ἐπεθύ-

1032 473 1110 498 μουν.
1128 466 1207 492 Ἔστι
1225 467 1277 502 γὰρ
1298 468 1346 493 καὶ
1370 467 1451 494 δόντα
1472 469 1556 503 μηδὲν
1588 470 1733 504 εὐφρᾶναι,
1764 473 1812 499 καὶ

1029 511 1184 538 τούναντίον
1198 512 1276 543 αὖθις
1298 514 1398 548 εὑρεῖν.
1421 513 1475 541 Ἶιν
1493 516 1544 549 μὲν
1569 517 1724 548 κοινότατος
1739 519 1811 544 ᾶπα-

1030 565 1089 582 σιν·
1111 554 1144 591 ἦν
1158 557 1186 583 δὲ
1203 559 1263 589 ταῖς
1283 560 1438 590 συνουσίαις
1456 561 1646 594 χαριέστατος,
1664 562 1709 588 xui.
1722 563 1766 589 διὰ
1780 564 1810 589 τὸ

1028 601 1074 628 τοῦ
1092 602 1175 637 ἤθους
1194 604 1337 638 ἐλεύθερον
1357 605 1411 631 οὐδ’
1425 607 1576 632 ὁπωστιοῦν
1595 608 1738 643 πράγμασι
1764 609 1811 635 λυ-

1029 649 1202 682 μαινόμενος,
1224 650 1347 686 Ὑπῆρχε
1363 652 1417 685 γὰρ
1437 652 1624 687 Mopsum-ato;
1648 655 1810 688 ἀρχιτεκτο-

1027 691 1105 725 νικῆς
1131 693 1287 728 ἐπιστήμης
1300 695 1339 726 είς
1355 704 1383 721 τε
1399 695 1431 721 τὰ
1446 697 1573 723 πολιτικὰ
1588 698 1642 732 ἤθη
1657 699 1697 729 εῐς
1724 707 1753 725 τε
1774 700 1808 725 τὰ

1028 737 1104 762 κοινὰ
1116 739 1267 772 πράγματα
1279 745 1287 754 λ
1304 740 1351 766 καὶ
1362 741 1472 776 ἐξήρκει
1499 751 1530 775 γε
1547 745 1666 770 συνεῖναι
1681 744 1729 770 καὶ
1756 754 1796 778 χω

1028 782 1069 816 pi;
1085 783 1210 814 ὲκάεηοις
1227 785 1294 819 πρὸς
1307 787 1421 820 τρόπον,
1437 788 1484 813 καὶ
1510 786 1590 819 αὖθις
1617 791 1700 816 πᾶσιν
1727 790 1806 824 ὁμοῦ.

1028 828 1107 862 ᾜδει
1127 836 1156 854 τε
1172 829 1260 857 δοκεῖν
1271 831 1433 866 διαχεῖσθαι,
1449 834 1495 859 καὶ
1510 834 1554 860 ἀεὶ
1578 835 1612 860 τὰ
1638 835 1807 870 καιριώτερα

191 880 243 907 que
261 873 383 900 moribus
395 881 479 907 utque
494 873 631 907 integrum
645 881 673 900 se
689 874 826 900 universis
841 878 962 900 servaret

1027 873 1165 909 προῦργου
1180 875 1321 902 τίθεσθαι·
1346 878 1393 904 καὶ
1411 880 1627 912 κατασκευάζειν
1644 881 1730 907 ἐνίοτε
1758 890 1806 915 με-

189 916 306 944 Noverat
340 923 368 944 ιιι
396 923 424 944 el.
449 917 586 944 videretur
612 917 723 944 hilarior
741 918 869 950 diffundi,
890 923 972 952 utque

191 963 370 990 nihilominus
399 970 507 996 semper
528 963 716 997 principaliora
742 971 822 997 opera
852 964 969 997 pretium

192 1012 330 1043 poneret;
350 1012 431 1042 atque
446 1012 474 1034 ut
503 1016 702 1043 nonnunquam
724 1016 767 1036 res
797 1017 912 1042 magnas
941 1016 972 1035 ac

187 1055 360 1082 admirandas
375 1055 429 1080 lttdi
451 1062 503 1080 ttou
525 1054 661 1081 inhonesti
681 1054 770 1086 specie
781 1059 893 1087 gereret.

222 1100 289 1128 Cum
309 1101 349 1127 sic.
365 1107 429 1134 ergo
443 1104 522 1126 natus
542 1106 624 1130 esset.
641 1099 734 1133 sicque
753 1099 900 1125 voluntatis
923 1099 970 1125 ha-

188 1146 273 1178 beret,
291 1154 322 1172 ac
335 1146 370 1172 ita
388 1145 651 1178 fuissetiustitutus,
663 1146 788 1179 bonaque
799 1146 866 1172 adeo
880 1146 970 1172 imlole

186 1200 216 1218 ac
231 1192 340 1226 ingenio
356 1192 427 1218 facili
438 1191 566 1226 prteditus
579 1196 667 1224 esset;
680 1192 705 1218 in
721 1196 846 1226 parentes
860 1192 967 1225 quidem

185 1237 269 1271 probe
286 1237 417 1272 implevit,
445 1243 473 1264 ut
488 1237 552 1271 quid
578 1241 706 1271 parentes
727 1240 852 1263 ttatorutu
871 1237 968 1270 pietate

186 1283 338 1316 praestanda
364 1283 459 1317 optare
487 1282 594 1316 possint
611 1290 618 1309 :
635 1289 743 1309 summo
767 1281 862 1308 amicis
880 1281 968 1308 amori

185 1328 258 1360 fuit;
278 1328 414 1355 universis
432 1327 537 1354 exstitit
550 1332 656 1362 portus,
669 1327 812 1360 omnisque
826 1327 866 1353 eis
884 1335 967 1360 gene—

184 1373 223 1399 ris
250 1374 320 1400 bona
339 1373 507 1400 eonelliavit.
533 1374 676 1400 Praaclarae
700 1374 769 1399 adeo
798 1380 853 1404 res,
875 1373 967 1399 hostes

184 1425 293 1452 quoque
313 1417 522 1450 iufeusissimos,
543 1419 575 1444 ad
595 1418 669 1451 pacis
685 1417 830 1444 atnbienda
851 1416 965 1449 fmdera,

184 1463 312 1496 omnique
328 1463 407 1490 modo
429 1463 607 1498 exquirenda,
627 1463 795 1496 impulerunt
809 1484 816 1496 ,
834 1468 914 1497 atque
938 1468 967 1490 ut

185 1508 267 1534 semel
306 1507 383 1540 inita,
412 1512 470 1534 rata
502 1515 609 1534 manere
642 1507 753 1533 omnino
788 1507 965 1534 eniterentur.

1024 919 1096 952 γάλα
1115 929 1144 946 τε
1160 920 1207 947 καὶ
1219 921 1363 957 θαυμαστὰ
1375 924 1528 959 πράγματα
1545 926 1614 959 μετὰ
1628 926 1738 957 παιδιᾶς
1754 928 1805 954 οὐκ

1023 965 1154 1000 ἁσέμνου.

1056 1099 1134 1126 Οὕτω
1149 1102 1238 1127 τοίνυν
1253 1101 1362 1135 φύσεως
1377 1102 1448 1138 ἔχων
1464 1105 1510 1130 καὶ
1527 1107 1724 1140 προαιρέσεως,
1739 1116 1804 1134 παι-

1022 1145 1143 1177 δεύσεώς
1162 1155 1190 1172 τε
1207 1147 1254 1173 καὶ
1273 1148 1438 1183 δεξιότητος,
1455 1150 1562 1185 ὑπῆρχε
1579 1152 1629 1186 μὲν
1639 1154 1695 1184 τοῖς
1719 1154 1802 1181 αὐτοῦ

1021 1192 1140 1226 πατράσι
1158 1193 1247 1224 καλῶς
1259 1193 1383 1229 πληρῶν,
1398 1194 1415 1222 ἃ
1432 1195 1463 1230 δὴ
1487 1198 1606 1231 πατέρες
1626 1195 1743 1231 εὖξαιντ’
1769 1200 1803 1227 ἂν

1021 1237 1096 1272 παρὰ.
1109 1237 1163 1264 τῶν
1181 1239 1246 1264 υἱῶν
1263 1239 1360 1274 ἴσχειν,
1379 1241 1486 1276 ὑπῆρχε
1501 1242 1529 1268 δέ
1550 1244 1605 1273 τοῖς
1620 1244 1707 1277 φίλοις
1732 1246 1798 1280 ἐρα-

1021 1282 1172 1316 σμιώτατος
1183 1291 1190 1299 ·
1207 1282 1241 1318 ἦν
1258 1284 1286 1310 δὲ
1299 1286 1353 1316 τοῖς
1366 1286 1434 1312 πᾶσι
1461 1286 1552 1322 λιμὴν,
1564 1289 1611 1314 καὶ
1624 1290 1802 1317 παντοδαπῶν

1019 1328 1131 1361 ἀγαθῶν
1152 1329 1295 1364 πρύτανις.
1310 1330 1403 1358 Ταῦτα
1418 1333 1464 1358 καὶ
1482 1333 1717 1367 δυσμενεστάτους
1740 1337 1802 1363 ἀνέ-

1020 1374 1097 1400 πειθε
1116 1376 1237 1403 σπονδῶν
1253 1378 1302 1412 μὲν
1323 1377 1392 1412 ἄγαν
1406 1379 1563 1414 ἐπιθυμεῖν,
1589 1381 1676 1407 πάντα
1689 1381 1717 1408 δὲ
1737 1383 1800 1417 τρό-

1020 1427 1069 1444 πον
1088 1419 1191 1453 ζητεῖν,
1212 1420 1286 1452 ὅπως
1318 1422 1409 1448 αὐτῶν
1433 1423 1561 1458 τύχοιεν·
1593 1426 1639 1451 καὶ
1658 1427 1803 1461 τυχόντας,

1019 1464 1128 1490 ἅπαντα
1151 1466 1293 1499 πράττειν,
1326 1467 1390 1494 ὥστ’
1413 1469 1555 1503 ἐπιμεῖναι
1586 1470 1625 1505 τῷ
1646 1474 1799 1508 πράγματι.

1018 1510 1109 1537 Αἴτιον
1127 1511 1181 1546 δέή
1207 1513 1291 1547 ἀρετὴ
1318 1514 1394 1539 τοῦδε
1415 1514 1539 1549 τάνδρὸς,
1556 1515 1591 1542 δι’
1610 1516 1639 1543 ὃν
1652 1518 1798 1553 ὼρρώδουν

183 1552 209 1580 Id
227 1561 307 1587 porro
325 1554 422 1588 agebat
448 1553 497 1580 viri
519 1553 622 1585 virtus,
645 1552 725 1587 cujus
750 1552 788 1579 illi
821 1552 962 1579 formidine

1019 1555 1065 1587 οῦς
1079 1564 1110 1589 γε
1126 1543 1239 1590 ἐφόέονν
1253 1543 1333 1585 (ιι-διὰ
1347 1559 1396 1594 τὴν
1406 1543 1491 1594 τύχην
1504 1543 1798 1597 ἐπαιρόμενοιίιίθεταζ

182 1607 230 1627 eos
239 1601 410 1634 postmodum
427 1599 586 1631 horrebant,
595 1599 694 1634 quibus
704 1598 811 1626 fortuna
820 1598 961 1631 efferente,

182 1651 311 1672 terrorem
324 1645 426 1680 pridem
441 1645 602 1680 injecerant.
616 1644 675 1672 iam
690 1646 762 1672 enim
778 1645 847 1672 facta
870 1653 960 1671 rerum

182 1691 334 1717 mutatione
352 1691 471 1725 ;quippe
487 1691 513 1717 in
540 1691 709 1717 contrarium
741 1691 853 1717 otttniuo
877 1699 963 1717 νει-διε

180 1741 267 1768 (³1⁸³111,
286 1743 316 1762 ac
327 1741 428 1763 nostra:
440 1736 547 1770 quidem
580 1735 721 1768 ﬂorehant,
744 1736 851 1762 illorum
873 1741 961 1762 autem

180 1781 355 1810 inﬂuxerant
374 1790 380 1808 :
398 1782 492 1815 utique
506 1788 619 1808 necesse
634 1786 703 1812 erat,
734 1785 762 1807 ut
776 1786 802 1808 et
822 1782 839 1807 ii
857 1782 889 1808 de
903 1790 963 1808 sen-

179 1827 262 1853 tentia
286 1827 460 1858 decedentes,
487 1827 602 1860 tempori
629 1826 803 1854 inservirent.
819 1826 962 1862 Eai'aque

179 1873 206 1899 iu
223 1880 285 1898 eum
302 1874 479 1906 pra‘staltant,
500 1881 561 1907 qum
579 1873 644 1899 olim
669 1872 826 1900 decessores
852 1873 878 1899 in
903 1874 961 1908 ipso

178 1917 252 1942 soliti
270 1922 349 1943 erant.
366 1925 374 1949 ;
391 1925 505 1952 eantque
520 1918 590 1944 diem
608 1919 682 1945 festae
697 1918 766 1945 lucis
792 1919 853 1946 loco
880 1920 960 1946 habc‘

179 1962 252 1992 baut,
267 1969 318 1995 qua
340 1969 385 1994 per
402 1965 524 1989 uutttitttu
544 1963 645 1997 aliquid
674 1965 708 1990 ab
725 1972 757 1991 eo
783 1965 959 1999 epistolarum

180 2007 363 2041 accepissent.
396 2008 475 2040 Quod
493 2009 515 2035 si
543 2009 623 2036 etiam
649 2010 751 2044 aliquid
785 2011 960 2044 pollicebatur

178 2050 217 2085 (id
233 2059 299 2078 sane
318 2052 351 2078 ab
366 2051 526 2086 iutpensiori
545 2055 709 2088 pra-stantia,
725 2059 753 2080 ιιι
778 2055 864 2090 magis
888 2063 958 2089 prte-

176 2096 266 2130 cipere
282 2105 363 2131 quant
381 2098 501 2132 polliceri
528 2099 693 2134 videretur),
711 2100 875 2127 occinehant
890 2108 956 2134 gau-

176 2143 220 2168 dio
233 2144 480 2177 acceptaepistola,
495 2152 550 2170 rem
561 2149 662 2178 gestant
678 2146 752 2179 pacis
767 2152 955 2181 argumentum

176 2187 320 2219 habentes,
339 2196 418 2223 qttaut
433 2189 544 2222 quidem
555 2191 623 2216 haud
639 2196 748 2226 propter
761 2191 954 2226 sediligebant.

174 2233 221 2260 sed
239 2242 272 2261 ne
299 2235 388 2268 perire
422 2236 594 2268 contingeret
620 2244 667 2270 per
690 2237 748 2270 ejus
778 2237 954 2264 absentiam:

174 2279 245 2312 quod
261 2280 364 2314 pridem
385 2287 465 2308 secus
475 2281 680 2308 existimabant.
705 2282 749 2308 Sic
763 2283 860 2314 virtus,
871 2290 954 2317 quam

174 2326 282 2352 fortttua
302 2331 422 2360 prmstat,
439 2334 487 2360 per
506 2334 587 2361 quam
605 2328 731 2361 superbia
745 2329 876 2359 hostium,
893 2337 954 2356 cntn

172 2379 220 2398 eos
239 2378 329 2406 postea
344 2380 406 2406 spes
420 2372 570 2405 fefellisset,
589 2373 726 2407 plurimuti
740 2374 802 2401 fecit
815 2375 911 2402 risum.

208 2417 269 2444 "me
299 2418 430 2445 hactenus
463 2419 536 2446 velut
562 2427 668 2445 summa
696 2419 826 2452 diximus,
855 2421 954 2455 quibus

172 2463 279 2489 abunde
295 2464 458 2491 tleclaratam
487 2469 552 2498 puto
568 2465 618 2492 viri
643 2465 773 2498 indolem,
803 2471 833 2494 ut
861 2468 954 2494 multis

172 2509 298 2536 laudibus
314 2514 385 2536 csstt
410 2511 489 2544 digna
508 2519 514 2537 :
533 2511 575 2538 siti
591 2516 680 2538 autem
712 2512 818 2546 singula
842 2520 952 2546 quoque

170 2555 296 2589 prosequi
314 2556 546 2589 oporteat,dicam
561 2556 733 2591 compendio,
757 2562 858 2592 quanta
890 2558 946 2584 fue-

170 2600 343 2626 ritfacultas.
367 2597 403 2626 Ut
419 2600 491 2626 enim
509 2600 593 2626 beatae
622 2601 760 2628 memoriae
790 2602 840 2628 viri
870 2602 950 2636 hujus

169 2646 302 2678 prteclara
314 2650 388 2679 gesta
402 2645 530 2672 diffusius
541 2651 698 2678 narrentur,
716 2647 749 2674 iis
765 2648 856 2681 potius
882 2655 949 2675 con-

169 2695 258 2722 gruat,
275 2698 391 2724 quorum
402 2692 435 2717 sit
447 2691 563 2724 insituti,
581 2698 611 2719 ut
630 2700 718 2719 rerum
733 2697 870 2728 gestarum
882 2703 948 2722 con-

169 2740 261 2762 texant
282 2736 423 2765 historias.
440 2737 510 2771 Quin
535 2743 561 2766 et
578 2739 673 2766 eadem
704 2748 812 2775 quoqtte
842 2743 947 2770 ratione

169 2788 202 2807 tte
221 2781 259 2809 illi
276 2783 384 2817 quidem
407 2789 483 2819 gesta
500 2785 590 2812 omnia
604 2791 799 2818 percensuero.
811 2787 854 2814 Uti
872 2789 945 2816 enim

166 2833 257 2854 rerum
269 2827 304 2855 ab
316 2836 349 2856 eo
362 2834 498 2864 gestarum
532 2830 690 2865 magnitudo
712 2833 848 2866 prohibet.
862 2838 892 2861 ut
914 2842 948 2862 ne

1016 1601 1196 1636 κεκλημένων
1211 1603 1265 1638 γὰρ
1277 1604 1331 1630 τῶν
1353 1606 1524 1640 πραγμάτων
1536 1615 1544 1623 ·
1563 1609 1610 1634 καὶ
1637 1611 1690 1644 γὰρ
1720 1610 1798 1637 ἀντέ-

1016 1654 1139 1680 στροπτο
1154 1649 1293 1681 παντελῶς
1304 1670 1313 1682 ,
1341 1651 1388 1677 καὶ
1405 1651 1439 1677 τὰ
1454 1651 1504 1686 μὲν
1530 1653 1651 1689 ἡμέτερα
1665 1656 1750 1691 ἤνθει,
1767 1657 1798 1683 τὰ

1014 1692 1042 1719 δὲ
1058 1695 1172 1721 ἐκείνων
1188 1697 1390 1732 κατερρυήκει·
1407 1699 1496 1733 χρεὼν
1513 1698 1548 1736 ἦν
1573 1701 1665 1736 δήπου
1699 1703 1795 1729 κάκεί-

1014 1747 1074 1769 νους
1088 1740 1289 1774 μεταϐαλόντας
1311 1744 1502 1780 συμφέρεσθαι
1531 1747 1649 1779 τούτοις.
1667 1746 1721 1775 Ἦν
1749 1749 1795 1775 οὖν

1012 1785 1110 1830 ἐκείνῳ
1128 1788 1195 1822 παρ’
1218 1788 1320 1823 αὐτῶν,
1336 1790 1353 1816 ἃ
1381 1792 1446 1824 πρὶν
1471 1792 1585 1824 ἐκείνοις
1606 1794 1639 1820 ἐκ
1665 1794 1720 1821 τῶν
1744 1796 1797 1830 πρὸ

1011 1829 1108 1856 τοῦδε·
1128 1832 1175 1857 καὶ
1191 1830 1260 1868 ἦγον
1277 1835 1380 1869 ταύτην
1406 1835 1504 1870 ἑορτὴν
1518 1836 1567 1872 τὴν
1583 1837 1702 1873 ἡμέραν,
1732 1829 1797 1876 ἐνγῇ

1012 1884 1054 1906 τις
1069 1877 1133 1912 παρ’
1150 1878 1256 1906 ἐκείνου
1273 1880 1340 1915 πρὸς
1355 1881 1453 1913 αὐτοὺς
1470 1879 1520 1917 ἧκε
1538 1883 1625 1918 βραχύ
1640 1885 1796 1920 τιγράμμα

1012 1923 1144 1956 κομίζων.
1162 1924 1191 1950 El
1208 1925 1236 1950 δὲ
1253 1926 1301 1952 καὶ¹
1315 1927 1471 1961 ἐπήγγελλέ
1481 1937 1520 1960 τι,
1530 1929 1601 1956 οὕτω
1611 1930 1635 1956 δ’
1652 1931 1681 1964 ἐξ
1693 1931 1795 1966 ὕπερον

1010 1968 1071 2002 κῆς,
1096 1969 1133 2001 ὡς
1172 1971 1271 2004 μᾶλλόν
1300 1980 1332 2006 γε
1362 1975 1543 2008 προστάττειν
1574 1976 1590 2011 ἢ
1615 1965 1795 2012 ἐπαγγέλλειν

1011 2014 1110 2048 ἐπῇδον
1121 2016 1146 2041 οἱ
1159 2016 1302 2051 δεχόμενοι
1315 2018 1368 2053 τὴν
1381 2020 1537 2055 ἐπιστολὴν,
1553 2024 1704 2058 τεκμήριον
1711 2025 1790 2058 ἡγού-

1011 2068 1087 2093 μενοι
1129 2063 1240 2097 εἰρήνης
1271 2064 1301 2089 τὸ
1338 2066 1486 2100 πραχθέν·
1523 2068 1556 2102 ἣν
1587 2068 1638 2095 οὐκ
1676 2070 1792 2104 ἠγάπων

1008 2105 1041 2131 δι’
1056 2106 1151 2141 αὐτὴν,
1161 2108 1229 2143 ὅπερ
1243 2109 1296 2135 ἔδει
1309 2117 1315 2124 ·
1330 2110 1360 2135 τὸ
1378 2110 1406 2136 δὲ
1428 2111 1465 2146 μὴ
1487 2111 1673 2147 διαφθαρῆναι
1689 2114 1791 2149 ταύτης

1008 2151 1143 2187 ἀγούσης,
1161 2153 1230 2188 ὅπερ
1259 2155 1389 2187 ἐναντίως
1412 2157 1530 2191 πρόσθεν
1546 2159 1680 2193 ἐνόμιζον.
1698 2161 1792 2192 οὕτως

1008 2197 1092 2232 ἁρετὴ
1107 2199 1242 2233 κρείττων
1257 2199 1354 2235 τύχης,
1367 2199 1402 2236 ἦς
1428 2203 1509 2230 ἕνεκα
1530 2204 1553 2230 οἱ
1570 2204 1713 2239 δυσμενεῖς
1728 2208 1792 2233 ἀλα-

1009 2243 1190 2278 ζονευόμενοι,
1207 2243 1268 2272 εἶτα
1281 2247 1337 2272 τῶν
1359 2248 1475 2275 ἐλπίδων
1491 2250 1668 2284 ψευσθέντες,
1683 2253 1787 2286 γέλωτα

1009 2291 1240 2324 προσωφλήκαοιν
1253 2291 1284 2317 οὺ
1301 2295 1431 2328 σμικρόν.

1041 2424 1132 2450 Ταῦτα
1146 2424 1183 2457 ὡς
1199 2427 1226 2452 ἐν
1239 2428 1378 2463 κεφαλαίῳ
1389 2430 1453 2464 ἡμῖν
1468 2431 1575 2466 εἴρηται
1589 2439 1596 2446 ·
1616 2434 1663 2460 καὶ
1676 2435 1786 2469 νομίζο-

1007 2478 1056 2504 μεν
1070 2470 1159 2502 καλῶς
1186 2472 1372 2508 ἀποδεδεῖχθαι
1399 2476 1450 2508 τὴν
1473 2476 1551 2503 τοῦδε
1569 2478 1660 2511 φύσιν,
1689 2481 1727 2511 ὡς
1754 2479 1787 2517 ἦν

1004 2515 1067 2546 ἀξία
1080 2516 1186 2543 πολλῶν
1200 2519 1319 2546 ἐπαίνων
1329 2527 1335 2534 ·
1353 2521 1377 2547 εί
1402 2521 1430 2547 δὲ
1448 2523 1562 2557 προσδεῖ
1577 2525 1623 2551 καὶ
1637 2525 1691 2551 τῶν
1707 2515 1789 2552 καθε-

1004 2569 1102 2594 καστα,
1119 2562 1204 2595 λέξων
1220 2563 1337 2599 ἔρχομαι
1361 2568 1422 2600 κατ’
1437 2569 1573 2604 ἐπιτομὴν
1587 2571 1651 2596 ὅσον
1673 2570 1729 2598 οἷόν
1747 2581 1785 2600 τε.

1003 2607 1040 2632 Τὸ
1055 2609 1111 2643 γὰρ
1123 2608 1155 2644 δὴ
1169 2609 1260 2644 λέγειν
1275 2612 1392 2648 ἐκτάδην
1405 2613 1439 2640 τὰ
1455 2615 1623 2650 εἰργασμένα
1642 2618 1680 2652 τῷ
1699 2628 1787 2652 μακα-

1004 2653 1064 2688 ρίτῃ
1078 2655 1134 2685 τοῖς
1151 2655 1232 2690 ἔργον
1247 2657 1356 2691 ἔχουσιν
1372 2659 1489 2695 ἱστορεῖν
1507 2662 1672 2698 οἰκειότερον
1691 2666 1724 2690 ἂν
1741 2668 1785 2698 γέ-

1003 2706 1084 2726 νοιτο.
1100 2700 1138 2726 Οὐ
1155 2702 1209 2735 μὴν
1223 2702 1291 2729 ἀλλὰ
1307 2705 1349 2730 διὰ
1361 2705 1410 2739 τὴν
1426 2706 1512 2740 αὐτὴν
1527 2708 1631 2743 ταύτην
1646 2712 1734 2736 αἰτίαν
1754 2712 1783 2736 οὐ

1001 2744 1091 2771 πάντα
1113 2747 1316 2782 καταλέξομεν,
1338 2750 1444 2786 ὅσαπερ
1468 2753 1565 2787 ἐκείνῳ
1594 2754 1782 2789 διεπράττετο.

1001 2789 1108 2823 ’Ὠσπερ
1128 2792 1181 2827 γὰρ
1207 2793 1237 2819 τὸ
1264 2795 1381 2830 μέγεθος
1403 2797 1459 2824 τῶν
1486 2799 1560 2833 αὐτῷ
1579 2803 1782 2836 πεπραγμένων

1001 2836 1087 2871 εἴργει
1112 2839 1181 2873 πρὸς
1206 2840 1322 2869 ἕκαστον
1348 2844 1564 2879 ἐπεκτείνεσθοιι,
1587 2846 1659 2873 οὕτω
1689 2850 1735 2875 καὶ
1752 2850 1782 2875 τὸ
