1938 3083
177 110 227 141 199

766 107 967 137 MANUELIS
986 108 1214 138 PALIEOLOGI

1749 108 1803 140 20)

170 165 205 190 do
227 163 347 198 superari
369 163 532 198 permittam,
565 164 610 198 qui
632 163 708 190 velim
735 169 864 198 prwstare
885 164 972 198 quod,

1025 173 1048 191 οι
1060 165 1159 200 ῥᾳδίως
1173 165 1227 191 τῶν
1241 164 1384 199 πρωτείων
1399 166 1428 192 ὲν
1438 164 1477 201 τῷ
1492 165 1590 200 φιλεῖν,
1605 165 1698 193 δίκαια
1713 166 1803 201 πράτ.

169 211 212 240 ius
228 210 314 241 liabet,
325 215 378 236 tum
393 210 455 244 quia
468 218 514 244 per
531 215 554 236 te
568 211 629 241 sim,
639 216 693 236 tum
706 211 768 245 quia
782 219 855 237 auter
874 211 960 245 pluri-

171 256 322 290 mum,quia
339 255 486 289 disciplinis
504 256 626 283 excultus
643 265 763 289 magnaa
775 257 960 291 teacceperim,

172 310 203 328 ac
221 301 323 335 majora
339 309 438 335 sperem
454 307 634 336 accepturum.
657 301 704 329 Sic
719 303 812 337 itaque
843 303 961 330 habebat

172 349 205 376 ad
220 353 338 383 patrem,
357 356 406 374 nec
420 347 569 382 quidquam
595 348 721 375 dissimili
743 349 849 376 ratione
865 349 962 376 habuit

171 395 205 421 ad
220 399 345 421 matrem.
359 394 426 421 Cum
449 395 522 421 enim
547 395 579 421 ad
594 402 690 422 omnes
712 396 852 422 modestus
876 400 961 428 esset,

173 447 222 466 nec
244 440 390 475 quidquam
407 441 593 467 contentionis
616 448 723 473 amans,
749 443 854 469 amoris
870 446 960 470 tamen

172 493 204 512 ac
225 485 410 512 beneficentiae
437 485 559 519 partibus
592 486 737 514 universos
763 487 872 514 vincere
896 494 962 514 cott-

175 531 305 558 tendebat
331 540 339 563 ;
360 530 506 566 facilisque
532 533 614 559 vitam
640 533 789 566 amisisset,
815 538 842 560 ut
859 533 962 561 amoris

173 577 227 604 vim
245 582 375 612 quantam
389 578 511 609 haberet,
527 578 695 606 ostenderet.
712 579 781 606 Cum
793 586 858 606 vero
873 579 961 606 multa

172 631 204 650 ac
219 631 316 660 magna
331 629 470 659 superent,
486 625 584 659 quibus
598 625 699 659 possim
713 625 750 651 rei
770 625 858 652 facere
871 625 961 658 iidem,

136 703 140 707 ‘
173 670 217 696 ubi
235 675 328 697 tamen
355 671 473 698 duorum
501 677 606 698 tantum
632 672 791 704 meminero,
818 680 874 698 rem
894 673 963 699 satis

173 717 344 744 confecero:
382 725 542 752 quanquam
562 723 588 745 et
608 718 653 745 illa
684 719 779 745 multis
810 718 843 745 de
870 719 963 746 causis

174 770 233 790 sum
248 764 411 794 compendio
426 765 549 791 dicturus
572 773 580 796 ',
606 772 668 791 eum
686 771 736 791 nec
765 765 868 800 alioqui
895 765 962 792 mihi

174 815 266 835 sermo
279 808 316 834 sit
333 809 366 835 ad
382 816 430 836 eos
447 808 494 844 qui
510 810 645 837 nesciant.

210 853 343 889 Vigebant
362 855 444 887 mala,
465 855 606 890 tristisque
621 856 700 883 nobis
721 856 829 884 fortuna
846 857 878 884 ad
893 864 966 884 sum-

175 908 249 927 mum
276 906 450 935 provexerat.
475 901 545 929 Jam‘
567 902 701 936 siquidem
725 907 804 936 capta
832 903 898 929 urbe
915 903 966 938 (l),

175 955 224 974 arx
241 947 278 975 ita
289 948 332 974 vix
349 955 403 974 non
414 948 581 982 provocabat
591 955 717 982 capturos
725 948 827 980 hostes,
844 956 905 975 cum
915 949 968 975 mi-

177 995 218 1022 les
228 994 352 1021 Persicus
363 994 448 1020 muris
465 994 589 1021 haereret.
602 994 713 1020 lntcrim
728 1001 793 1029 ergo
806 1001 835 1024 se
854 994 909 1021 dux
925 1002 969 1021 sa-

177 1046 318 1068 cramento
334 1040 492 1075 obstringit,
520 1040 695 1074 obstringunt
709 1047 818 1075 quoque
839 1042 968 1076 priecipui

176 1087 297 1123 praefecti
315 1088 482 1122 tribunique,
502 1087 667 1114 incolumem
687 1087 851 1115 remissuros
869 1088 893 1114 in
903 1095 969 1122 pro-

176 1133 309 1161 vinciam.
326 1133 391 1160 Erat
406 1133 463 1160 haac
481 1133 584 1169 civitas‘
606 1131 772 1160 Macedonia
799 1133 969 1167 metropolis,

177 1186 210 1206 ac
236 1179 408 1206 urbesalite:
443 1185 561 1213 cumque
583 1178 650 1205 adeo
669 1179 837 1212 parentibus,
873 1186 971 1214 meque

178 1225 249 1260 ipso,
262 1233 294 1253 ae
309 1232 428 1260 quorum
443 1225 477 1252 de
492 1232 525 1252 eo
537 1224 688 1252 deliberare
708 1225 849 1257 intererat,
876 1232 971 1252 assen—

179 1271 322 1302 tientibus,
336 1277 380 1298 res
395 1270 422 1297 in
437 1275 563 1304 promptu
576 1274 657 1299 esset.
681 1269 765 1304 coepit
797 1271 969 1304 postmodum

179 1320 284 1351 patrem
296 1316 449 1350 paenitere:
479 1316 517 1342 fui
534 1323 598 1342 vero
624 1316 683 1350 ipse
700 1315 726 1343 in
746 1323 839 1347 causa,
865 1316 972 1343 tametsi

181 1361 288 1389 nolens.
305 1359 352 1387 Sic
363 1367 446 1395 porro
456 1367 501 1387 res
516 1360 622 1387 habuit.

218 1449 258 1476 Me
270 1454 351 1484 caput
363 1455 395 1475 ac
409 1447 492 1483 pedes
505 1447 678 1475 vulneratum
706 1448 733 1476 in
759 1455 808 1476 sua
829 1448 873 1475 ille
892 1455 973 1476 exce-

181 1499 259 1530 perat
271 1502 371 1530 genua.
387 1492 513 1520 Manebat
527 1500 591 1520 vero
615 1493 753 1524 immotus.
774 1501 808 1520 ne
827 1494 971 1521 minimum

182 1540 293 1574 quidem
312 1546 409 1573 corpus
428 1540 535 1573 agitans
547 1558 554 1570 ,
569 1545 618 1572 pro
643 1538 785 1566 affectione
802 1539 830 1566 in
854 1545 897 1567 me
912 1546 973 1566 sua.

182 1584 369 1613 Sciebatenim
378 1583 532 1619 augendum
543 1584 608 1611 Inibi
617 1584 738 1611 dolorem
751 1588 782 1611 ut
791 1591 819 1611 se
837 1584 895 1618 ipse
914 1591 975 1611 mo-

183 1636 268 1659 veret.
283 1631 352 1658 Cum
367 1631 406 1658 sic
418 1637 484 1666 ergo
504 1630 537 1657 ab
553 1637 646 1657 amore
658 1628 810 1657 indivnlsus
821 1635 906 1662 esset,
918 1637 978 1656 ma-

182 1679 267 1707 nebat
283 1686 358 1706 meas
371 1678 506 1712 lacrymas
518 1684 628 1705 curans.
641 1675 718 1704 Haud
733 1678 807 1703 enim
819 1676 899 1704 facile
908 1677 978 1704 fere-

183 1725 230 1751 bat
246 1731 261 1750 a
271 1731 314 1750 tne
327 1722 462 1757 separari,
472 1722 518 1757 qui
533 1729 593 1749 esse
605 1723 639 1748 ab
655 1729 688 1748 eo
702 1726 857 1756 separatum
876 1721 977 1749 feratn.

183 1769 244 1798 Jam
264 1769 394 1797 enimille
408 1776 470 1796 cum
484 1768 600 1795 mortuis
610 1768 736 1795 conditus
750 1771 804 1799 est,
815 1775 920 1802 nosque
931 1767 979 1794 ad-

185 1818 239 1844 huc
260 1821 412 1849 exstamus,
428 1823 459 1843 ac
478 1815 646 1843 sustinemus
659 1814 786 1842 sensilem
800 1815 872 1842 hunc
891 1814 978 1842 solem

185 1862 320 1898 aspicere,
337 1867 481 1897 postquam
506 1861 547 1888 sol
573 1861 620 1888 ille
644 1868 724 1888 meus
754 1860 865 1892 occidit,
895 1868 976 1895 quem

187 1916 270 1943 supra
292 1908 466 1942 splendentes
479 1906 561 1934 hosce
576 1906 668 1934 radios
689 1907 804 1940 charum
832 1907 978 1934 habebam.

187 1954 298 1981 Interim
315 1960 380 1986 ergo
396 1951 461 1978 dum
479 1959 570 1979 moras
586 1952 680 1985 trahit,
712 1952 745 1979 ad
762 1960 806 1979 me
835 1952 911 1979 venit
931 1953 978 1987 qui

189 1999 308 2031 nuntiet,
325 2002 354 2025 ut
375 2002 450 2032 pater
473 1997 617 2024 consilium
650 1998 772 2029 mutarit.
800 1998 862 2025 vitm
892 1999 978 2026 aleam

189 2045 304 2077 veritus,
321 2048 350 2070 ut
365 2043 485 2078 suspicio
499 2043 570 2071 foret
583 2043 678 2070 iniisse
690 2043 866 2070 Theodorum
886 2043 978 2078 fugam

189 2091 249 2126 ipso
276 2090 419 2126 probante.
439 2089 490 2116 Vix
521 2097 595 2117 ame
622 2090 756 2122 audierat,
789 2098 850 2116 cum
876 2091 980 2118 'nullius

189 2145 283 2171 suasu,
298 2142 379 2164 autve
390 2140 560 2171 exspectans,
576 2136 623 2170 qui
649 2135 851 2169 adhortaretur,
878 2138 981 2172 quique

1012 219 1069 237 τειν
1084 211 1184 238 έοέλων
1195 219 1201 226 ·
1225 211 1306 237 τοῦτο
1330 211 1391 244 μὲν,
1409 211 1439 237 τὸ
1457 209 1528 237 εἶναι
1542 211 1612 246 ἔχων
1637 212 1713 246 παρὰ
1730 212 1779 238 σοῦ
1792 219 1800 227 ’

1011 257 1091 284 τοῦτο
1102 257 1140 290 δὲ,
1156 257 1187 284 τὸ
1209 257 1313 292 σφόδρα
1336 257 1474 291 φιλεῖσθαι
1484 266 1492 274 ·
1507 257 1587 283 τοῦτο
1601 258 1639 290 δὲ,
1652 259 1682 284 τὸ
1697 266 1803 284 πεπαι-

1012 301 1136 334 δεῦσοαι,
1151 303 1199 329 καὶ
1221 302 1350 336 μεγάλων
1374 302 1484 336 ἀγαθῶν
1505 302 1733 335 ἀπολελαυκέναι,
1751 305 1802 330 καὶ

1012 348 1160 384 ἠλπικέναι
1175 348 1312 384 λήψεσθαι
1325 349 1422 384 μείζω.
1435 347 1498 383 Εἶχε
1517 349 1567 384 μὲν
1581 348 1666 381 οὕτως
1682 350 1757 384 αὺτῷ
1766 351 1802 377 τὰ

1012 394 1082 430 πρὸς
1103 395 1149 420 τὸν
1180 395 1306 429 πατέρα·
1324 391 1381 428 εἶχε
1397 395 1426 422 δὲ
1439 394 1472 420 αὖ
1487 396 1588 429 ὁμοίως
1604 395 1651 421 καὶ
1674 397 1709 422 τὰ
1730 397 1802 431 πρὸς

1011 439 1061 474 τὴν
1082 440 1198 475 μητέρα.
1217 440 1265 466 Ὣν
1290 440 1345 475 γὰρ
1371 440 1440 474 πρὸς
1463 441 1571 472 πάντας
1600 441 1723 476 μέτριος,
1751 442 1801 468 καὶ

1014 485 1142 520 μηδαμοῦ
1159 485 1279 520 δύσερις,
1297 485 1370 511 κατὰ
1389 485 1420 511 τὸ
1434 485 1522 520 φιλεῐν
1536 487 1584 512 καὶ
1604 484 1635 512 εὖ
1649 487 1737 513 ποιεῖν
1753 489 1803 514 καὶ

1013 532 1180 564 ἀποδιδόναι,
1195 532 1306 567 κρατεῖν
1317 532 1445 558 ἁπάντων
1460 532 1623 566 ἐφιλονείκει
1633 540 1640 548 ·
1654 534 1701 558 καὶ
1713 534 1802 569 ῥᾷστα

1013 576 1046 603 ἂν
1060 577 1149 611 ἀφῆκε
1168 577 1214 602 καὶ
1236 575 1267 602 τὸ
1282 577 1343 610 ζῇν,
1358 575 1433 607 ὅπως
1449 575 1479 601 τὸ
1499 575 1612 610 φίλτρον
1627 575 1700 608 ὅσον,
1715 576 1803 602 ἐνδεί-

1014 621 1105 656 ξηται.
1125 621 1235 648 Πολλῶν
1248 622 1276 648 δὲ
1292 621 1378 648 ὄντων
1395 621 1535 656 μεγάλων,
1551 621 1586 647 δι’
1601 619 1638 648 ὦν
1655 622 1688 649 ἄν
1707 621 1801 657 ἔχοιμι

1010 668 1130 702 τάληθὲς
1150 667 1260 703 δηλοῦν,
1276 668 1350 694 δυοῖν
1370 676 1402 702 γε
1431 668 1512 702 μόνον
1538 667 1679 703 μνησθεὶς,
1698 669 1801 696 αὐτίκα

1013 715 1044 742 τὸ
1070 715 1124 741 πᾶν
1155 714 1342 748 ἐπιδείξομαι·
1375 713 1464 740 καίτοι
1501 713 1656 741 καὶταῦτα
1681 714 1803 741 συνελὼν

1014 760 1070 795 ὲρῶ
1089 759 1196 786 πολλῶν
1218 759 1320 786 ἕνεκα·
1344 760 1405 786 ἐπεὶ
1427 760 1474 786 καὶ
1508 759 1597 792 ἄλλως
1622 767 1653 794 γε
1678 760 1709 786 οὐ
1734 761 1804 795 πρὶς

1015 807 1182 842 ἀγνοοῦντας
1193 806 1262 841 ἡμῖν
1275 806 1289 832 ό
1303 806 1392 839 λόγος.

1053 851 1107 880 Ἦν
1121 853 1149 879 ὲν
1166 853 1242 887 ἀκμῇ
1257 852 1291 878 τὰ
1305 853 1391 882 κακὰ,
1406 851 1453 878 καὶ
1468 852 1502 878 τὰ
1516 852 1566 886 τῆς
1580 852 1726 887 δυστυχίας
1737 853 1810 887 ἡμῖν

1018 901 1045 931 ὲς
1061 899 1146 932 ἄκρον
1160 898 1322 934 ἑληλακότα.
1339 898 1395 925 Καὶ
1409 899 1500 924 τοίνυν
1512 898 1559 924 τοῦ
1575 899 1625 933 μὲν
1640 899 1736 930 ἄστεος
1751 899 1803 934 ἤδη

1017 937 1240 979 κατειλημμένου
1253 964 1261 977 ,
1280 944 1330 978 τῆς
1343 944 1372 970 δὲ
1391 944 1566 978 ἀκροπόλεως
1583 946 1726 979 μονονουχὶ
1736 953 1804 979 προ-

1018 953 1240 979 κατειλημμενου
1253 964 1261 977 ,
1280 953 1330 978 της
1343 953 1372 970 οε
1391 953 1566 978 ακροποΛεως
1583 953 1696 978 μονονου
1719 953 1804 979 ιπρο-

1018 991 1190 1026 καλουμένης
1206 991 1271 1022 τοὺς
1298 989 1481 1025 ληψομένους,
1514 990 1562 1024 τῆς
1591 953 1722 1025 στρατιὲ
1753 991 1804 1025 τῆς

1020 1039 1158 1074 Περσικῆς
1179 1038 1413 1073 προσπελασάσης
1438 1037 1477 1072 τῷ
1492 1038 1589 1072 τείχει,
1603 1037 1736 1072 ὀμνύντος
1756 1039 1806 1072 μὲν

1020 1085 1067 1112 τοῦ
1088 1085 1255 1121 στρατηγοῦ,
1271 1085 1412 1120 ὀμνύντων
1423 1083 1450 1111 δὲ
1463 1084 1516 1110 τῶν
1535 1084 1679 1120 ἐκκρίτων,
1700 1085 1806 1111 ἐκεῖνον

1021 1132 1076 1158 σῶν
1104 1132 1144 1162 εις
1159 1131 1209 1165 τὴν
1226 1129 1312 1157 αὑτοῦ
1336 1130 1535 1165 παραπέμψειν
1559 1131 1665 1165 ἀρχήν·
1691 1128 1725 1165 ἦν
1739 1130 1768 1156 δὲ
1787 1131 1805 1165 ἡ

1023 1177 1191 1213 μητρόπολις
1204 1177 1374 1208 Μακεδονίας
1391 1177 1440 1204 καὶ
1455 1177 1548 1208 πόλεις
1570 1177 1649 1203 ἄλλαι
1659 1184 1667 1192 ·
1681 1177 1695 1203 ὃ
1708 1185 1737 1203 τε
1751 1184 1806 1203 πα-

1021 1226 1083 1259 τὴρ,
1097 1225 1115 1258 ἧ
1129 1232 1160 1250 τε
1183 1219 1276 1259 μήτηρ
1290 1224 1378 1257 κάγὼ.
1395 1224 1444 1251 καὶ
1461 1221 1502 1255 οἷς
1517 1223 1636 1258 ἐμέλησε
1656 1223 1721 1258 περὶ
1731 1223 1805 1249 ὲκεί-

1022 1279 1068 1298 νου
1097 1270 1305 1305 βουλεύσασθαι,
1324 1269 1512 1301 συναινοῡντες
1534 1267 1606 1304 ἦμεν
1633 1270 1667 1304 τῇ
1695 1269 1806 1304 πράξει,

1022 1317 1099 1347 ὄντος
1110 1315 1138 1342 δὲ
1154 1315 1183 1341 ὲν
1197 1315 1289 1350 χεροῖν
1303 1315 1351 1341 τοῦ
1369 1314 1462 1349 ἔργου,
1478 1314 1574 1340 ἔπειτα
1589 1314 1742 1348 μετάμελος
1753 1312 1806 1349 ἧκε

1023 1360 1062 1395 τῷ
1076 1361 1176 1396 πατρί·
1201 1359 1235 1395 ἢν
1252 1359 1282 1386 δὲ
1296 1359 1383 1391 αἴτιος
1404 1359 1470 1393 ἐγὼ,
1491 1359 1625 1394 μηδαμῶς
1643 1358 1808 1394 βουλόμενος

1023 1403 1107 1433 εἶναι.
1122 1405 1225 1440 Συνέϐη
1239 1406 1267 1432 δὲ
1279 1405 1339 1432 ὡδί.
1710 1431 1712 1433 .

1060 1452 1239 1487 Τετρωμένον
1259 1460 1292 1487 με
1314 1451 1363 1480 τὴν
1379 1450 1502 1486 κεφαλὴν
1516 1450 1564 1478 καὶ
1584 1449 1624 1477 τὼ
1641 1450 1718 1483 πόδε,
1734 1447 1809 1485 εἶχεν

1024 1497 1207 1533 ἀνακείμενον
1224 1498 1271 1524 ἐπὶ
1285 1497 1340 1524 τῶν
1360 1498 1493 1531 γονάτων.
1512 1497 1567 1523 Καὶ
1578 1496 1715 1532 διέμεινεν
1729 1497 1810 1530 ἀτρέ-

1028 1553 1092 1580 μας,
1109 1544 1243 1580 μηδαμῶς
1259 1544 1290 1571 τδ
1306 1544 1387 1579 σῶμα
1401 1544 1486 1571 κινῶν
1512 1543 1595 1578 οἴκτῳ
1607 1543 1647 1578 τῷ
1661 1543 1730 1578 πρὸς
1747 1543 1810 1578 ἐμέ.

1028 1591 1121 1625 Ἔγνω
1137 1591 1192 1626 γὰρ
1208 1591 1246 1621 ὡς
1258 1590 1391 1626 κινηθεὶς,
1400 1590 1496 1625 ὀδύνην
1508 1589 1673 1624 προξενήσει
1686 1597 1737 1624 μου
1750 1589 1810 1619 ταῖς

1027 1638 1159 1673 πληγαῖς.
1171 1637 1219 1664 Ὧν
1235 1637 1264 1664 δὲ
1277 1637 1505 1667 δυσαπόσπαστος
1519 1636 1564 1663 διὰ
1583 1636 1613 1662 τδ
1627 1635 1727 1670 φιλεῖν,
1746 1635 1813 1669 ἐμε-

1027 1691 1073 1710 νεν
1103 1683 1300 1718 ἐπιμελόμενος
1328 1691 1379 1718 μου
1404 1681 1544 1716 δακρύων.
1575 1682 1614 1708 Οὐ
1638 1682 1692 1716 γὰρ
1713 1681 1813 1716 ῥᾳδίως

1028 1730 1110 1765 ἔφερε
1122 1730 1167 1756 τὴν
1182 1730 1249 1764 ὲμὺν
1260 1729 1412 1764 χωρισμὸν,
1423 1728 1470 1755 τοῦ
1486 1730 1533 1755 τδν
1547 1727 1654 1755 ἐκείνου
1669 1728 1811 1762 φέροντος.

1029 1777 1085 1803 Καὶ
1103 1780 1158 1812 γὰρ
1172 1777 1278 1808 ἐκεῖνος
1306 1776 1377 1811 μετὰ
1390 1777 1444 1802 τῶν
1459 1775 1565 1810 νεκρῶν
1576 1775 1626 1810 ήδη
1644 1775 1812 1810 κέκρυπταμ

1029 1821 1110 1855 ἡμεῖς
1131 1820 1154 1846 δ’
1174 1821 1203 1846 ὲν
1225 1821 1309 1852 ζῶσιν
1326 1820 1365 1846 ἔτι
1381 1820 1546 1855 φαινόμεθα,
1571 1820 1619 1846 καὶ
1641 1820 1748 1846 τουτονὶ
1766 1819 1812 1846 τὸν

1029 1867 1106 1902 ἥλιον
1120 1867 1186 1902 όρᾷν
1199 1867 1364 1901 ἀνεχόμεθα,
1377 1867 1482 1893 ἐκείνου
1498 1866 1593 1898 δύντος
1616 1866 1669 1892 ὑπὸ
1685 1866 1734 1901 τὴν
1749 1866 1812 1901 γῆν,

1029 1913 1059 1944 ὃς
1081 1911 1116 1949 ἦν
1140 1913 1222 1948 ἡδίων
1239 1913 1303 1947 ἐμοὶ
1321 1913 1439 1946 ταυτησὶ
1458 1913 1507 1946 τῆς
1539 1912 1671 1946 λαμπρᾶς
1693 1912 1815 1942 ἀκτῖνος.

1037 1958 1082 1985 Ἐν
1095 1957 1127 1993 δὴ
1143 1957 1183 1992 τῷ
1203 1956 1312 1992 μέλλειν
1329 1957 1444 1989 ἐκεῖνον,
1460 1953 1512 1992 ἧκέ
1530 1965 1571 1988 τις
1587 1956 1728 1991 ἀγγέλλων
1744 1956 1814 1989 πρὸς

1031 2005 1092 2039 ἐμὲ,
1104 2004 1141 2035 ὼς
1157 2005 1171 2030 ὀ
1188 2004 1278 2040 πατὴρ
1294 2004 1483 2038 μεταμέλοιτο,
1497 2003 1591 2034 δεδιὼς
1609 2003 1673 2037 περὶ
1688 2002 1734 2029 τοῦ
1752 2002 1813 2037 ζῇν,

1031 2051 1064 2076 ἂν
1090 2051 1103 2076 ό
1124 2049 1246 2083 δρασμὸς
1274 2049 1432 2083 ὑποπτευθῇ
1458 2048 1624 2083 γεγενῆσθαι
1653 2050 1685 2083 τῇ
1710 2048 1814 2074 ἐκείνου

1031 2096 1139 2132 γνώμῃ.
1152 2096 1206 2123 Καὶ
1217 2095 1246 2127 ὃς
1262 2096 1357 2130 μαθὼν
1370 2096 1416 2122 ὑπ’
1435 2095 1513 2130 ἐμοῦ.
1530 2096 1599 2130 μήτε
1613 2095 1660 2120 τοῦ
1675 2095 1816 2125 πείσοντος

1032 2141 1152 2176 δεηθεὶς,
1175 2142 1245 2176 μήτε
1265 2141 1328 2171 τοὺς
1358 2140 1603 2173 παρακαλέσοντας
1619 2141 1780 2175 ἀναμείνας.
1798 2140 1815 2174 ἢ

190 2187 299 2219 rogaret
311 2190 344 2210 ne
354 2182 499 2210 stationem
517 2182 654 2210 desereret
670 2183 698 2210 in
724 2190 862 2211 summum
892 2184 972 2210 addu-

1033 2188 1095 2218 τοὺς
1114 2186 1279 2218 ἀξιώσοντας
1299 2185 1370 2221 ὑπὲρ
1383 2187 1432 2221 τῆς
1447 2187 1530 2220 μονῆς
1541 2186 1591 2221 τῆς
1605 2187 1646 2217 είς
1662 2187 1715 2212 πᾶν
1729 2186 1816 2212 δεινὸν

190 2234 297 2257 centem
313 2229 472 2262 discrimen,
491 2236 547 2257 suae
564 2229 651 2264 ipsius
664 2229 746 2257 saluti
761 2237 793 2256 ac
808 2229 880 2262 vita,
891 2234 980 2264 pater-

190 2283 252 2304 nam
265 2276 408 2310 anteponit
440 2276 619 2308 voluntatem,
637 2283 672 2303 ne
696 2283 785 2303 meum
810 2276 918 2310 quidem
947 2283 979 2304 ea

189 2326 267 2357 parte
284 2322 429 2350 consilium
466 2322 620 2358 requirens,
644 2329 677 2350 ac
699 2329 749 2350 nec
770 2322 877 2353 matris.
905 2323 979 2357 quod

190 2369 283 2403 probis
296 2368 359 2396 ﬁliis
376 2368 465 2403 majus
484 2368 612 2395 omnibus
627 2372 679 2396 est.
700 2367 819 2395 Sedebat
837 2376 902 2404 ergo
920 2369 980 2397 lixis

191 2416 218 2442 in
237 2419 336 2442 terram
353 2415 516 2448 luminibus,
539 2414 684 2450 dirumque
698 2415 843 2449 quemdam
871 2417 982 2442 carnifi-

191 2469 250 2490 cem
268 2461 360 2488 animo
375 2461 511 2495 versabat,
525 2468 588 2488 cum
607 2468 656 2496 per
670 2468 732 2487 eum
759 2465 855 2494 staret,
872 2462 980 2496 quomi—

232 2552 272 2586 (l)
284 2551 370 2585 Capta
380 2552 456 2581 urbe.
471 2551 513 2578 Ab
527 2551 686 2579 Andronico
698 2551 801 2586 maiore
823 2556 888 2578 natu
905 2551 976 2578 tiliu-

192 2595 254 2616 rum
267 2587 332 2614 Caio
346 2586 471 2619 Joannis,
487 2594 519 2614 ac
529 2586 662 2614 Manuelis
683 2587 779 2618 fratre,
796 2588 892 2613 atnbos
905 2587 978 2613 obsi-

195 2625 293 2654 dente.
312 2623 457 2656 impetrato
474 2629 489 2649 a
506 2622 631 2656 Bujazete
657 2622 754 2654 milite,
771 2625 915 2656 postquam
945 2622 979 2648 ah

194 2659 287 2685 infuso
299 2658 385 2685 oculis
400 2663 477 2685 aceto
497 2659 582 2692 patris
603 2658 681 2691 jussu
698 2659 732 2684 ob
748 2657 980 2691 coniuratimiem

195 2694 222 2720 in
238 2693 326 2726 ipsum
346 2693 471 2720 nonnihil
490 2692 676 2720 convaluisset
692 2701 698 2719 :
723 2699 805 2726 quam
836 2692 980 2718 historiam

195 2733 287 2754 narrat
303 2727 413 2755 Laonic.
425 2729 471 2756 lib.
488 2735 505 2754 ll
519 2736 526 2760 ;
540 2735 572 2755 ex
586 2735 641 2762 quo
650 2727 775 2754 videatur
791 2727 846 2753 dux
859 2726 911 2753 iste
936 2727 982 2760 qui

196 2762 369 2789 Theodorum
390 2764 466 2790 abire
489 2763 676 2797 permittebat,
695 2763 783 2789 fuisse
800 2762 858 2795 ipse
872 2762 985 2788 Andro-

197 2798 286 2829 nicus,
302 2798 352 2833 qui
363 2799 413 2825 soli
426 2798 508 2832 patri,
519 2798 555 2825 ob
569 2802 708 2833 acceptam
725 2798 865 2831 iniuriam,
883 2805 915 2823 ac
928 2797 984 2822 Ma-

197 2832 271 2860 nucli
296 2832 440 2868 designato
467 2832 642 2868 imperatori,
665 2832 790 2860 infensus
814 2838 896 2860 esset.
921 2832 986 2858 Erat

1031 2232 1203 2266 ἀπαγοὺσης,
1219 2233 1249 2258 τὸ
1259 2232 1307 2259 τοῦ
1320 2233 1423 2267 πατρὸς
1438 2232 1564 2267 βούλημα
1589 2232 1639 2267 τῆς
1657 2232 1725 2263 ἰδίας
1745 2232 1818 2265 ζωῆς

1034 2277 1185 2313 προῦθηκε,
1200 2278 1268 2312 μήτε
1281 2278 1329 2312 τὴν
1343 2278 1413 2314 ἐμὴν
1426 2278 1524 2313 βουλὴν
1538 2279 1577 2310 είς
1590 2278 1669 2304 τοῦτο
1685 2277 1818 2312 ζητήσας,

1035 2326 1105 2358 μήτε
1121 2324 1174 2358 μὴν
1190 2326 1239 2357 τὴν
1257 2324 1307 2357 τῆς
1325 2324 1438 2358 μητρὸς,
1456 2324 1565 2350 πάντων
1581 2325 1664 2349 οὖσαν
1679 2323 1821 2358 ἰσχυροτέ-

1036 2379 1084 2405 ραν
1107 2370 1194 2395 υίέσιν
1220 2369 1237 2396 ἃ
1261 2369 1301 2396 δεῖ
1325 2370 1503 2405 πράττουσιν.
1529 2369 1663 2403 Ἐκάοητο
1692 2368 1723 2402 δὴ
1751 2369 1821 2394 κατὰ

1035 2415 1128 2452 χθονὸς
1143 2415 1255 2450 δμματα
1270 2415 1369 2450 πήξας,
1387 2416 1435 2442 καί
1446 2424 1507 2442 τινα
1521 2415 1708 2450 ἀπάνθρωπον
1720 2415 1820 2449 δήμιον

1037 2462 1241 2497 φανταζόμενος
1253 2469 1260 2477 ⁸
1280 2462 1328 2488 καὶ
1343 2461 1417 2488 τοῦτ’
1442 2462 1541 2494 ὲποίει,
1558 2461 1654 2496 κύριος
1670 2461 1707 2488 ῶν
1729 2461 1821 2496 πάσης

1031 2553 1114 2580 etiam
1133 2552 1295 2581 Theodorus
1310 2559 1439 2588 acceptus
1451 2554 1563 2585 Turcls,
1582 2554 1632 2580 sub
1649 2553 1749 2588 quibus
1766 2552 1822 2586 iam

1031 2588 1190 2617 meruisset.
1211 2587 1443 2622 postmodunique
1461 2592 1573 2615 creatus
1587 2590 1642 2615 dux
1660 2596 1674 2613 ιι
1698 2587 1824 2620 Bajazele

1033 2623 1212 2653 expeditione
1236 2626 1262 2650 in
1288 2623 1473 2651 Thessaliam.
1493 2623 1559 2649 Vide
1582 2625 1706 2649 eum-lem
1725 2622 1826 2650 Laoni-

1033 2666 1094 2685 Cum
1111 2666 1242 2685 :necnon
1261 2658 1519 2693 Frantz.,quiipsis
1537 2657 1706 2693 temporibus
1724 2657 1826 2686 florens

1035 2693 1069 2719 ad
1085 2695 1172 2726 ipsam
1197 2701 1285 2728 usque
1308 2696 1383 2720 urbis
1398 2692 1643 2728 expugnationem,
1662 2692 1823 2728 Palaeologis

1035 2729 1217 2756 charissimus
1234 2727 1267 2756 at;
1287 2729 1456 2756 domesticus
1474 2727 1606 2759 ttulimus,
1624 2727 1750 2754 scintillat
1775 2727 1828 2754 im-

1037 2764 1118 2799 perii,
1134 2771 1215 2798 quam
1241 2765 1300 2799 ipse
1317 2765 1447 2798 appellat,
1474 2769 1618 2799 superstes
1637 2763 1700 2795 fuit,
1728 2769 1827 2797 resque

1038 2798 1258 2834 Palaeologorum
1273 2804 1438 2834 prosecutus
1454 2803 1508 2827 est.
