1938 3083
117 110 168 143 201

512 108 713 141 THEODORI
735 109 914 140 DESI‘OTJE

934 95 1133 140 L’tUDATto
1151 108 1359 140 FUNEBRIS.
1492 128 1499 135 .
1701 107 1754 141 202

117 166 282 201 δυσχερείας
295 166 502 202 ἀπαλλαγῆναι,
513 167 545 202 ἢν
555 168 568 194 ὁ
581 167 714 202 δυστυχὴς
724 167 827 198 ἐκεῖνος
846 175 905 194 και-

961 172 1012 192 uus
1029 165 1062 192 ab
1083 165 1157 191 muni
1176 165 1219 192 illa
1237 165 1372 197 molestia,
1387 172 1468 199 qualn
1488 165 1565 192 triste
1593 165 1659 193 illud
1686 170 1755 193 tem.

119 211 165 246 ρὸς
177 212 245 247 ἡμῖν
271 211 408 247 ἐπήνεγκε
425 212 609 248 πολλαχόθεν·
630 212 743 246 ἀγαθῶν
761 213 788 239 δὲ
815 212 907 244 τεύξε-

118 259 180 284 σθαι
194 258 242 284 καὶ
258 258 331 293 ἡμᾶς
348 258 546 294 ἐλευθερώσειν
562 259 690 291 ἐλπίζων,
707 259 733 286 εἴ
744 267 775 293 γε
793 259 845 292 ἔξω
860 260 908 292 γέ-

117 312 189 331 νοιτο
202 304 320 338 δεσμῶν.
346 304 375 331 ’0
388 304 411 332 δ’
427 305 514 332 εἵλετο
529 305 784 341 συγκαθειρχθῆναι
806 302 908 341 μᾶλλον

117 351 185 385 ἡμῖν
214 351 243 377 ὲν
261 349 369 386 εἱρκτῇ,
383 352 400 386 ἢ
418 346 450 387 δὴ
477 353 523 378 καὶ
541 352 603 378 καθ’
625 351 713 387 αὐτὴν
731 352 846 384 θάνατος
862 351 906 388 ἦν,

116 396 154 428 ὡς
169 397 268 429 εἰπεῖν,
287 397 392 424 καὶτὸν
408 397 462 424 ἀπὸ
479 398 526 425 τοῦ
541 397 636 433 ξίφους
669 398 906 434 προσαπειλοῦσσ.

118 442 201 468 Ὥστε
218 442 317 478 γνώμῃ
335 443 451 479 τέθνηκε
467 444 511 470 διὰ
522 446 572 479 τὴν
587 445 635 471 τοῦ
651 446 755 480 πατρὸς
770 445 906 480 ὑποψίαν·

117 489 186 522 πρὸς
202 489 234 524 ἣν
250 489 283 515 ἂν
298 487 354 524 εἷχε
375 490 460 526 μυρία
477 489 578 523 λέγειν,
597 491 625 516 εἴ
640 499 673 525 γε
688 491 816 518 ἐϐούλετο
831 501 869 518 πα
877 501 907 527 ρ-

117 534 266 561 αιτεῐσθαι.
290 535 366 561 Ἐπεὶ
382 536 430 562 καὶ
457 533 528 570 ἦσαν
554 537 579 562 al
599 537 730 564 τάναντία
743 538 782 571 τῷ
803 538 910 573 βασιλεῖ

117 580 253 614 λέγοντες,
269 579 310 613 οἷς
321 590 354 616 γε
368 582 417 609 καὶ
436 583 518 614 αὐτὸς
531 584 732 618 συνεστοὶχουν.
752 585 837 612 ’οντί
853 585 908 620 γὰρ

115 627 199 653 αὑτὸν
214 628 294 658 ἐκτὸς
308 627 335 654 τί
352 628 402 654 οὐκ
416 628 450 655 ἂν
470 628 540 665 ὑπὲρ
560 630 640 664 ἡμῶν
658 631 780 665 πρᾶξαις
797 631 908 664 Ἐξουσι

118 673 168 707 μὲν
181 674 210 700 αἱ
227 674 325 706 νύκτες
340 675 565 710 ὲναγρυπνοῦντα
592 677 652 708 ταῖς
668 677 789 711 βουλαῖς,
808 673 852 709 αἷς
875 678 908 705 ἂν

114 721 190 755 ἡμᾶς
206 721 331 755 ῥύσαιτο,
357 721 452 756 ὖροροι
469 722 511 755 δὲ,
531 722 726 758 ἐπιχειροῦντα
749 724 835 751 ἅπασι
852 726 908 756 τοῖς

115 766 209 799 δεξασι
225 766 348 801 νύκτωρ,
363 768 542 803 φροντίζοντα
558 769 608 802 μὲν
623 770 679 796 τῶν
691 770 819 802 δεόντων,
833 771 908 803 ὅπως

113 813 143 840 δὲ
151 813 228 844 τέλος
239 813 378 848 προσῆκον
390 814 467 849 σχοίη
475 814 509 841 τὰ
521 814 647 856 δόξαντα,
658 815 747 842 πάντα
757 816 888 843 ποιοῦντα
897 824 906 833 ⁸

114 858 342 894 ὑπισχνούμενον,
357 860 534 895 ἐγγυώμενον
550 861 621 896 ὑπὲρ
635 862 688 888 τᾶν
697 859 895 897 ὑπεσχημένων
905 872 912 878 ·

113 905 238 940 ὀμνύντα
257 905 353 933 τούτου
369 906 469 940 δεῆσαν
485 907 554 941 πρὸς
573 909 636 938 τοὺς
650 908 819 943 δυναμένους
832 908 904 940 ἀμύ-

111 959 190 978 νεινσ
220 952 304 988 μηδὲν
337 953 425 979 ἐῶντα
451 953 507 979 τῶν
535 954 726 981 συνοισόντων.
743 954 799 989 Τὴν
815 955 843 982 δὲ
871 955 903 990 δὴ

112 997 254 1032 βοήθειαν,
279 996 420 1033 ῆπροσῆν
440 998 474 1025 ἂν
502 998 612 1030 πάντως
635 999 713 1034 ἡμῖν,
733 1000 765 1026 ὲκ
791 999 839 1026 τοῦ
871 1000 905 1027 τὰ

109 1042 260 1069 δεινότατα
284 1042 422 1075 ἀπειλεῖν,
441 1042 467 1068 εἰ
482 1051 524 1074 τις
546 1043 579 1070 ἂν
600 1043 655 1069 τῶν
681 1044 905 1079 σωμάτωνίὴμῖν

109 1088 226 1123 ἅψαιτο,
241 1088 294 1114 ποῦ
309 1097 352 1119 τις
375 1087 410 1115 ἃν
427 1088 504 1123 Dein;
521 1089 605 1115 Οὐδὲν
626 1090 659 1116 ἃν
674 1087 709 1125 ἦν
724 1090 792 1126 αὐτῇ
815 1099 907 1126 παρα-

108 1134 233 1168 πλήσιον
256 1134 296 1165 είς
313 1133 410 1169 τὸιτὴν
433 1133 507 1169 ζωὴν
524 1134 591 1168 ἡμῖν
619 1136 777 1170 συντηρεῖν.
791 1133 828 1162 'll
853 1146 905 1163 που

108 1181 165 1215 τὴν
183 1179 266 1206 αὑτοῦ
285 1180 369 1214 φύσιν
389 1180 471 1214 ἀρκεῖ
494 1181 539 1206 καὶ
557 1179 637 1214 μόνον
650 1181 732 1207 τοῦτο
752 1182 842 1213 καλῶς
860 1182 906 1217 δη-

109 1226 201 1253 λῶσαι
214 1235 222 1259 ;
237 1223 269 1252 Et
283 1226 338 1261 γὰρ
352 1225 424 1260 ὑπὲρ
440 1225 561 1260 ὑποψίας
580 1223 685 1261 ταύτης
708 1227 845 1262 προῦλαϐε
859 1227 907 1255 καὶ

111 1271 203 1306 vdua.
218 1268 331 1305 πατρὸς,
348 1272 396 1297 καὶ
409 1271 439 1297 τὸ
455 1271 606 1298 κατάὑτὸν
618 1273 761 1307 ἐτεθνήκει
775 1281 783 1289 ⁸
798 1275 846 1300 καὶ
858 1275 906 1301 πό-

113 1326 180 1349 σους
195 1318 229 1344 ἂν
250 1317 385 1349 Θανάτους
400 1318 450 1353 οὐχ
464 1316 631 1354 ὑπήνεγκεν,
655 1318 727 1346 ὥστε
749 1321 907 1354 προφανοῦς
922 1327 928 1333 ’-

113 1363 198 1390 αὑτὸν
223 1361 348 1391 κινδύνου
367 1363 523 1399 ρύσασθαι;
541 1366 577 1391 Οὐ
597 1364 723 1400 ζηλωτὴς
743 1364 858 1399 Ίσαάκ;
875 1366 906 1393 οὐ

114 1409 164 1437 τοῦ
181 1410 309 1445 Σωτῆρος
321 1410 405 1437 αὑτοῦ
418 1418 426 1444 ;
450 1411 488 1437 Οὐ
503 1411 558 1446 γὰρ
572 1411 712 1446 τολμηρὸν
733 1413 822 1438 εἰπεῖν
834 1420 841 1428 ·
860 1412 907 1439 τύ-

115 1465 168 1487 πος
181 1456 237 1492 γὰρ
257 1457 325 1491 ἡμῖν
341 1457 446 1488 ἐκεῖνος
470 1457 520 1483 καὶ
535 1456 720 1492 ὑπογραμμὺς
744 1457 886 1492 πρόκειται
897 1477 905 1489 .

960 219 1011 245 pus
1040 211 1120 238 nobis
1147 211 1306 243 invexisset,
1335 211 1405 237 liber
1428 211 1568 244 evaderet,
1600 217 1754 246 possetque

960 258 1031 285 bona
1045 257 1187 292 consequi,
1205 265 1238 284 ac
1255 264 1317 292 spes
1332 261 1417 290 esset,
1432 264 1483 284 nos
1497 257 1623 292 deinceps
1653 258 1754 285 libera-

959 309 1061 335 turum,
1076 309 1104 330 ut
1130 304 1165 331 ab
1184 304 1239 331 illis
1272 304 1330 338 ipse
1358 303 1475 330 vinculis
1504 303 1572 330 liber
1609 304 1752 332 evasisset.

958 350 1053 377 Maluit
1063 350 1241 378 nihilominus
1255 350 1350 377 eodem
1365 350 1510 378 nobiseum
1526 350 1613 377 teneri
1631 357 1753 383 carcere,

958 397 1004 432 qui
1017 398 1074 432 ipse
1091 404 1140 432 per
1153 405 1182 424 se
1205 404 1278 424 mors
1295 397 1449 429 videbatur,
1473 404 1504 424 ac
1521 397 1630 424 abunde
1657 397 1755 424 mortis

958 444 1049 478 gladio
1081 444 1287 471 consciscenda:
1327 448 1429 471 metum
1469 444 1617 478 ingereret.
1654 443 1756 476 Quam—

959 490 1052 517 obrem
1084 495 1114 517 nt
1137 496 1245 525 spectes
1261 490 1345 517 animi
1358 490 1539 525 propositum,
1554 495 1669 517 mortetn
1685 489 1757 517 obiit

960 537 995 563 ob
1011 535 1110 563 nudam
1129 537 1216 582 patris
1233 536 1430 571 suspicionem,
1445 536 1489 563 cui
1514 536 1658 563 innumera
1672 544 1757 571 oppo-

958 590 1024 610 nere
1038 583 1149 614 licebat,
1168 588 1197 610 ut
1210 583 1320 617 quidem
1334 583 1466 610 voluisset
1500 583 1648 617 imperium
1664 583 1754 610 detre-

959 633 1045 656 ctare.
1070 629 1139 656 Nam
1164 636 1252 664 neque
1274 629 1388 657 deerant
1413 630 1459 664 qui
1493 629 1653 663 imperatori
1674 636 1756 655 secus

960 675 1146 707 consulerent,
1166 675 1322 709 inquortun
1342 675 1400 709 ipse
1435 679 1526 709 partes
1556 673 1753 701 concedebant.

958 719 1028 752 Quid
1045 720 1117 747 euitn
1134 720 1179 747 ille
1211 728 1271 746 mox
1289 720 1398 754 elapsus
1426 728 1479 748 non
1493 727 1542 754 pro
1555 720 1634 747 nobis
1647 719 1757 747 molitu-

958 771 1007 792 rus
1021 769 1091 792 esset
1103 765 1115 791 ?
1127 765 1210 791 Erant
1238 771 1331 792 noctes
1357 766 1493 793 habitune
1513 766 1667 792 insomnem
1680 765 1707 792 in
1723 772 1754 792 ea

958 810 1076 838 consilia
1096 810 1204 846 vigilem
1215 812 1315 846 quibus
1331 819 1381 839 nos
1402 812 1518 840 liberare
1541 816 1649 846 posset;
1682 811 1755 838 dilu-

931 862 953 890 Β
968 857 1028 884 cula
1039 865 1112 888 vero.
1147 859 1238 885 omnia
1263 860 1477 894 aggredientem,
1509 866 1570 892 quae
1593 866 1640 893 per
1666 859 1756 885 noctis

956 902 1062 930 silentia
1083 911 1098 931 e
1114 911 1144 930 re
1159 904 1217 931 visa
1232 909 1326 931 essent
1344 913 1351 931 :
1366 912 1397 932 ea
1427 909 1571 932 curantem
1585 912 1646 939 qua:
1665 911 1755 939 opere

956 950 1358 985 pretiutnputasset,nihilque
1386 958 1439 977 non
1471 956 1599 987 agentem
1632 955 1662 978 ut
1689 957 1755 978 com

955 1002 1054 1029 gruum
1070 994 1114 1022 illa
1134 995 1213 1022 tinent
1241 996 1398 1030 acciperent
1414 1005 1421 1029 ;
1435 997 1639 1031 promittentem
1660 1017 1668 1030 ,
1691 1004 1755 1032 pro~

956 1040 1049 1068 missis
1066 1041 1213 1075 sponsione
1224 1047 1364 1069 caventem
1379 1051 1386 1076 ;
1404 1050 1465 1070 sese
1494 1047 1681 1076 sacramento,
1691 1051 1753 1071 cum

958 1094 1002 1114 res
1015 1086 1108 1120 ferret,
1126 1087 1159 1115 ad
1174 1095 1221 1115 eos
1247 1089 1294 1123 qtti
1317 1094 1430 1124 possent
1445 1090 1552 1122 ulcisci,
1581 1090 1755 1124 obstringen-

957 1134 1115 1166 tcm;nihil
1134 1134 1252 1169 denique
1261 1140 1446 1170 opportuttum
1474 1137 1595 1172 negotio,
1623 1137 1754 1164 omitten-

958 1183 1023 1206 tctn.
1039 1178 1066 1205 ld
1085 1186 1150 1206 vero
1167 1180 1260 1207 auxilii
1284 1181 1356 1214 quod
1379 1181 1553 1216 suppetebat,
1584 1181 1754 1215 grsviSsitnis

959 1224 1101 1252 intentatis
1120 1226 1213 1257 minis,
1230 1231 1259 1253 ut
1270 1227 1333 1261 quis
1347 1227 1518 1262 corporalem
1549 1227 1629 1255 nobis
1662 1227 1752 1254 hesio-

958 1278 1020 1298 nem
1048 1271 1170 1310 inﬂigere
1199 1274 1323 1307 auderet,
1350 1281 1406 1309 quo
1437 1274 1498 1302 loco
1527 1274 1654 1309 ponam?
1681 1273 1754 1301 Nihil

957 1323 1025 1344 sane
1041 1317 1110 1344 adeo
1126 1318 1205 1346 nobis
1230 1327 1351 1353 praesens
1365 1321 1398 1346 ad
1412 1320 1473 1347 vita:
1499 1320 1656 1355 praesidium
1683 1325 1753 1346 erat.

958 1360 1028 1388 Num
1040 1369 1105 1389 vero
1121 1371 1205 1398 unum
1218 1364 1268 1391 hoc
1283 1372 1315 1392 ac
1329 1365 1469 1400 singulare
1481 1365 1606 1400 prmelari
1621 1366 1681 1393 loco
1690 1366 1755 1393 cha-
1777 1401 1781 1404 ν

958 1409 1083 1441 racteris,
1095 1410 1176 1437 vitam
1189 1411 1249 1444 ejus
1265 1416 1398 1446 quantum
1417 1420 1484 1447 opus
1501 1417 1554 1444 est,
1586 1413 1655 1440 satis
1688 1413 1755 1440 insi—

959 1455 1055 1492 gniat?
1070 1455 1210 1491 Siquidem
1228 1457 1301 1484 enim
1311 1458 1346 1485 ob
1371 1458 1456 1485 levem
1468 1466 1527 1486 eam
1555 1459 1753 1495 suspicionem,

114 1503 165 1529 καὶ
177 1502 220 1538 εἴη
236 1503 268 1530 ἄν
285 1508 344 1534 πως
368 1503 568 1538 κεχαρισμένον
588 1503 627 1538 τῷ
639 1503 745 1529 ἐκείνου
768 1503 864 1538 πατρὶ,
882 1503 905 1529 εἰ

959 1503 1063 1530 nudum
1079 1503 1169 1538 ipsum
1183 1503 1327 1538 occupavit
1343 1504 1429 1538 patris
1456 1509 1565 1537 nutum,
1581 1508 1755 1539 mortemque

113 1557 158 1580 τις
171 1548 304 1584 ζηλώσειε
319 1547 365 1575 τὸν
379 1549 447 1576 υίόν.
471 1548 519 1575 Ὢν
538 1548 566 1575 δὲ
577 1549 641 1583 περὶ
658 1549 721 1580 τοὺς
740 1548 839 1582 γονέας
850 1557 905 1575 τοι-

959 1549 1056 1582 obivit,
1068 1557 1128 1584 qua:
1138 1557 1194 1576 sua:
1205 1555 1285 1576 erant
1297 1555 1408 1584 partes;
1424 1557 1493 1584 quas
1513 1558 1567 1577 non
1583 1556 1701 1584 mortes,
1718 1552 1753 1578 ab

114 1594 205 1627 οὗτος,
225 1594 304 1626 ἄλλος
329 1594 398 1629 πρὸς
422 1595 496 1630 ἡμᾶς
522 1594 664 1629 ἀνεφάνης
681 1594 825 1629 Οὐδαμῶς.
851 1595 908 1621 Καὶ

114 1642 171 1677 γὰρ
181 1641 290 1668 οἰκοῦσι
300 1641 350 1676 τὴν
361 1641 484 1677 φρουρὰν
494 1641 586 1674 ὀλίγου
602 1641 658 1668 δεῖν
673 1641 737 1677 τρία
751 1640 811 1677 ἐτη,
821 1640 908 1669 πολλὰ
926 1637 928 1640 ’

115 1687 249 1723 νοσήμαθ⁸
264 1688 330 1722 ἡμῖν
347 1686 498 1723 ἐπέσκηψε,
508 1688 556 1714 καὶ
570 1686 716 1722 διηνώχλει
729 1687 829 1722 πικρὸν
843 1687 907 1723 ἄχρι

116 1730 217 1768 βάθους
239 1733 411 1769 εἰσδυόμενα,
435 1733 482 1760 καὶ
507 1733 540 1770 δὴ
565 1734 613 1760 καὶ
636 1734 800 1768 σπλάγχνων
816 1733 908 1760 αὐτῶν

116 1781 163 1807 καὶ
174 1779 297 1815 κεφαλῆς
314 1780 353 1815 μὴ
366 1780 512 1815 φειδόμενα
523 1788 530 1795 ν
546 1780 609 1807 ἐπεὶ
625 1780 655 1806 δὲ
671 1780 795 1812 ἐλπίζειν
808 1781 857 1807 οὐκ
871 1777 905 1815 ἧν

114 1825 295 1860 λυθήσεσθαι,
313 1825 363 1851 ὅσα
380 1833 413 1859 γε
430 1826 471 1856 εις
494 1825 645 1860 λογισμοὺς
667 1825 741 1860 ἥκει,
765 1822 906 1860 κατηνάγ-

115 1872 183 1903 auc:
196 1871 227 1897 τὸ
250 1872 368 1907 πρᾶγμα
384 1871 431 1898 καὶ
446 1871 534 1907 αὐτὴν
559 1870 591 1906 δὴ
615 1871 666 1907 τὴν
692 1871 777 1906 ζωὴν,
791 1871 821 1898 τὺ
836 1869 905 1898 πᾶσι

115 1919 204 1952 φίλον,
222 1917 318 1953 ὥσπερ
332 1920 423 1953 μισεῖν
440 1918 512 1945 οὕτω
528 1919 656 1954 λυπηρὰν
670 1916 766 1945 οὖσαν.

959 1600 1054 1630 aperto
1069 1603 1132 1622 eum
1162 1595 1284 1629 periculo
1315 1596 1492 1628 liberaturus,
1517 1596 1617 1623 lubens
1643 1597 1756 1625 obiret!

959 1638 1054 1667 Nonne
1069 1638 1156 1666 lsaaci
1179 1639 1327 1674 praeclarus
1362 1640 1529 1667 aemulator?
1552 1639 1649 1668 Nonne
1667 1642 1754 1676 ipsius
1768 1642 1774 1644 ’

959 1693 1070 1720 quoque
1085 1685 1235 1715 Sabato'ris
1249 1685 1260 1712 ί
1286 1685 1341 1713 Nec
1351 1686 1424 1713 enim
1455 1691 1562 1714 temere
1587 1687 1691 1715 dictum
1706 1696 1753 1715 ve-

959 1732 1026 1759 lim:
1044 1733 1153 1767 quando
1166 1732 1211 1760 ille
1226 1733 1252 1760 in
1265 1733 1419 1768 exetnplutn
1436 1733 1515 1761 nobis
1531 1734 1690 1769 propositus
1699 1739 1752 1767 est,

964 1780 1111 1814 placetque
1140 1778 1225 1814 patri,
1257 1783 1287 1806 ut
1323 1787 1385 1806 eum
1418 1779 1591 1807 aemulemur.
1621 1780 1672 1813 Qui
1712 1782 1756 1808 sic

960 1833 1042 1861 porro
1052 1825 1136 1852 animi
1157 1825 1184 1852 in
1201 1831 1326 1860 parentes
1355 1825 1481 1858 habebat,
1510 1833 1627 1854 secusne
1647 1827 1673 1853 in
1700 1827 1755 1854 l'ra-

961 1877 1016 1899 tres
1031 1871 1150 1899 babuit?
1165 1871 1276 1899 Minime
1300 1873 1433 1906 gentium.
1455 1872 1560 1900 Etenim
1591 1880 1653 1901 eum
1670 1873 1753 1902 trien-

952 1917 1006 1944 'nio
1019 1917 1076 1945 fere
1087 1917 1113 1944 in
1126 1917 1256 1952 praesidio
1270 1915 1394 1946 essemus
1404 1919 1454 1954 (l),
1475 1919 1624 1955 multaeque
1636 1921 1754 1948 invasis—

115 1972 177 1996 sent
192 1967 381 2003 aegritudines,
406 1971 488 2002 atque
500 1967 534 1994 ad
551 1966 606 1994 ima
622 1967 801 2002 pervadentes
835 1966 911 2002 gravi
927 1965 1052 1993 molestia
1070 1970 1243 2000 torquerent,
1260 1974 1291 1994 ac
1312 1974 1402 2002 neque
1429 1967 1569 1996 intestinis
1607 1969 1678 2004 ipsis
1719 1977 1753 1997 ac

115 2016 198 2052 capiti
212 2019 518 2051 parcerent;cutnque
537 2014 611 2042 nulla
625 2022 689 2050 spes
704 2019 787 2047 esset,
815 2018 846 2041 ut
875 2014 1024 2041 humanam
1054 2014 1190 2042 rationem
1223 2019 1341 2049 spectes,
1372 2014 1472 2043 futurae
1504 2023 1626 2051 unquam
1654 2017 1753 2044 libera-

116 2064 211 2097 tionis,
228 2070 261 2091 eo
273 2070 318 2091 res
331 2063 423 2099 adegit
449 2067 479 2090 ut
501 2063 559 2098 ipsa
575 2063 703 2091 omnibus
735 2063 823 2090 amica
834 2063 902 2095 vita,
917 2069 971 2098 prae
979 2063 1051 2090 tristi
1062 2063 1130 2090 adeo
1148 2070 1179 2090 ac
1194 2063 1337 2097 deplorato
1365 2068 1450 2095 statu,
1468 2064 1541 2092 velut
1556 2064 1620 2092 odio
1630 2070 1713 2092 esset.

157 2110 232 2138 Ἀλλ’
248 2111 278 2138 ὲν
292 2111 350 2144 τοῖς
361 2110 495 2142 τοιούτοις
509 2110 585 2137 οὖσιν
600 2111 668 2145 ἡμῖν
682 2106 734 2145 ἦκέ
749 2119 791 2141 τις
811 2116 904 2145 παρα-

117 2157 202 2192 μυθία
222 2156 292 2191 πρὸς
314 2154 396 2189 Θεοῦ,
414 2154 463 2181 καὶ
489 2155 539 2187 τὰς
554 2154 659 2190 μικροῦ
681 2154 905 2190 βεὸαπτισμένας

115 2204 183 2238 ἡμῖν
198 2202 289 2237 ψυχὰς
305 2202 357 2228 ὑπὸ
384 2201 430 2228 τοῦ
446 2201 567 2236 πλήθους
583 2199 636 2227 τῶν
651 2200 792 2235 δυσχερῶν
827 2199 905 2227 ἐκού-

959 2202 1081 2231 tristibus
1098 2203 1216 2236 animos,
1232 2204 1306 2238 quod
1326 2207 1377 2232 sati

993 2109 1129 2138 Caeterum
1155 2110 1191 2137 ita
1206 2110 1290 2138 rebus
1318 2110 1398 2138 nobis
1425 2111 1602 2146 comparatis,
1628 2113 1750 2146 quaedam

957 2157 1066 2184 caelitus
1089 2157 1243 2184 consolatio
1287 2156 1408 2232 auulsi?
1427 2166 1550 2194 peueque
1579 2159 1692 2187 obrutos
1712 2164 1751 2187 tot

959 2202 1081 2231 tristibus
1098 2203 1216 2232 animos.
1232 2204 1306 2232 quod
1326 2207 1377 2232 sati
1421 2205 1562 2232 videretur
1584 2205 1695 2232 tristitia
1714 2207 1751 2232 le-

1421 2205 1562 2232 videretur
1584 2205 1695 2232 tristitia
1714 2207 1751 2233 lc-

115 2250 179 2284 φισὲ
196 2258 225 2276 τε
243 2248 356 2280 ἱκανῶς,
371 2247 418 2274 καὶ
442 2247 629 2283 προσανέσχεν
641 2247 687 2273 ἐπὶ
701 2247 807 2282 καιρόν.
828 2246 861 2274 Ἦ
876 2247 905 2273 δὲ

958 2247 1039 2279 vavit,
1056 2248 1214 2283 maluntque
1228 2249 1262 2276 ad
1279 2254 1387 2284 tempus
1401 2250 1496 2278 mitius
1520 2250 1650 2277 reddidit.
1670 2251 1697 2278 In
1716 2259 1750 2279 eo

114 2295 148 2332 ἧν
162 2296 218 2331 (τὸν
232 2296 260 2322 δὲ
273 2295 374 2330 τρόπον
390 2294 496 2327 σιωπῶ,
513 2293 651 2330 παρέλκον
668 2293 698 2320 ὅν
710 2302 741 2328 γε
750 2293 884 2329 λρηθῆναι)
897 2301 905 2309 ·

116 2340 201 2368 αὑτὸν
217 2340 338 2373 ἐξελθεῖν
366 2339 472 2366 ἐκεῖθεν
491 2339 560 2374 μετὰ
585 2338 729 2374 συνθηκῶν
755 2347 837 2366 τινων
859 2339 904 2374 βε-

115 2387 278 2421 δαιωμένων
291 2387 384 2421 ὅρκῳ·
403 2385 451 2412 καὶ
474 2386 502 2411 αἱ
514 2384 652 2419 συνθῆκαι
671 2384 741 2419 δόλῳ
761 2385 810 2419 μὶν
832 2385 903 2420 ὑπὲρ

116 2432 196 2467 ἡμῶν
212 2431 297 2467 μηδέν
307 2439 334 2457 τι
351 2431 381 2457 τὸ
395 2430 526 2465 παράπαν
546 2429 734 2465 ἐπιχειρῆσαι,
753 2429 855 2462 ιξεῖναι
874 2429 903 2457 δὲ

115 2477 191 2512 αὐτῷ
203 2474 382 2510 καταλλαγῆς
400 2475 482 2501 ἕνεκα
496 2471 574 2505 δέους
587 2473 666 2505 ἐκτὸς
678 2473 854 2508 διαλέγεσθαι
865 2475 904 2510 τῷ

116 2522 222 2559 βασιλεῖ
232 2532 263 2550 τε
279 2523 329 2550 καὶ
345 2522 452 2558 ἀδελφῷ
467 2522 520 2548 πᾶν
536 2521 551 2548 ὂ
565 2529 591 2547 τι
619 2520 751 2556 βούλοιτο.
771 2518 856 2548 Τοῦτό
871 2530 903 2555 γε

115 2571 196 2602 εὐθὺς
219 2569 355 2598 ἁκουσθὲν
383 2570 454 2605 ἐμοὶ,
471 2568 558 2595 ἐποίει
583 2568 649 2603 ῥᾷον
675 2567 830 2594 διακεῖσθαι
852 2567 902 2603 τὴν

151 2650 191 2685 (l)
206 2650 272 2677 Cum
289 2647 471 2685 ferertrt‘ennio
487 2647 514 2674 in
529 2645 655 2681 prmidio
673 2653 822 2685 ageremus:
842 2645 901 2685 pe-

115 2681 220 2713 tinente
234 2681 549 2721 Androttieq.Bajazetes
564 2681 733 2721 truncaudos
751 2681 900 2721 suadebat,

115 2726 145 2747 ut
157 2721 239 2748 habet
255 2719 367 2747 Laon'tc.
384 2718 404 2745 l.
423 2715 455 2749 ιι,
469 2718 515 2744 sed
533 2716 649 2744 necdum
666 2715 841 2743 Andronicus
859 2716 901 2743 sic

114 2759 227 2782 exuerat
242 2754 392 2785 hominem,
414 2757 444 2779 ut
460 2753 496 2779 ita
512 2756 605 2786 posset
623 2752 649 2778 in
668 2751 773 2786 viscera
791 2752 898 2778 saevire.

115 2790 197 2817 Plura
211 2797 243 2816 ac
255 2789 325 2816 scitu
337 2788 419 2822 digna
426 2785 551 2822 epistolae
559 2785 722 2813 Detnetriiiu
734 2785 818 2820 Regia
830 2786 900 2813 Bibl.

115 2833 147 2853 ac
167 2825 243 2853 eain
263 2821 378 2859 primis;
397 2821 451 2862 qua
470 2822 624 2856 gratulatur
648 2821 694 2855 its,
706 2822 752 2856 qui
767 2826 829 2857 post
839 2828 901 2849 car-

274 2872 410 2902 Ρλτιιοι..
432 2872 489 2903 σοι.
508 2870 611 2902 CLVI.

955 2297 1014 2319 erat
1039 2292 1085 2320 illa
1101 2293 1255 2321 consolatio
1284 2295 1406 2329 (modum
1436 2300 1514 2323 taceo
1540 2303 1620 2330 quem
1647 2297 1683 2323 sit
1708 2305 1751 2325 su-

954 2338 1088 2373 perﬂuum
1103 2340 1215 2374 referre)
1235 2345 1265 2367 ut
1290 2340 1464 2373 Theodorus,
1480 2343 1568 2377 pactis
1584 2343 1748 2377 quibusdam

951 2383 1108 2418 juratnento
1123 2385 1250 2418 llrtnatis,
1267 2386 1330 2414 inde
1344 2387 1442 2414 exiret.
1466 2386 1505 2414 lta
1523 2395 1619 2422 porro,
1654 2389 1750 2435 utique

952 2431 1016 2458 dolo
1033 2430 1163 2465 hostium.
1181 2437 1291 2467 pactum
1314 2438 1383 2466 erat,
1399 2439 1427 2460 ut
1447 2434 1516 2461 nihil
1541 2434 1587 2462 ille
1601 2442 1652 2470 pro
1668 2430 1749 2463 nobis

960 2472 1127 2504 moliretur:
1147 2478 1229 2505 licere
1263 2483 1364 2512 tamen,
1385 2483 1415 2506 ut
1438 2487 1501 2507 cum
1533 2480 1700 2516 imperatore
1718 2489 1750 2508 ac

959 2520 1043 2550 fratre
1076 2524 1152 2558 pacis
1179 2531 1262 2551 causa
1285 2525 1456 2560 loqueretur,
1468 2527 1600 2562 quidquid
1631 2528 1750 2563 placuis-

957 2574 1009 2597 set.
1029 2569 1062 2597 Ut
1084 2578 1147 2598 mox
1176 2571 1277 2605 audivi,
1294 2573 1364 2607 coepi
1395 2573 1575 2610 animaequior
1604 2574 1674 2608 ﬂeri,
1700 2582 1750 2603 nec

956 2655 1047 2675 eerem
1063 2647 1146 2687 a_l_)_eo
1169 2647 1441 2687 liberati,jamﬂc.um
1468 2652 1638 2687 imperatore
1652 2662 1747 2681 versa-

955 2689 1060 2722 rentur.
1074 2683 1217 2722 Videndtts
1228 2683 1339 2722 quoque
1351 2686 1453 2714 Franz.
1472 2688 1490 2713 Ι.
1504 2683 1524 2719 ι,
1542 2697 1567 2715 e.
1586 2688 1632 2720 18,
1644 2697 1674 2716 ea
1688 2697 1749 2722 per,

955 2719 1105 2758 stringens,
1118 2723 1183 2758 etut
1194 2718 1303 2758 hlanuel
1315 2728 1377 2748 cum
1391 2727 1469 2757 patre
1484 2723 1546 2758 fuga
1558 2718 1656 2758 elapsi,
1668 2718 1747 2752 adie’

955 2753 1012 2796 rint
1031 2759 1060 2796 et
1085 2754 1138 2796 ipsi
1159 2753 1329 2790 Bajazetetn,
1349 2765 1381 2784 ac
1391 2753 1528 2792 ἐι-θύοιιῖ
1544 2753 1611 2788 cum.
1628 2753 1746 2796 impr-rio

955 2792 1142 2823 ttnpetrartnt.

1566 2877 1582 2907 7
