  <div class='ocr_page' id='page_1' title='image "/cluster/home/n/w/nwhite01/storage/ocr_20150623/156/njp.32101077773214/107.png"; bbox 0 0 1938 3083; ppageno 0'>
   <div class='ocr_carea' id='block_1_1' title="bbox 202 159 262 192">
    <p class='ocr_par' dir='ltr' id='par_1_1' title="bbox 202 159 262 192">
     <span class='ocr_line' id='line_1_1' title="bbox 202 159 262 192; baseline 0 -1"><span class='ocrx_word' id='word_1_1' title='bbox 202 159 262 192; x_wconf 78' lang='lat'><strong>203</strong></span> 
     </span>
    </p>
   </div>
   <div class='ocr_carea' id='block_1_2' title="bbox 811 132 1249 187">
    <p class='ocr_par' dir='ltr' id='par_1_2' title="bbox 811 132 1249 187">
     <span class='ocr_line' id='line_1_2' title="bbox 811 132 1249 187; baseline 0.005 -2"><span class='ocrx_word' id='word_1_2' title='bbox 811 132 1012 186; x_wconf 61' lang='lat' dir='ltr'><strong>MAMlELlS</strong></span> <span class='ocrx_word' id='word_1_3' title='bbox 1024 157 1249 187; x_wconf 64' lang='lat' dir='ltr'><strong>PAL&#39;EOLOGI</strong></span> 
     </span>
    </p>
   </div>
   <div class='ocr_carea' id='block_1_3' title="bbox 1781 157 1836 190">
    <p class='ocr_par' dir='ltr' id='par_1_3' title="bbox 1781 157 1836 190">
     <span class='ocr_line' id='line_1_3' title="bbox 1781 157 1836 190; baseline 0 -1"><span class='ocrx_word' id='word_1_4' title='bbox 1781 157 1836 190; x_wconf 72' lang='lat'><strong>204</strong></span> 
     </span>
    </p>
   </div>
   <div class='ocr_carea' id='block_1_4' title="bbox 203 206 988 251">
    <p class='ocr_par' dir='ltr' id='par_1_4' title="bbox 203 213 988 249">
     <span class='ocr_line' id='line_1_4' title="bbox 203 213 988 249; baseline -0.004 -4"><span class='ocrx_word' id='word_1_5' title='bbox 203 221 309 246; x_wconf 90' lang='lat' dir='ltr'><strong>tantum</strong></span> <span class='ocrx_word' id='word_1_6' title='bbox 325 216 428 244; x_wconf 81' lang='lat' dir='ltr'><strong>auditio</strong></span> <span class='ocrx_word' id='word_1_7' title='bbox 442 214 580 242; x_wconf 68' lang='lat' dir='ltr'><strong>molestiae</strong></span> <span class='ocrx_word' id='word_1_8' title='bbox 603 213 667 242; x_wconf 80' lang='lat' dir='ltr'><strong>fecit</strong></span> <span class='ocrx_word' id='word_1_9' title='bbox 702 213 775 249; x_wconf 84' lang='lat' dir='ltr'><strong>quod</strong></span> <span class='ocrx_word' id='word_1_10' title='bbox 803 214 878 242; x_wconf 83' lang='lat' dir='ltr'><strong>solus</strong></span> <span class='ocrx_word' id='word_1_11' title='bbox 908 214 988 243; x_wconf 90' lang='lat' dir='ltr'><strong>relin-</strong></span> 
     </span>
    </p>
   </div>
   <div class='ocr_carea' id='block_1_5' title="bbox 1042 206 1837 251">
    <p class='ocr_par' dir='ltr' id='par_1_5' title="bbox 1045 206 1837 251">
     <span class='ocr_line' id='line_1_5' title="bbox 1045 206 1837 251; baseline 0.004 -11"><span class='ocrx_word' id='word_1_12' title='bbox 1045 215 1146 250; x_wconf 81' lang='grc' dir='ltr'>ψυχὴν.</span> <span class='ocrx_word' id='word_1_13' title='bbox 1164 216 1212 243; x_wconf 78' lang='grc' dir='ltr'>καὶ</span> <span class='ocrx_word' id='word_1_14' title='bbox 1231 215 1269 251; x_wconf 83' lang='grc' dir='ltr'>μὴ</span> <span class='ocrx_word' id='word_1_15' title='bbox 1288 215 1416 242; x_wconf 79' lang='grc' dir='ltr'>τοσοῦτον</span> <span class='ocrx_word' id='word_1_16' title='bbox 1433 215 1574 250; x_wconf 72' lang='grc' dir='ltr'>ἄχθεσθαι,</span> <span class='ocrx_word' id='word_1_17' title='bbox 1592 215 1631 250; x_wconf 86' lang='grc' dir='ltr'>τῷ</span> <span class='ocrx_word' id='word_1_18' title='bbox 1651 215 1732 251; x_wconf 86' lang='grc' dir='ltr'>μόνον</span> <span class='ocrx_word' id='word_1_19' title='bbox 1749 206 1837 243; x_wconf 67' lang='grc' dir='ltr'>κατεί-</span> 
     </span>
    </p>
   </div>
   <div class='ocr_carea' id='block_1_6' title="bbox 201 259 994 297">
    <p class='ocr_par' dir='ltr' id='par_1_6' title="bbox 201 259 994 297">
     <span class='ocr_line' id='line_1_6' title="bbox 201 259 994 297; baseline -0.004 -7"><span class='ocrx_word' id='word_1_20' title='bbox 201 262 328 297; x_wconf 87' lang='lat' dir='ltr'><strong>quendus</strong></span> <span class='ocrx_word' id='word_1_21' title='bbox 359 268 460 292; x_wconf 83' lang='lat' dir='ltr'><strong>essent,</strong></span> <span class='ocrx_word' id='word_1_22' title='bbox 478 263 611 295; x_wconf 85' lang='lat' dir='ltr'><strong>quantum</strong></span> <span class='ocrx_word' id='word_1_23' title='bbox 623 259 712 287; x_wconf 84' lang='lat' dir='ltr'><strong>solatii</strong></span> <span class='ocrx_word' id='word_1_24' title='bbox 732 266 765 287; x_wconf 84' lang='lat' dir='ltr'><strong>ac</strong></span> <span class='ocrx_word' id='word_1_25' title='bbox 793 259 895 294; x_wconf 79' lang='lat' dir='ltr'><strong>gaudii,</strong></span> <span class='ocrx_word' id='word_1_26' title='bbox 922 260 994 294; x_wconf 89' lang='lat' dir='ltr'><strong>quod</strong></span> 
     </span>
    </p>
   </div>
   <div class='ocr_carea' id='block_1_7' title="bbox 203 304 994 340">
    <p class='ocr_par' dir='ltr' id='par_1_7' title="bbox 203 304 994 340">
     <span class='ocr_line' id='line_1_7' title="bbox 203 304 994 340; baseline -0.005 -4"><span class='ocrx_word' id='word_1_27' title='bbox 203 308 248 336; x_wconf 83' lang='lat' dir='ltr'><strong>ille</strong></span> <span class='ocrx_word' id='word_1_28' title='bbox 262 307 456 340; x_wconf 83' lang='lat' dir='ltr'><strong>revivisceret,</strong></span> <span class='ocrx_word' id='word_1_29' title='bbox 495 313 620 340; x_wconf 87' lang='lat' dir='ltr'><strong>nempea</strong></span> <span class='ocrx_word' id='word_1_30' title='bbox 652 304 782 339; x_wconf 71' lang='lat' dir='ltr'><strong>prmsidlo</strong></span> <span class='ocrx_word' id='word_1_31' title='bbox 808 304 906 332; x_wconf 75' lang='lat' dir='ltr'><strong>exiret.</strong></span> <span class='ocrx_word' id='word_1_32' title='bbox 929 304 994 332; x_wconf 77' lang='lat' dir='ltr'><strong>Mihi</strong></span> 
     </span>
    </p>
   </div>
   <div class='ocr_carea' id='block_1_8' title="bbox 197 351 996 386">
    <p class='ocr_par' dir='ltr' id='par_1_8' title="bbox 197 351 996 386">
     <span class='ocr_line' id='line_1_8' title="bbox 197 351 996 386; baseline -0.005 -4"><span class='ocrx_word' id='word_1_33' title='bbox 197 358 279 382; x_wconf 80' lang='lat' dir='ltr'><strong>.certe</strong></span> <span class='ocrx_word' id='word_1_34' title='bbox 293 352 404 380; x_wconf 81' lang='lat' dir='ltr'><strong>videbar</strong></span> <span class='ocrx_word' id='word_1_35' title='bbox 418 359 481 380; x_wconf 88' lang='lat' dir='ltr'><strong>eum</strong></span> <span class='ocrx_word' id='word_1_36' title='bbox 498 351 592 379; x_wconf 86' lang='lat' dir='ltr'><strong>videre</strong></span> <span class='ocrx_word' id='word_1_37' title='bbox 612 351 710 385; x_wconf 90' lang='lat' dir='ltr'><strong>(currit</strong></span> <span class='ocrx_word' id='word_1_38' title='bbox 733 351 804 379; x_wconf 85' lang='lat' dir='ltr'><strong>enim</strong></span> <span class='ocrx_word' id='word_1_39' title='bbox 821 351 898 379; x_wconf 78' lang='lat' dir='ltr'><strong>velox</strong></span> <span class='ocrx_word' id='word_1_40' title='bbox 912 351 996 386; x_wconf 76' lang='lat' dir='ltr'><strong>phan-</strong></span> 
     </span>
    </p>
   </div>
   <div class='ocr_carea' id='block_1_9' title="bbox 205 398 994 435">
    <p class='ocr_par' dir='ltr' id='par_1_9' title="bbox 205 398 994 435">
     <span class='ocr_line' id='line_1_9' title="bbox 205 398 994 435; baseline -0.005 -7"><span class='ocrx_word' id='word_1_41' title='bbox 205 403 272 429; x_wconf 82' lang='lat' dir='ltr'><strong>tasia</strong></span> <span class='ocrx_word' id='word_1_42' title='bbox 286 400 320 428; x_wconf 86' lang='lat' dir='ltr'><strong>ad</strong></span> <span class='ocrx_word' id='word_1_43' title='bbox 334 408 396 435; x_wconf 69' lang='lat' dir='ltr'><strong>quae</strong></span> <span class='ocrx_word' id='word_1_44' title='bbox 411 401 473 434; x_wconf 83' lang='lat' dir='ltr'><strong>quis</strong></span> <span class='ocrx_word' id='word_1_45' title='bbox 488 400 727 434; x_wconf 86' lang='lat' dir='ltr'><strong>cupit),consueta</strong></span> <span class='ocrx_word' id='word_1_46' title='bbox 753 403 903 425; x_wconf 83' lang='lat' dir='ltr'><strong>seetantem</strong></span> <span class='ocrx_word' id='word_1_47' title='bbox 920 398 994 432; x_wconf 89' lang='lat' dir='ltr'><strong>ejus-</strong></span> 
     </span>
    </p>
   </div>
   <div class='ocr_carea' id='block_1_10' title="bbox 204 444 996 482">
    <p class='ocr_par' dir='ltr' id='par_1_10' title="bbox 204 444 996 482">
     <span class='ocr_line' id='line_1_10' title="bbox 204 444 996 482; baseline -0.005 -7"><span class='ocrx_word' id='word_1_48' title='bbox 204 455 258 482; x_wconf 85' lang='lat' dir='ltr'><strong>que</strong></span> <span class='ocrx_word' id='word_1_49' title='bbox 281 447 498 481; x_wconf 73' lang='lat' dir='ltr'><strong>tctaticongrua,</strong></span> <span class='ocrx_word' id='word_1_50' title='bbox 514 446 617 473; x_wconf 86' lang='lat' dir='ltr'><strong>versari</strong></span> <span class='ocrx_word' id='word_1_51' title='bbox 649 453 711 472; x_wconf 91' lang='lat' dir='ltr'><strong>cttm</strong></span> <span class='ocrx_word' id='word_1_52' title='bbox 741 445 892 479; x_wconf 74' lang='lat' dir='ltr'><strong>aequalibus</strong></span> <span class='ocrx_word' id='word_1_53' title='bbox 915 444 942 471; x_wconf 93' lang='lat' dir='ltr'><strong>in</strong></span> <span class='ocrx_word' id='word_1_54' title='bbox 952 451 996 470; x_wconf 78' lang='lat' dir='ltr'><strong>ar-</strong></span> 
     </span>
    </p>
   </div>
   <div class='ocr_carea' id='block_1_11' title="bbox 205 491 994 528">
    <p class='ocr_par' dir='ltr' id='par_1_11' title="bbox 205 491 994 528">
     <span class='ocr_line' id='line_1_11' title="bbox 205 491 994 528; baseline -0.003 -8"><span class='ocrx_word' id='word_1_55' title='bbox 205 501 310 520; x_wconf 89' lang='lat' dir='ltr'><strong>morum</strong></span> <span class='ocrx_word' id='word_1_56' title='bbox 322 493 457 528; x_wconf 73' lang='lat' dir='ltr'><strong>palaestris</strong></span> <span class='ocrx_word' id='word_1_57' title='bbox 467 513 475 525; x_wconf 93' lang='lat'><strong>,</strong></span> <span class='ocrx_word' id='word_1_58' title='bbox 491 492 518 519; x_wconf 84' lang='lat' dir='ltr'><strong>in</strong></span> <span class='ocrx_word' id='word_1_59' title='bbox 527 491 729 523; x_wconf 89' lang='lat' dir='ltr'><strong>venationibus,</strong></span> <span class='ocrx_word' id='word_1_60' title='bbox 743 491 770 518; x_wconf 88' lang='lat' dir='ltr'><strong>in</strong></span> <span class='ocrx_word' id='word_1_61' title='bbox 786 491 994 522; x_wconf 79' lang='lat' dir='ltr'><strong>certaminibus,</strong></span> 
     </span>
    </p>
   </div>
   <div class='ocr_carea' id='block_1_12' title="bbox 204 537 995 576">
    <p class='ocr_par' dir='ltr' id='par_1_12' title="bbox 204 537 995 576">
     <span class='ocr_line' id='line_1_12' title="bbox 204 537 995 576; baseline -0.005 -9"><span class='ocrx_word' id='word_1_62' title='bbox 204 548 321 576; x_wconf 84' lang='lat' dir='ltr'><strong>quorum</strong></span> <span class='ocrx_word' id='word_1_63' title='bbox 350 539 574 567; x_wconf 83' lang='lat' dir='ltr'><strong>exercitamentis</strong></span> <span class='ocrx_word' id='word_1_64' title='bbox 601 541 734 572; x_wconf 81' lang='lat' dir='ltr'><strong>augentur</strong></span> <span class='ocrx_word' id='word_1_65' title='bbox 751 544 867 572; x_wconf 84' lang='lat' dir='ltr'><strong>corpora</strong></span> <span class='ocrx_word' id='word_1_66' title='bbox 896 537 995 564; x_wconf 87' lang='lat' dir='ltr'><strong>robore</strong></span> 
     </span>
    </p>
   </div>
   <div class='ocr_carea' id='block_1_13' title="bbox 205 582 996 620">
    <p class='ocr_par' dir='ltr' id='par_1_13' title="bbox 205 582 996 620">
     <span class='ocr_line' id='line_1_13' title="bbox 205 582 996 620; baseline -0.005 -7"><span class='ocrx_word' id='word_1_67' title='bbox 205 594 238 615; x_wconf 84' lang='lat' dir='ltr'><strong>ac</strong></span> <span class='ocrx_word' id='word_1_68' title='bbox 251 587 379 619; x_wconf 81' lang='lat' dir='ltr'><strong>sanitate,</strong></span> <span class='ocrx_word' id='word_1_69' title='bbox 407 586 542 620; x_wconf 81' lang='lat' dir='ltr'><strong>habetque</strong></span> <span class='ocrx_word' id='word_1_70' title='bbox 563 584 703 612; x_wconf 89' lang='lat' dir='ltr'><strong>conciliari</strong></span> <span class='ocrx_word' id='word_1_71' title='bbox 732 583 830 619; x_wconf 72' lang='lat' dir='ltr'><strong>gloria.</strong></span> <span class='ocrx_word' id='word_1_72' title='bbox 856 582 920 611; x_wconf 71' lang='lat' dir='ltr'><strong>Hrc</strong></span> <span class='ocrx_word' id='word_1_73' title='bbox 945 590 996 617; x_wconf 78' lang='lat' dir='ltr'><strong>ego</strong></span> 
     </span>
    </p>
   </div>
   <div class='ocr_carea' id='block_1_14' title="bbox 207 629 994 667">
    <p class='ocr_par' dir='ltr' id='par_1_14' title="bbox 207 629 994 667">
     <span class='ocr_line' id='line_1_14' title="bbox 207 629 994 667; baseline -0.005 -8"><span class='ocrx_word' id='word_1_74' title='bbox 207 632 305 667; x_wconf 86' lang='lat' dir='ltr'><strong>hisque</strong></span> <span class='ocrx_word' id='word_1_75' title='bbox 317 632 416 660; x_wconf 83' lang='lat' dir='ltr'><strong>similia</strong></span> <span class='ocrx_word' id='word_1_76' title='bbox 429 631 571 658; x_wconf 85' lang='lat' dir='ltr'><strong>somnians</strong></span> <span class='ocrx_word' id='word_1_77' title='bbox 587 630 715 666; x_wconf 76' lang='lat' dir='ltr'><strong>gaudium</strong></span> <span class='ocrx_word' id='word_1_78' title='bbox 740 629 885 661; x_wconf 85' lang='lat' dir='ltr'><strong>habebam,</strong></span> <span class='ocrx_word' id='word_1_79' title='bbox 913 633 994 663; x_wconf 84' lang='lat' dir='ltr'><strong>puta-</strong></span> 
     </span>
    </p>
   </div>
   <div class='ocr_carea' id='block_1_15' title="bbox 202 675 995 714">
    <p class='ocr_par' dir='ltr' id='par_1_15' title="bbox 202 675 995 714">
     <span class='ocr_line' id='line_1_15' title="bbox 202 675 995 714; baseline -0.006 -8"><span class='ocrx_word' id='word_1_80' title='bbox 202 679 320 714; x_wconf 79' lang='lat' dir='ltr'><strong>bamque</strong></span> <span class='ocrx_word' id='word_1_81' title='bbox 338 677 462 713; x_wconf 77' lang='lat' dir='ltr'><strong>itspicere</strong></span> <span class='ocrx_word' id='word_1_82' title='bbox 477 677 587 712; x_wconf 77' lang='lat' dir='ltr'><strong>pramtia</strong></span> <span class='ocrx_word' id='word_1_83' title='bbox 604 680 802 711; x_wconf 85' lang='lat' dir='ltr'><strong>reportantem,</strong></span> <span class='ocrx_word' id='word_1_84' title='bbox 824 675 896 710; x_wconf 78' lang='lat' dir='ltr'><strong>cingi</strong></span> <span class='ocrx_word' id='word_1_85' title='bbox 909 678 995 709; x_wconf 81' lang='lat' dir='ltr'><strong>caput</strong></span> 
     </span>
    </p>
   </div>
   <div class='ocr_carea' id='block_1_16' title="bbox 201 721 994 759">
    <p class='ocr_par' dir='ltr' id='par_1_16' title="bbox 201 721 994 759">
     <span class='ocr_line' id='line_1_16' title="bbox 201 721 994 759; baseline -0.006 -7"><span class='ocrx_word' id='word_1_86' title='bbox 201 732 315 756; x_wconf 75' lang='lat' dir='ltr'><strong>corona,</strong></span> <span class='ocrx_word' id='word_1_87' title='bbox 346 732 379 752; x_wconf 84' lang='lat' dir='ltr'><strong>ac</strong></span> <span class='ocrx_word' id='word_1_88' title='bbox 411 723 544 759; x_wconf 68' lang='lat' dir='ltr'><strong>praeconis</strong></span> <span class='ocrx_word' id='word_1_89' title='bbox 567 729 634 750; x_wconf 89' lang='lat' dir='ltr'><strong>voce</strong></span> <span class='ocrx_word' id='word_1_90' title='bbox 663 721 816 750; x_wconf 85' lang='lat' dir='ltr'><strong>renuntiari</strong></span> <span class='ocrx_word' id='word_1_91' title='bbox 850 721 994 748; x_wconf 91' lang='lat' dir='ltr'><strong>victorem.</strong></span> 
     </span>
    </p>
   </div>
   <div class='ocr_carea' id='block_1_17' title="bbox 203 767 995 804">
    <p class='ocr_par' dir='ltr' id='par_1_17' title="bbox 203 767 995 804">
     <span class='ocr_line' id='line_1_17' title="bbox 203 767 995 804; baseline -0.006 -6"><span class='ocrx_word' id='word_1_92' title='bbox 203 770 318 798; x_wconf 80' lang='lat' dir='ltr'><strong>Multum</strong></span> <span class='ocrx_word' id='word_1_93' title='bbox 341 770 475 804; x_wconf 82' lang='lat' dir='ltr'><strong>siquidem</strong></span> <span class='ocrx_word' id='word_1_94' title='bbox 500 769 524 796; x_wconf 83' lang='lat' dir='ltr'><strong>ei</strong></span> <span class='ocrx_word' id='word_1_95' title='bbox 540 775 636 796; x_wconf 82' lang='lat' dir='ltr'><strong>omnes</strong></span> <span class='ocrx_word' id='word_1_96' title='bbox 653 768 681 795; x_wconf 90' lang='lat' dir='ltr'><strong>in</strong></span> <span class='ocrx_word' id='word_1_97' title='bbox 715 767 849 802; x_wconf 82' lang='lat' dir='ltr'><strong>ejusmodi</strong></span> <span class='ocrx_word' id='word_1_98' title='bbox 877 767 995 794; x_wconf 85' lang='lat' dir='ltr'><strong>delatum</strong></span> 
     </span>
    </p>
   </div>
   <div class='ocr_carea' id='block_1_18' title="bbox 203 814 995 849">
    <p class='ocr_par' dir='ltr' id='par_1_18' title="bbox 203 814 995 849">
     <span class='ocr_line' id='line_1_18' title="bbox 203 814 995 849; baseline -0.006 -5"><span class='ocrx_word' id='word_1_99' title='bbox 203 817 341 844; x_wconf 85' lang='lat' dir='ltr'><strong>volebant.</strong></span> <span class='ocrx_word' id='word_1_100' title='bbox 361 815 422 843; x_wconf 83' lang='lat' dir='ltr'><strong>.Iam</strong></span> <span class='ocrx_word' id='word_1_101' title='bbox 438 815 512 842; x_wconf 86' lang='lat' dir='ltr'><strong>enim</strong></span> <span class='ocrx_word' id='word_1_102' title='bbox 524 822 539 842; x_wconf 86' lang='lat' dir='ltr'><strong>a</strong></span> <span class='ocrx_word' id='word_1_103' title='bbox 555 821 640 849; x_wconf 78' lang='lat' dir='ltr'><strong>puero</strong></span> <span class='ocrx_word' id='word_1_104' title='bbox 653 814 767 841; x_wconf 86' lang='lat' dir='ltr'><strong>sortitus</strong></span> <span class='ocrx_word' id='word_1_105' title='bbox 793 817 862 844; x_wconf 82' lang='lat' dir='ltr'><strong>erat,</strong></span> <span class='ocrx_word' id='word_1_106' title='bbox 891 816 920 839; x_wconf 90' lang='lat' dir='ltr'><strong>ut</strong></span> <span class='ocrx_word' id='word_1_107' title='bbox 936 819 995 840; x_wconf 88' lang='lat' dir='ltr'><strong>om-</strong></span> 
     </span>
    </p>
   </div>
   <div class='ocr_carea' id='block_1_19' title="bbox 202 857 995 900">
    <p class='ocr_par' dir='ltr' id='par_1_19' title="bbox 202 857 995 900">
     <span class='ocr_line' id='line_1_19' title="bbox 202 857 995 900; baseline -0.005 -12"><span class='ocrx_word' id='word_1_108' title='bbox 202 861 296 900; x_wconf 67' lang='lat' dir='ltr'><strong>nibus,</strong></span> <span class='ocrx_word' id='word_1_109' title='bbox 312 860 413 896; x_wconf 86' lang='lat' dir='ltr'><strong>quibus</strong></span> <span class='ocrx_word' id='word_1_110' title='bbox 427 860 489 895; x_wconf 87' lang='lat' dir='ltr'><strong>quis</strong></span> <span class='ocrx_word' id='word_1_111' title='bbox 502 863 613 887; x_wconf 79' lang='lat' dir='ltr'><strong>certans</strong></span> <span class='ocrx_word' id='word_1_112' title='bbox 630 858 806 886; x_wconf 80' lang='lat' dir='ltr'><strong>coronandus</strong></span> <span class='ocrx_word' id='word_1_113' title='bbox 823 857 869 890; x_wconf 86' lang='lat' dir='ltr'><strong>sit,</strong></span> <span class='ocrx_word' id='word_1_114' title='bbox 886 858 995 893; x_wconf 75' lang='lat' dir='ltr'><strong>magni-</strong></span> 
     </span>
    </p>
   </div>
   <div class='ocr_carea' id='block_1_20' title="bbox 203 904 997 942">
    <p class='ocr_par' dir='ltr' id='par_1_20' title="bbox 203 904 997 942">
     <span class='ocr_line' id='line_1_20' title="bbox 203 904 997 942; baseline -0.003 -8"><span class='ocrx_word' id='word_1_115' title='bbox 203 907 253 934; x_wconf 85' lang='lat' dir='ltr'><strong>ﬁce</strong></span> <span class='ocrx_word' id='word_1_116' title='bbox 272 910 437 942; x_wconf 70' lang='lat' dir='ltr'><strong>prastaret:</strong></span> <span class='ocrx_word' id='word_1_117' title='bbox 458 913 545 941; x_wconf 87' lang='lat' dir='ltr'><strong>eaque</strong></span> <span class='ocrx_word' id='word_1_118' title='bbox 563 905 588 932; x_wconf 86' lang='lat' dir='ltr'><strong>in</strong></span> <span class='ocrx_word' id='word_1_119' title='bbox 604 912 637 933; x_wconf 91' lang='lat' dir='ltr'><strong>eo</strong></span> <span class='ocrx_word' id='word_1_120' title='bbox 658 904 770 940; x_wconf 85' lang='lat' dir='ltr'><strong>paribus</strong></span> <span class='ocrx_word' id='word_1_121' title='bbox 791 912 853 932; x_wconf 90' lang='lat' dir='ltr'><strong>cum</strong></span> <span class='ocrx_word' id='word_1_122' title='bbox 883 911 997 940; x_wconf 86' lang='lat' dir='ltr'><strong>corpore</strong></span> 
     </span>
    </p>
   </div>
   <div class='ocr_carea' id='block_1_21' title="bbox 201 950 994 988">
    <p class='ocr_par' dir='ltr' id='par_1_21' title="bbox 201 950 994 988">
     <span class='ocr_line' id='line_1_21' title="bbox 201 950 994 988; baseline -0.001 -8"><span class='ocrx_word' id='word_1_123' title='bbox 201 953 234 980; x_wconf 83' lang='lat' dir='ltr'><strong>ad</strong></span> <span class='ocrx_word' id='word_1_124' title='bbox 252 953 402 988; x_wconf 80' lang='lat' dir='ltr'><strong>perfectum</strong></span> <span class='ocrx_word' id='word_1_125' title='bbox 419 959 451 979; x_wconf 90' lang='lat' dir='ltr'><strong>ac</strong></span> <span class='ocrx_word' id='word_1_126' title='bbox 472 952 556 979; x_wconf 90' lang='lat' dir='ltr'><strong>robur</strong></span> <span class='ocrx_word' id='word_1_127' title='bbox 572 955 690 986; x_wconf 75' lang='lat' dir='ltr'><strong>augente</strong></span> <span class='ocrx_word' id='word_1_128' title='bbox 711 950 858 978; x_wconf 72' lang='lat' dir='ltr'><strong>crementis</strong></span> <span class='ocrx_word' id='word_1_129' title='bbox 882 958 994 985; x_wconf 87' lang='lat' dir='ltr'><strong>promo-</strong></span> 
     </span>
    </p>
   </div>
   <div class='ocr_carea' id='block_1_22' title="bbox 202 997 995 1033">
    <p class='ocr_par' dir='ltr' id='par_1_22' title="bbox 202 997 995 1033">
     <span class='ocr_line' id='line_1_22' title="bbox 202 997 995 1033; baseline -0.003 -7"><span class='ocrx_word' id='word_1_130' title='bbox 202 999 313 1026; x_wconf 80' lang='lat' dir='ltr'><strong>vebant.</strong></span> <span class='ocrx_word' id='word_1_131' title='bbox 332 998 406 1026; x_wconf 59' lang='lat' dir='ltr'><strong>Latia</strong></span> <span class='ocrx_word' id='word_1_132' title='bbox 421 999 493 1029; x_wconf 61' lang='lat' dir='ltr'><strong>nunc</strong></span> <span class='ocrx_word' id='word_1_133' title='bbox 515 1006 621 1026; x_wconf 88' lang='lat' dir='ltr'><strong>mecum</strong></span> <span class='ocrx_word' id='word_1_134' title='bbox 647 999 704 1033; x_wconf 86' lang='lat' dir='ltr'><strong>ipse</strong></span> <span class='ocrx_word' id='word_1_135' title='bbox 733 997 868 1033; x_wconf 76' lang='lat' dir='ltr'><strong>cogitans,</strong></span> <span class='ocrx_word' id='word_1_136' title='bbox 893 997 995 1025; x_wconf 85' lang='lat' dir='ltr'><strong>sensim</strong></span> 
     </span>
    </p>
   </div>
   <div class='ocr_carea' id='block_1_23' title="bbox 201 1043 996 1077">
    <p class='ocr_par' dir='ltr' id='par_1_23' title="bbox 201 1043 996 1077">
     <span class='ocr_line' id='line_1_23' title="bbox 201 1043 996 1077; baseline 0 -7"><span class='ocrx_word' id='word_1_137' title='bbox 201 1045 299 1076; x_wconf 83' lang='lat' dir='ltr'><strong>tristia.</strong></span> <span class='ocrx_word' id='word_1_138' title='bbox 314 1049 342 1072; x_wconf 89' lang='lat' dir='ltr'><strong>ut</strong></span> <span class='ocrx_word' id='word_1_139' title='bbox 356 1045 460 1077; x_wconf 81' lang='lat' dir='ltr'><strong>liceret,</strong></span> <span class='ocrx_word' id='word_1_140' title='bbox 473 1044 603 1072; x_wconf 87' lang='lat' dir='ltr'><strong>oblivioni</strong></span> <span class='ocrx_word' id='word_1_141' title='bbox 620 1044 717 1071; x_wconf 88' lang='lat' dir='ltr'><strong>dabatn</strong></span> <span class='ocrx_word' id='word_1_142' title='bbox 736 1051 743 1070; x_wconf 85' lang='lat'>:</span> <span class='ocrx_word' id='word_1_143' title='bbox 759 1043 797 1070; x_wconf 89' lang='lat' dir='ltr'><strong>illi</strong></span> <span class='ocrx_word' id='word_1_144' title='bbox 811 1048 901 1070; x_wconf 82' lang='lat' dir='ltr'><strong>autem</strong></span> <span class='ocrx_word' id='word_1_145' title='bbox 928 1043 996 1070; x_wconf 86' lang='lat' dir='ltr'><strong>sub-</strong></span> 
     </span>
    </p>
   </div>
   <div class='ocr_carea' id='block_1_24' title="bbox 200 1086 994 1126">
    <p class='ocr_par' dir='ltr' id='par_1_24' title="bbox 200 1086 994 1126">
     <span class='ocr_line' id='line_1_24' title="bbox 200 1086 994 1126; baseline -0.003 -8"><span class='ocrx_word' id='word_1_146' title='bbox 200 1086 255 1119; x_wconf 86' lang='lat' dir='ltr'><strong>ibat</strong></span> <span class='ocrx_word' id='word_1_147' title='bbox 280 1092 343 1123; x_wconf 83' lang='lat' dir='ltr'><strong>uri,</strong></span> <span class='ocrx_word' id='word_1_148' title='bbox 359 1091 433 1126; x_wconf 90' lang='lat' dir='ltr'><strong>quod</strong></span> <span class='ocrx_word' id='word_1_149' title='bbox 453 1098 506 1117; x_wconf 92' lang='lat' dir='ltr'><strong>nou</strong></span> <span class='ocrx_word' id='word_1_150' title='bbox 523 1094 616 1125; x_wconf 88' lang='lat' dir='ltr'><strong>posset</strong></span> <span class='ocrx_word' id='word_1_151' title='bbox 645 1090 686 1117; x_wconf 89' lang='lat' dir='ltr'><strong>sic</strong></span> <span class='ocrx_word' id='word_1_152' title='bbox 713 1089 862 1116; x_wconf 85' lang='lat' dir='ltr'><strong>desolatum</strong></span> <span class='ocrx_word' id='word_1_153' title='bbox 891 1089 994 1116; x_wconf 86' lang='lat' dir='ltr'><strong>videre.</strong></span> 
     </span>
    </p>
   </div>
   <div class='ocr_carea' id='block_1_25' title="bbox 236 1135 993 1172">
    <p class='ocr_par' dir='ltr' id='par_1_25' title="bbox 236 1135 993 1172">
     <span class='ocr_line' id='line_1_25' title="bbox 236 1135 993 1172; baseline -0.003 -8"><span class='ocrx_word' id='word_1_154' title='bbox 236 1137 288 1164; x_wconf 90' lang='lat' dir='ltr'><strong>Sed</strong></span> <span class='ocrx_word' id='word_1_155' title='bbox 302 1141 329 1164; x_wconf 92' lang='lat' dir='ltr'><strong>et</strong></span> <span class='ocrx_word' id='word_1_156' title='bbox 342 1137 408 1165; x_wconf 86' lang='lat' dir='ltr'><strong>illud</strong></span> <span class='ocrx_word' id='word_1_157' title='bbox 424 1137 550 1172; x_wconf 74' lang='lat' dir='ltr'><strong>augebat.</strong></span> <span class='ocrx_word' id='word_1_158' title='bbox 567 1137 626 1164; x_wconf 84' lang='lat' dir='ltr'><strong>Non</strong></span> <span class='ocrx_word' id='word_1_159' title='bbox 641 1136 713 1164; x_wconf 88' lang='lat' dir='ltr'><strong>enim</strong></span> <span class='ocrx_word' id='word_1_160' title='bbox 743 1135 916 1170; x_wconf 86' lang='lat' dir='ltr'><strong>poterat.qui</strong></span> <span class='ocrx_word' id='word_1_161' title='bbox 946 1135 993 1162; x_wconf 88' lang='lat' dir='ltr'><strong>Dei</strong></span> 
     </span>
    </p>
   </div>
   <div class='ocr_carea' id='block_1_26' title="bbox 200 1181 992 1217">
    <p class='ocr_par' dir='ltr' id='par_1_26' title="bbox 200 1181 992 1217">
     <span class='ocr_line' id='line_1_26' title="bbox 200 1181 992 1217; baseline -0.001 -8"><span class='ocrx_word' id='word_1_162' title='bbox 200 1183 298 1210; x_wconf 87' lang='lat' dir='ltr'><strong>timore</strong></span> <span class='ocrx_word' id='word_1_163' title='bbox 307 1183 428 1211; x_wconf 90' lang='lat' dir='ltr'><strong>nutritus</strong></span> <span class='ocrx_word' id='word_1_164' title='bbox 438 1187 521 1216; x_wconf 81' lang='lat' dir='ltr'><strong>esset,</strong></span> <span class='ocrx_word' id='word_1_165' title='bbox 529 1187 619 1217; x_wconf 85' lang='lat' dir='ltr'><strong>spreta</strong></span> <span class='ocrx_word' id='word_1_166' title='bbox 627 1181 775 1217; x_wconf 83' lang='lat' dir='ltr'><strong>juramenti</strong></span> <span class='ocrx_word' id='word_1_167' title='bbox 782 1181 923 1217; x_wconf 70' lang='lat' dir='ltr'><strong>religione,</strong></span> <span class='ocrx_word' id='word_1_168' title='bbox 931 1189 992 1208; x_wconf 88' lang='lat' dir='ltr'><strong>cum</strong></span> 
     </span>
    </p>
   </div>
   <div class='ocr_carea' id='block_1_27' title="bbox 197 1228 994 1265">
    <p class='ocr_par' dir='ltr' id='par_1_27' title="bbox 197 1228 994 1265">
     <span class='ocr_line' id='line_1_27' title="bbox 197 1228 994 1265; baseline -0.004 -8"><span class='ocrx_word' id='word_1_169' title='bbox 197 1230 261 1257; x_wconf 84' lang='lat' dir='ltr'><strong>dolo</strong></span> <span class='ocrx_word' id='word_1_170' title='bbox 282 1237 359 1265; x_wconf 85' lang='lat' dir='ltr'><strong>opem</strong></span> <span class='ocrx_word' id='word_1_171' title='bbox 376 1229 460 1258; x_wconf 80' lang='lat' dir='ltr'><strong>ferre.</strong></span> <span class='ocrx_word' id='word_1_172' title='bbox 477 1229 528 1263; x_wconf 87' lang='lat' dir='ltr'><strong>Qui</strong></span> <span class='ocrx_word' id='word_1_173' title='bbox 541 1229 634 1256; x_wconf 88' lang='lat' dir='ltr'><strong>enim?</strong></span> <span class='ocrx_word' id='word_1_174' title='bbox 650 1228 697 1263; x_wconf 90' lang='lat' dir='ltr'><strong>qui</strong></span> <span class='ocrx_word' id='word_1_175' title='bbox 718 1228 785 1256; x_wconf 88' lang='lat' dir='ltr'><strong>nihil</strong></span> <span class='ocrx_word' id='word_1_176' title='bbox 808 1235 928 1263; x_wconf 85' lang='lat' dir='ltr'><strong>unquam</strong></span> <span class='ocrx_word' id='word_1_177' title='bbox 947 1235 994 1262; x_wconf 91' lang='lat' dir='ltr'><strong>per</strong></span> 
     </span>
    </p>
   </div>
   <div class='ocr_carea' id='block_1_28' title="bbox 199 1274 991 1309">
    <p class='ocr_par' dir='ltr' id='par_1_28' title="bbox 199 1274 991 1309">
     <span class='ocr_line' id='line_1_28' title="bbox 199 1274 991 1309; baseline -0.003 -7"><span class='ocrx_word' id='word_1_178' title='bbox 199 1276 324 1302; x_wconf 74' lang='lat' dir='ltr'><strong>fraudem</strong></span> <span class='ocrx_word' id='word_1_179' title='bbox 342 1284 375 1303; x_wconf 86' lang='lat' dir='ltr'><strong>ac</strong></span> <span class='ocrx_word' id='word_1_180' title='bbox 393 1275 471 1303; x_wconf 75' lang='lat' dir='ltr'><strong>vsiro</strong></span> <span class='ocrx_word' id='word_1_181' title='bbox 497 1275 601 1307; x_wconf 85' lang='lat' dir='ltr'><strong>animo,</strong></span> <span class='ocrx_word' id='word_1_182' title='bbox 618 1275 698 1302; x_wconf 84' lang='lat' dir='ltr'><strong>etiam</strong></span> <span class='ocrx_word' id='word_1_183' title='bbox 713 1275 803 1309; x_wconf 80' lang='lat' dir='ltr'><strong>capite</strong></span> <span class='ocrx_word' id='word_1_184' title='bbox 822 1274 966 1301; x_wconf 77' lang='lat' dir='ltr'><strong>annuisset</strong></span> <span class='ocrx_word' id='word_1_185' title='bbox 984 1281 991 1299; x_wconf 87' lang='lat'><strong>:</strong></span> 
     </span>
    </p>
   </div>
   <div class='ocr_carea' id='block_1_29' title="bbox 198 1320 994 1356">
    <p class='ocr_par' dir='ltr' id='par_1_29' title="bbox 198 1320 994 1356">
     <span class='ocr_line' id='line_1_29' title="bbox 198 1320 994 1356; baseline -0.003 -8"><span class='ocrx_word' id='word_1_186' title='bbox 198 1321 284 1349; x_wconf 90' lang='lat' dir='ltr'><strong>videri</strong></span> <span class='ocrx_word' id='word_1_187' title='bbox 301 1326 390 1348; x_wconf 91' lang='lat' dir='ltr'><strong>autem</strong></span> <span class='ocrx_word' id='word_1_188' title='bbox 407 1329 501 1349; x_wconf 86' lang='lat' dir='ltr'><strong>eorum</strong></span> <span class='ocrx_word' id='word_1_189' title='bbox 520 1321 629 1355; x_wconf 83' lang='lat' dir='ltr'><strong>penitus</strong></span> <span class='ocrx_word' id='word_1_190' title='bbox 643 1320 796 1356; x_wconf 74' lang='lat' dir='ltr'><strong>neglexisse</strong></span> <span class='ocrx_word' id='word_1_191' title='bbox 815 1327 921 1352; x_wconf 89' lang='lat' dir='ltr'><strong>curam,</strong></span> <span class='ocrx_word' id='word_1_192' title='bbox 932 1320 994 1354; x_wconf 93' lang='lat' dir='ltr'><strong>qui-</strong></span> 
     </span>
    </p>
   </div>
   <div class='ocr_carea' id='block_1_30' title="bbox 198 1365 993 1402">
    <p class='ocr_par' dir='ltr' id='par_1_30' title="bbox 198 1365 993 1402">
     <span class='ocr_line' id='line_1_30' title="bbox 198 1365 993 1402; baseline -0.003 -8"><span class='ocrx_word' id='word_1_193' title='bbox 198 1368 252 1395; x_wconf 84' lang='lat' dir='ltr'><strong>bus</strong></span> <span class='ocrx_word' id='word_1_194' title='bbox 266 1367 352 1394; x_wconf 90' lang='lat' dir='ltr'><strong>nihilo</strong></span> <span class='ocrx_word' id='word_1_195' title='bbox 368 1367 562 1402; x_wconf 82' lang='lat' dir='ltr'><strong>pretiosiorem</strong></span> <span class='ocrx_word' id='word_1_196' title='bbox 577 1367 697 1393; x_wconf 86' lang='lat' dir='ltr'><strong>animam</strong></span> <span class='ocrx_word' id='word_1_197' title='bbox 729 1366 857 1398; x_wconf 88' lang='lat' dir='ltr'><strong>ducebat,</strong></span> <span class='ocrx_word' id='word_1_198' title='bbox 872 1365 898 1393; x_wconf 90' lang='lat' dir='ltr'><strong>id</strong></span> <span class='ocrx_word' id='word_1_199' title='bbox 927 1372 993 1393; x_wconf 86' lang='lat' dir='ltr'><strong>vero</strong></span> 
     </span>
    </p>
   </div>
   <div class='ocr_carea' id='block_1_31' title="bbox 199 1411 991 1448">
    <p class='ocr_par' dir='ltr' id='par_1_31' title="bbox 199 1411 991 1448">
     <span class='ocr_line' id='line_1_31' title="bbox 199 1411 991 1448; baseline -0.005 -7"><span class='ocrx_word' id='word_1_200' title='bbox 199 1421 313 1448; x_wconf 82' lang='lat' dir='ltr'><strong>prorsus</strong></span> <span class='ocrx_word' id='word_1_201' title='bbox 327 1412 499 1440; x_wconf 79' lang='lat' dir='ltr'><strong>intolerabile</strong></span> <span class='ocrx_word' id='word_1_202' title='bbox 510 1412 633 1447; x_wconf 80' lang='lat' dir='ltr'><strong>putabat.</strong></span> <span class='ocrx_word' id='word_1_203' title='bbox 650 1411 695 1439; x_wconf 82' lang='lat' dir='ltr'><strong>Sic</strong></span> <span class='ocrx_word' id='word_1_204' title='bbox 708 1419 787 1445; x_wconf 86' lang='lat' dir='ltr'><strong>porro</strong></span> <span class='ocrx_word' id='word_1_205' title='bbox 801 1415 862 1438; x_wconf 79' lang='lat' dir='ltr'><strong>erat</strong></span> <span class='ocrx_word' id='word_1_206' title='bbox 879 1418 991 1445; x_wconf 71' lang='lat' dir='ltr'><strong>magna-</strong></span> 
     </span>
    </p>
   </div>
   <div class='ocr_carea' id='block_1_32' title="bbox 199 1456 990 1493">
    <p class='ocr_par' dir='ltr' id='par_1_32' title="bbox 199 1456 990 1493">
     <span class='ocr_line' id='line_1_32' title="bbox 199 1456 990 1493; baseline -0.004 -7"><span class='ocrx_word' id='word_1_207' title='bbox 199 1459 301 1491; x_wconf 86' lang='lat' dir='ltr'><strong>nimus.</strong></span> <span class='ocrx_word' id='word_1_208' title='bbox 314 1463 343 1486; x_wconf 89' lang='lat' dir='ltr'><strong>ut</strong></span> <span class='ocrx_word' id='word_1_209' title='bbox 352 1463 380 1486; x_wconf 88' lang='lat' dir='ltr'><strong>et</strong></span> <span class='ocrx_word' id='word_1_210' title='bbox 388 1458 498 1493; x_wconf 71' lang='lat' dir='ltr'><strong>iniusta:</strong></span> <span class='ocrx_word' id='word_1_211' title='bbox 507 1457 651 1485; x_wconf 76' lang='lat' dir='ltr'><strong>sententiae</strong></span> <span class='ocrx_word' id='word_1_212' title='bbox 661 1457 792 1485; x_wconf 82' lang='lat' dir='ltr'><strong>latoribus</strong></span> <span class='ocrx_word' id='word_1_213' title='bbox 813 1456 990 1484; x_wconf 83' lang='lat' dir='ltr'><strong>reverentiam</strong></span> 
     </span>
    </p>
   </div>
   <div class='ocr_carea' id='block_1_33' title="bbox 198 1504 990 1540">
    <p class='ocr_par' dir='ltr' id='par_1_33' title="bbox 198 1504 990 1540">
     <span class='ocr_line' id='line_1_33' title="bbox 198 1504 990 1540; baseline -0.003 -8"><span class='ocrx_word' id='word_1_214' title='bbox 198 1507 323 1533; x_wconf 87' lang='lat' dir='ltr'><strong>haberet.</strong></span> <span class='ocrx_word' id='word_1_215' title='bbox 345 1506 412 1533; x_wconf 91' lang='lat' dir='ltr'><strong>Cum</strong></span> <span class='ocrx_word' id='word_1_216' title='bbox 428 1505 519 1540; x_wconf 86' lang='lat' dir='ltr'><strong>itaque</strong></span> <span class='ocrx_word' id='word_1_217' title='bbox 543 1504 640 1531; x_wconf 89' lang='lat' dir='ltr'><strong>studiis</strong></span> <span class='ocrx_word' id='word_1_218' title='bbox 662 1504 740 1531; x_wconf 87' lang='lat' dir='ltr'><strong>divisi</strong></span> <span class='ocrx_word' id='word_1_219' title='bbox 770 1510 905 1536; x_wconf 78' lang='lat' dir='ltr'><strong>essemus,</strong></span> <span class='ocrx_word' id='word_1_220' title='bbox 929 1510 990 1530; x_wconf 87' lang='lat' dir='ltr'><strong>sero</strong></span> 
     </span>
    </p>
   </div>
   <div class='ocr_carea' id='block_1_34' title="bbox 199 1549 989 1586">
    <p class='ocr_par' dir='ltr' id='par_1_34' title="bbox 199 1549 989 1586">
     <span class='ocr_line' id='line_1_34' title="bbox 199 1549 989 1586; baseline -0.004 -7"><span class='ocrx_word' id='word_1_221' title='bbox 199 1552 321 1584; x_wconf 83' lang='lat' dir='ltr'><strong>tandem,</strong></span> <span class='ocrx_word' id='word_1_222' title='bbox 348 1552 450 1586; x_wconf 82' lang='lat' dir='ltr'><strong>vixque</strong></span> <span class='ocrx_word' id='word_1_223' title='bbox 478 1550 564 1583; x_wconf 79' lang='lat' dir='ltr'><strong>suasi.</strong></span> <span class='ocrx_word' id='word_1_224' title='bbox 596 1559 649 1585; x_wconf 83' lang='lat' dir='ltr'><strong>qua</strong></span> <span class='ocrx_word' id='word_1_225' title='bbox 680 1551 800 1585; x_wconf 85' lang='lat' dir='ltr'><strong>probans</strong></span> <span class='ocrx_word' id='word_1_226' title='bbox 824 1549 862 1576; x_wconf 84' lang='lat' dir='ltr'><strong>ita</strong></span> <span class='ocrx_word' id='word_1_227' title='bbox 892 1550 989 1576; x_wconf 84' lang='lat' dir='ltr'><strong>melius</strong></span> 
     </span>
    </p>
   </div>
   <div class='ocr_carea' id='block_1_35' title="bbox 200 1597 989 1634">
    <p class='ocr_par' dir='ltr' id='par_1_35' title="bbox 200 1597 989 1634">
     <span class='ocr_line' id='line_1_35' title="bbox 200 1597 989 1634; baseline -0.003 -8"><span class='ocrx_word' id='word_1_228' title='bbox 200 1600 266 1626; x_wconf 90' lang='lat' dir='ltr'><strong>tnihi</strong></span> <span class='ocrx_word' id='word_1_229' title='bbox 294 1600 405 1634; x_wconf 81' lang='lat' dir='ltr'><strong>pariter,</strong></span> <span class='ocrx_word' id='word_1_230' title='bbox 428 1607 460 1626; x_wconf 85' lang='lat' dir='ltr'><strong>ac</strong></span> <span class='ocrx_word' id='word_1_231' title='bbox 478 1599 546 1634; x_wconf 90' lang='lat' dir='ltr'><strong>patri</strong></span> <span class='ocrx_word' id='word_1_232' title='bbox 559 1606 607 1633; x_wconf 88' lang='lat' dir='ltr'><strong>per</strong></span> <span class='ocrx_word' id='word_1_233' title='bbox 623 1599 648 1626; x_wconf 89' lang='lat' dir='ltr'><strong>id</strong></span> <span class='ocrx_word' id='word_1_234' title='bbox 667 1603 765 1633; x_wconf 87' lang='lat' dir='ltr'><strong>tenpus</strong></span> <span class='ocrx_word' id='word_1_235' title='bbox 777 1597 896 1629; x_wconf 83' lang='lat' dir='ltr'><strong>absenti,</strong></span> <span class='ocrx_word' id='word_1_236' title='bbox 923 1605 989 1625; x_wconf 88' lang='lat' dir='ltr'><strong>cou-</strong></span> 
     </span>
    </p>
   </div>
   <div class='ocr_carea' id='block_1_36' title="bbox 197 1643 988 1678">
    <p class='ocr_par' dir='ltr' id='par_1_36' title="bbox 197 1643 988 1678">
     <span class='ocr_line' id='line_1_36' title="bbox 197 1643 988 1678; baseline -0.004 -5"><span class='ocrx_word' id='word_1_237' title='bbox 197 1646 299 1674; x_wconf 88' lang='lat' dir='ltr'><strong>sultum</strong></span> <span class='ocrx_word' id='word_1_238' title='bbox 315 1646 359 1678; x_wconf 88' lang='lat' dir='ltr'><strong>iri,</strong></span> <span class='ocrx_word' id='word_1_239' title='bbox 373 1650 404 1673; x_wconf 90' lang='lat' dir='ltr'><strong>ut</strong></span> <span class='ocrx_word' id='word_1_240' title='bbox 419 1646 534 1674; x_wconf 89' lang='lat' dir='ltr'><strong>illecum</strong></span> <span class='ocrx_word' id='word_1_241' title='bbox 553 1645 649 1672; x_wconf 75' lang='lat' dir='ltr'><strong>amicis</strong></span> <span class='ocrx_word' id='word_1_242' title='bbox 663 1652 694 1672; x_wconf 85' lang='lat' dir='ltr'><strong>ac</strong></span> <span class='ocrx_word' id='word_1_243' title='bbox 719 1643 838 1672; x_wconf 83' lang='lat' dir='ltr'><strong>inimicis</strong></span> <span class='ocrx_word' id='word_1_244' title='bbox 864 1651 988 1674; x_wconf 79' lang='lat' dir='ltr'><strong>versans.</strong></span> 
     </span>
    </p>
   </div>
   <div class='ocr_carea' id='block_1_37' title="bbox 197 1691 989 1728">
    <p class='ocr_par' dir='ltr' id='par_1_37' title="bbox 197 1691 989 1728">
     <span class='ocr_line' id='line_1_37' title="bbox 197 1691 989 1728; baseline -0.006 -8"><span class='ocrx_word' id='word_1_245' title='bbox 197 1693 231 1720; x_wconf 84' lang='lat' dir='ltr'><strong>ad</strong></span> <span class='ocrx_word' id='word_1_246' title='bbox 245 1697 377 1728; x_wconf 86' lang='lat' dir='ltr'><strong>utrosque</strong></span> <span class='ocrx_word' id='word_1_247' title='bbox 390 1700 451 1727; x_wconf 65' lang='lat' dir='ltr'><strong>quae</strong></span> <span class='ocrx_word' id='word_1_248' title='bbox 466 1699 558 1727; x_wconf 67' lang='lat' dir='ltr'><strong>operae</strong></span> <span class='ocrx_word' id='word_1_249' title='bbox 574 1691 693 1727; x_wconf 88' lang='lat' dir='ltr'><strong>pretium</strong></span> <span class='ocrx_word' id='word_1_250' title='bbox 707 1695 818 1727; x_wconf 39' lang='lat' dir='ltr'><strong>essent”</strong></span> <span class='ocrx_word' id='word_1_251' title='bbox 834 1691 989 1726; x_wconf 74' lang='lat' dir='ltr'><strong>negotiare-</strong></span> 
     </span>
    </p>
   </div>
   <div class='ocr_carea' id='block_1_38' title="bbox 198 1737 989 1774">
    <p class='ocr_par' dir='ltr' id='par_1_38' title="bbox 198 1737 989 1774">
     <span class='ocr_line' id='line_1_38' title="bbox 198 1737 989 1774; baseline -0.004 -8"><span class='ocrx_word' id='word_1_252' title='bbox 198 1744 259 1772; x_wconf 86' lang='lat' dir='ltr'><strong>tur;</strong></span> <span class='ocrx_word' id='word_1_253' title='bbox 277 1747 332 1774; x_wconf 84' lang='lat' dir='ltr'><strong>qua</strong></span> <span class='ocrx_word' id='word_1_254' title='bbox 349 1739 500 1771; x_wconf 79' lang='lat' dir='ltr'><strong>aﬂirmans,</strong></span> <span class='ocrx_word' id='word_1_255' title='bbox 513 1739 554 1766; x_wconf 89' lang='lat' dir='ltr'><strong>sic</strong></span> <span class='ocrx_word' id='word_1_256' title='bbox 588 1746 631 1765; x_wconf 88' lang='lat' dir='ltr'><strong>tne</strong></span> <span class='ocrx_word' id='word_1_257' title='bbox 643 1737 780 1770; x_wconf 74' lang='lat' dir='ltr'><strong>allectum,</strong></span> <span class='ocrx_word' id='word_1_258' title='bbox 800 1742 830 1765; x_wconf 93' lang='lat' dir='ltr'><strong>ut</strong></span> <span class='ocrx_word' id='word_1_259' title='bbox 857 1737 989 1764; x_wconf 84' lang='lat' dir='ltr'><strong>malisdi-</strong></span> 
     </span>
    </p>
   </div>
   <div class='ocr_carea' id='block_1_39' title="bbox 197 1783 987 1817">
    <p class='ocr_par' dir='ltr' id='par_1_39' title="bbox 197 1783 987 1817">
     <span class='ocr_line' id='line_1_39' title="bbox 197 1783 987 1817; baseline -0.004 -5"><span class='ocrx_word' id='word_1_260' title='bbox 197 1786 315 1813; x_wconf 82' lang='lat' dir='ltr'><strong>rissimis</strong></span> <span class='ocrx_word' id='word_1_261' title='bbox 338 1785 487 1812; x_wconf 89' lang='lat' dir='ltr'><strong>lentandus</strong></span> <span class='ocrx_word' id='word_1_262' title='bbox 527 1791 628 1815; x_wconf 87' lang='lat' dir='ltr'><strong>essem,</strong></span> <span class='ocrx_word' id='word_1_263' title='bbox 668 1783 756 1811; x_wconf 85' lang='lat' dir='ltr'><strong>utille</strong></span> <span class='ocrx_word' id='word_1_264' title='bbox 795 1784 987 1817; x_wconf 85' lang='lat' dir='ltr'><strong>obtemperans</strong></span> 
     </span>
    </p>
   </div>
   <div class='ocr_carea' id='block_1_40' title="bbox 196 1827 987 1862">
    <p class='ocr_par' dir='ltr' id='par_1_40' title="bbox 196 1827 987 1862">
     <span class='ocr_line' id='line_1_40' title="bbox 196 1827 987 1862; baseline -0.005 -5"><span class='ocrx_word' id='word_1_265' title='bbox 196 1832 272 1858; x_wconf 80' lang='lat' dir='ltr'><strong>exire</strong></span> <span class='ocrx_word' id='word_1_266' title='bbox 285 1831 460 1857; x_wconf 80' lang='lat' dir='ltr'><strong>detrectaret.</strong></span> <span class='ocrx_word' id='word_1_267' title='bbox 491 1829 537 1856; x_wconf 85' lang='lat' dir='ltr'><strong>Sic</strong></span> <span class='ocrx_word' id='word_1_268' title='bbox 558 1828 604 1856; x_wconf 84' lang='lat' dir='ltr'><strong>ille</strong></span> <span class='ocrx_word' id='word_1_269' title='bbox 633 1835 666 1855; x_wconf 88' lang='lat' dir='ltr'><strong>ne</strong></span> <span class='ocrx_word' id='word_1_270' title='bbox 683 1828 751 1855; x_wconf 77' lang='lat' dir='ltr'><strong>falso</strong></span> <span class='ocrx_word' id='word_1_271' title='bbox 773 1827 882 1862; x_wconf 87' lang='lat' dir='ltr'><strong>quidem</strong></span> <span class='ocrx_word' id='word_1_272' title='bbox 903 1827 987 1854; x_wconf 88' lang='lat' dir='ltr'><strong>ullam</strong></span> 
     </span>
    </p>
   </div>
   <div class='ocr_carea' id='block_1_41' title="bbox 196 1873 988 1911">
    <p class='ocr_par' dir='ltr' id='par_1_41' title="bbox 196 1873 988 1911">
     <span class='ocr_line' id='line_1_41' title="bbox 196 1873 988 1911; baseline -0.005 -7"><span class='ocrx_word' id='word_1_273' title='bbox 196 1877 353 1911; x_wconf 88' lang='lat' dir='ltr'><strong>opinionem</strong></span> <span class='ocrx_word' id='word_1_274' title='bbox 372 1876 445 1904; x_wconf 88' lang='lat' dir='ltr'><strong>inuri</strong></span> <span class='ocrx_word' id='word_1_275' title='bbox 479 1875 643 1908; x_wconf 82' lang='lat' dir='ltr'><strong>sustinebat,</strong></span> <span class='ocrx_word' id='word_1_276' title='bbox 672 1874 801 1910; x_wconf 82' lang='lat' dir='ltr'><strong>famaque</strong></span> <span class='ocrx_word' id='word_1_277' title='bbox 813 1875 846 1902; x_wconf 84' lang='lat' dir='ltr'><strong>ab</strong></span> <span class='ocrx_word' id='word_1_278' title='bbox 873 1873 988 1909; x_wconf 84' lang='lat' dir='ltr'><strong>cjusin-</strong></span> 
     </span>
    </p>
   </div>
   <div class='ocr_carea' id='block_1_42' title="bbox 196 1920 987 1956">
    <p class='ocr_par' dir='ltr' id='par_1_42' title="bbox 196 1920 987 1956">
     <span class='ocr_line' id='line_1_42' title="bbox 196 1920 987 1956; baseline -0.004 -7"><span class='ocrx_word' id='word_1_279' title='bbox 196 1922 259 1950; x_wconf 88' lang='lat' dir='ltr'><strong>dole</strong></span> <span class='ocrx_word' id='word_1_280' title='bbox 291 1929 323 1949; x_wconf 88' lang='lat' dir='ltr'><strong>ac</strong></span> <span class='ocrx_word' id='word_1_281' title='bbox 344 1922 447 1954; x_wconf 87' lang='lat' dir='ltr'><strong>animo,</strong></span> <span class='ocrx_word' id='word_1_282' title='bbox 482 1921 709 1956; x_wconf 85' lang='lat' dir='ltr'><strong>institutioneque</strong></span> <span class='ocrx_word' id='word_1_283' title='bbox 737 1920 912 1952; x_wconf 74' lang='lat' dir='ltr'><strong>abhorrente,</strong></span> <span class='ocrx_word' id='word_1_284' title='bbox 941 1927 987 1946; x_wconf 87' lang='lat' dir='ltr'><strong>as-</strong></span> 
     </span>
    </p>
   </div>
   <div class='ocr_carea' id='block_1_43' title="bbox 197 1966 986 2002">
    <p class='ocr_par' dir='ltr' id='par_1_43' title="bbox 197 1966 986 2002">
     <span class='ocr_line' id='line_1_43' title="bbox 197 1966 986 2002; baseline -0.003 -7"><span class='ocrx_word' id='word_1_285' title='bbox 197 1968 271 2002; x_wconf 77' lang='lat' dir='ltr'><strong>pergi</strong></span> <span class='ocrx_word' id='word_1_286' title='bbox 288 1968 410 1995; x_wconf 83' lang='lat' dir='ltr'><strong>timebat.</strong></span> <span class='ocrx_word' id='word_1_287' title='bbox 428 1968 474 1994; x_wconf 78' lang='lat' dir='ltr'><strong>Sic</strong></span> <span class='ocrx_word' id='word_1_288' title='bbox 493 1968 520 1994; x_wconf 90' lang='lat' dir='ltr'><strong>in</strong></span> <span class='ocrx_word' id='word_1_289' title='bbox 552 1975 602 1994; x_wconf 85' lang='lat' dir='ltr'><strong>nos</strong></span> <span class='ocrx_word' id='word_1_290' title='bbox 629 1967 750 1994; x_wconf 80' lang='lat' dir='ltr'><strong>fraterne</strong></span> <span class='ocrx_word' id='word_1_291' title='bbox 774 1966 890 1994; x_wconf 65' lang='lat' dir='ltr'><strong>allectus</strong></span> <span class='ocrx_word' id='word_1_292' title='bbox 916 1970 986 1997; x_wconf 82' lang='lat' dir='ltr'><strong>erat.</strong></span> 
     </span>
    </p>
   </div>
   <div class='ocr_carea' id='block_1_44' title="bbox 197 2012 986 2048">
    <p class='ocr_par' dir='ltr' id='par_1_44' title="bbox 197 2012 986 2048">
     <span class='ocr_line' id='line_1_44' title="bbox 197 2012 986 2048; baseline -0.004 -6"><span class='ocrx_word' id='word_1_293' title='bbox 197 2019 226 2042; x_wconf 92' lang='lat' dir='ltr'><strong>ut</strong></span> <span class='ocrx_word' id='word_1_294' title='bbox 242 2022 349 2043; x_wconf 89' lang='lat' dir='ltr'><strong>tnecum</strong></span> <span class='ocrx_word' id='word_1_295' title='bbox 369 2013 484 2047; x_wconf 83' lang='lat' dir='ltr'><strong>versari,</strong></span> <span class='ocrx_word' id='word_1_296' title='bbox 504 2021 586 2048; x_wconf 86' lang='lat' dir='ltr'><strong>quam</strong></span> <span class='ocrx_word' id='word_1_297' title='bbox 603 2021 664 2041; x_wconf 90' lang='lat' dir='ltr'><strong>cum</strong></span> <span class='ocrx_word' id='word_1_298' title='bbox 685 2013 747 2040; x_wconf 86' lang='lat' dir='ltr'><strong>aliis</strong></span> <span class='ocrx_word' id='word_1_299' title='bbox 779 2013 921 2047; x_wconf 87' lang='lat' dir='ltr'><strong>voluptate</strong></span> <span class='ocrx_word' id='word_1_300' title='bbox 934 2012 986 2040; x_wconf 84' lang='lat' dir='ltr'><strong>frui</strong></span> 
     </span>
    </p>
   </div>
   <div class='ocr_carea' id='block_1_45' title="bbox 195 2059 988 2096">
    <p class='ocr_par' dir='ltr' id='par_1_45' title="bbox 195 2059 988 2096">
     <span class='ocr_line' id='line_1_45' title="bbox 195 2059 988 2096; baseline -0.003 -8"><span class='ocrx_word' id='word_1_301' title='bbox 195 2061 285 2096; x_wconf 80' lang='lat' dir='ltr'><strong>potius</strong></span> <span class='ocrx_word' id='word_1_302' title='bbox 317 2061 454 2087; x_wconf 79' lang='lat' dir='ltr'><strong>haberet:</strong></span> <span class='ocrx_word' id='word_1_303' title='bbox 485 2061 662 2095; x_wconf 71' lang='lat' dir='ltr'><strong>carcer-isque</strong></span> <span class='ocrx_word' id='word_1_304' title='bbox 692 2060 836 2094; x_wconf 61' lang='lat' dir='ltr'><strong>angustiae,</strong></span> <span class='ocrx_word' id='word_1_305' title='bbox 862 2059 907 2086; x_wconf 75' lang='lat' dir='ltr'><strong>vix</strong></span> <span class='ocrx_word' id='word_1_306' title='bbox 934 2059 988 2086; x_wconf 78' lang='lat' dir='ltr'><strong>illa:</strong></span> 
     </span>
    </p>
   </div>
   <div class='ocr_carea' id='block_1_46' title="bbox 195 2105 985 2143">
    <p class='ocr_par' dir='ltr' id='par_1_46' title="bbox 195 2105 985 2143">
     <span class='ocr_line' id='line_1_46' title="bbox 195 2105 985 2143; baseline -0.003 -9"><span class='ocrx_word' id='word_1_307' title='bbox 195 2107 254 2134; x_wconf 79' lang='lat' dir='ltr'><strong>aliae</strong></span> <span class='ocrx_word' id='word_1_308' title='bbox 270 2114 351 2143; x_wconf 88' lang='lat' dir='ltr'><strong>quam</strong></span> <span class='ocrx_word' id='word_1_309' title='bbox 366 2106 496 2140; x_wconf 87' lang='lat' dir='ltr'><strong>sepulcri,</strong></span> <span class='ocrx_word' id='word_1_310' title='bbox 523 2107 595 2141; x_wconf 83' lang='lat' dir='ltr'><strong>regia</strong></span> <span class='ocrx_word' id='word_1_311' title='bbox 611 2106 648 2133; x_wconf 91' lang='lat' dir='ltr'><strong>illi</strong></span> <span class='ocrx_word' id='word_1_312' title='bbox 683 2105 856 2140; x_wconf 77' lang='lat' dir='ltr'><strong>angustiores</strong></span> <span class='ocrx_word' id='word_1_313' title='bbox 890 2111 985 2139; x_wconf 86' lang='lat' dir='ltr'><strong>erant,</strong></span> 
     </span>
    </p>
   </div>
   <div class='ocr_carea' id='block_1_47' title="bbox 196 2151 985 2187">
    <p class='ocr_par' dir='ltr' id='par_1_47' title="bbox 196 2151 985 2187">
     <span class='ocr_line' id='line_1_47' title="bbox 196 2151 985 2187; baseline -0.001 -7"><span class='ocrx_word' id='word_1_314' title='bbox 196 2153 371 2187; x_wconf 65' lang='lat' dir='ltr'><strong>tenebrmque</strong></span> <span class='ocrx_word' id='word_1_315' title='bbox 385 2160 467 2186; x_wconf 87' lang='lat' dir='ltr'><strong>quam</strong></span> <span class='ocrx_word' id='word_1_316' title='bbox 493 2153 560 2180; x_wconf 90' lang='lat' dir='ltr'><strong>solis</strong></span> <span class='ocrx_word' id='word_1_317' title='bbox 584 2152 711 2187; x_wconf 82' lang='lat' dir='ltr'><strong>splendor</strong></span> <span class='ocrx_word' id='word_1_318' title='bbox 728 2151 985 2184; x_wconf 85' lang='lat' dir='ltr'><strong>desiderabiliores;</strong></span> 
     </span>
    </p>
   </div>
   <div class='ocr_carea' id='block_1_48' title="bbox 194 2197 986 2232">
    <p class='ocr_par' dir='ltr' id='par_1_48' title="bbox 194 2197 986 2232">
     <span class='ocr_line' id='line_1_48' title="bbox 194 2197 986 2232; baseline -0.005 -5"><span class='ocrx_word' id='word_1_319' title='bbox 194 2207 226 2227; x_wconf 77' lang='lat' dir='ltr'><strong>ne</strong></span> <span class='ocrx_word' id='word_1_320' title='bbox 241 2200 363 2230; x_wconf 80' lang='lat' dir='ltr'><strong>demum.</strong></span> <span class='ocrx_word' id='word_1_321' title='bbox 376 2199 467 2226; x_wconf 81' lang='lat' dir='ltr'><strong>omnia</strong></span> <span class='ocrx_word' id='word_1_322' title='bbox 492 2197 598 2226; x_wconf 52' lang='lat' dir='ltr'><strong>meum</strong></span> <span class='ocrx_word' id='word_1_323' title='bbox 613 2198 746 2232; x_wconf 86' lang='lat' dir='ltr'><strong>dulciora,</strong></span> <span class='ocrx_word' id='word_1_324' title='bbox 776 2205 931 2232; x_wconf 82' lang='lat' dir='ltr'><strong>quanquam</strong></span> <span class='ocrx_word' id='word_1_325' title='bbox 943 2205 986 2224; x_wconf 88' lang='lat' dir='ltr'><strong>es-</strong></span> 
     </span>
    </p>
   </div>
   <div class='ocr_carea' id='block_1_49' title="bbox 1047 259 1838 297">
    <p class='ocr_par' dir='ltr' id='par_1_49' title="bbox 1047 259 1838 297">
     <span class='ocr_line' id='line_1_49' title="bbox 1047 259 1838 297; baseline 0.004 -11"><span class='ocrx_word' id='word_1_326' title='bbox 1047 259 1203 295; x_wconf 77' lang='grc' dir='ltr'>λειφθῆναι,</span> <span class='ocrx_word' id='word_1_327' title='bbox 1221 262 1283 288; x_wconf 74' lang='grc' dir='ltr'>ὅσον</span> <span class='ocrx_word' id='word_1_328' title='bbox 1300 261 1349 297; x_wconf 81' lang='grc' dir='ltr'>τῆς</span> <span class='ocrx_word' id='word_1_329' title='bbox 1363 260 1451 296; x_wconf 78' lang='grc' dir='ltr'>λύπης</span> <span class='ocrx_word' id='word_1_330' title='bbox 1472 261 1650 296; x_wconf 70' lang='grc' dir='ltr'><strong>κουφίζεσθαι</strong></span> <span class='ocrx_word' id='word_1_331' title='bbox 1673 261 1712 296; x_wconf 82' lang='grc' dir='ltr'>τῷ</span> <span class='ocrx_word' id='word_1_332' title='bbox 1728 262 1838 289; x_wconf 78' lang='grc' dir='ltr'>ἐκεῖνον</span> 
     </span>
    </p>
   </div>
   <div class='ocr_carea' id='block_1_50' title="bbox 1047 306 1838 342">
    <p class='ocr_par' dir='ltr' id='par_1_50' title="bbox 1047 306 1838 342">
     <span class='ocr_line' id='line_1_50' title="bbox 1047 306 1838 342; baseline 0.001 -10"><span class='ocrx_word' id='word_1_333' title='bbox 1047 306 1208 339; x_wconf 77' lang='grc' dir='ltr'>ἀναϐιῶναι,</span> <span class='ocrx_word' id='word_1_334' title='bbox 1232 307 1304 340; x_wconf 84' lang='grc' dir='ltr'>λέγω</span> <span class='ocrx_word' id='word_1_335' title='bbox 1328 307 1360 342; x_wconf 84' lang='grc' dir='ltr'>δὴ</span> <span class='ocrx_word' id='word_1_336' title='bbox 1385 307 1415 334; x_wconf 83' lang='grc' dir='ltr'><strong>τὸ</strong></span> <span class='ocrx_word' id='word_1_337' title='bbox 1429 307 1478 342; x_wconf 85' lang='grc' dir='ltr'>τῆς</span> <span class='ocrx_word' id='word_1_338' title='bbox 1498 308 1621 342; x_wconf 68' lang='grc' dir='ltr'>φρουρᾶς</span> <span class='ocrx_word' id='word_1_339' title='bbox 1647 308 1761 341; x_wconf 75' lang='grc' dir='ltr'><strong>ἐξιέναι.</strong></span> <span class='ocrx_word' id='word_1_340' title='bbox 1781 309 1838 334; x_wconf 76' lang='grc' dir='ltr'><strong>Καὶ</strong></span> 
     </span>
    </p>
   </div>
   <div class='ocr_carea' id='block_1_51' title="bbox 1047 352 1838 389">
    <p class='ocr_par' dir='ltr' id='par_1_51' title="bbox 1047 352 1838 389">
     <span class='ocr_line' id='line_1_51' title="bbox 1047 352 1838 389; baseline 0.003 -11"><span class='ocrx_word' id='word_1_341' title='bbox 1047 352 1159 379; x_wconf 77' lang='grc' dir='ltr'>ἐδόκουν</span> <span class='ocrx_word' id='word_1_342' title='bbox 1170 352 1251 379; x_wconf 77' lang='grc' dir='ltr'>αὐτὸν</span> <span class='ocrx_word' id='word_1_343' title='bbox 1265 353 1333 389; x_wconf 78' lang='grc' dir='ltr'>ορᾷν</span> <span class='ocrx_word' id='word_1_344' title='bbox 1345 353 1449 388; x_wconf 77' lang='grc' dir='ltr'><strong>(τρέχει</strong></span> <span class='ocrx_word' id='word_1_345' title='bbox 1462 354 1517 388; x_wconf 80' lang='grc' dir='ltr'><strong>γὰρ</strong></span> <span class='ocrx_word' id='word_1_346' title='bbox 1528 354 1544 389; x_wconf 79' lang='grc' dir='ltr'>ἡ</span> <span class='ocrx_word' id='word_1_347' title='bbox 1559 355 1696 388; x_wconf 72' lang='grc' dir='ltr'><strong>φαντασία</strong></span> <span class='ocrx_word' id='word_1_348' title='bbox 1713 354 1756 386; x_wconf 70' lang='grc' dir='ltr'><strong>ἐφ’</strong></span> <span class='ocrx_word' id='word_1_349' title='bbox 1768 355 1785 381; x_wconf 83' lang='grc' dir='ltr'><strong>ἆ</strong></span> <span class='ocrx_word' id='word_1_350' title='bbox 1796 363 1838 385; x_wconf 76' lang='grc' dir='ltr'><strong>τις</strong></span> 
     </span>
    </p>
   </div>
   <div class='ocr_carea' id='block_1_52' title="bbox 1046 396 1838 433">
    <p class='ocr_par' dir='ltr' id='par_1_52' title="bbox 1046 396 1838 433">
     <span class='ocr_line' id='line_1_52' title="bbox 1046 396 1838 433; baseline 0.003 -10"><span class='ocrx_word' id='word_1_351' title='bbox 1046 396 1107 424; x_wconf 89' lang='grc' dir='ltr'>λίαν</span> <span class='ocrx_word' id='word_1_352' title='bbox 1127 397 1267 433; x_wconf 70' lang='grc' dir='ltr'>ἐπιθυμεῖ)</span> <span class='ocrx_word' id='word_1_353' title='bbox 1282 399 1311 425; x_wconf 80' lang='grc' dir='ltr'>ὲν</span> <span class='ocrx_word' id='word_1_354' title='bbox 1335 399 1392 430; x_wconf 81' lang='grc' dir='ltr'>τοῖς</span> <span class='ocrx_word' id='word_1_355' title='bbox 1409 399 1534 426; x_wconf 80' lang='grc' dir='ltr'><strong>εἰωθόσιν</strong></span> <span class='ocrx_word' id='word_1_356' title='bbox 1554 399 1630 431; x_wconf 75' lang='grc' dir='ltr'>ὄντα,</span> <span class='ocrx_word' id='word_1_357' title='bbox 1645 400 1694 425; x_wconf 76' lang='grc' dir='ltr'><strong>καὶ</strong></span> <span class='ocrx_word' id='word_1_358' title='bbox 1718 400 1752 426; x_wconf 85' lang='grc' dir='ltr'><strong>τὰ</strong></span> <span class='ocrx_word' id='word_1_359' title='bbox 1765 400 1838 431; x_wconf 81' lang='grc' dir='ltr'>νέοις</span> 
     </span>
    </p>
   </div>
   <div class='ocr_carea' id='block_1_53' title="bbox 1047 444 1836 482">
    <p class='ocr_par' dir='ltr' id='par_1_53' title="bbox 1047 444 1836 482">
     <span class='ocr_line' id='line_1_53' title="bbox 1047 444 1836 482; baseline 0.005 -13"><span class='ocrx_word' id='word_1_360' title='bbox 1047 444 1189 479; x_wconf 76' lang='grc' dir='ltr'><strong>πρέποντα</strong></span> <span class='ocrx_word' id='word_1_361' title='bbox 1212 446 1283 479; x_wconf 79' lang='grc' dir='ltr'>μετὰ</span> <span class='ocrx_word' id='word_1_362' title='bbox 1297 445 1351 472; x_wconf 85' lang='grc' dir='ltr'><strong>τῶν</strong></span> <span class='ocrx_word' id='word_1_363' title='bbox 1373 446 1477 481; x_wconf 79' lang='grc' dir='ltr'><strong>ἡλίκων</strong></span> <span class='ocrx_word' id='word_1_364' title='bbox 1493 446 1561 482; x_wconf 83' lang='grc' dir='ltr'>δρᾷν</span> <span class='ocrx_word' id='word_1_365' title='bbox 1577 447 1605 471; x_wconf 80' lang='grc' dir='ltr'>ἐν</span> <span class='ocrx_word' id='word_1_366' title='bbox 1621 446 1712 473; x_wconf 81' lang='grc' dir='ltr'>ὃπλων</span> <span class='ocrx_word' id='word_1_367' title='bbox 1729 454 1836 481; x_wconf 88' lang='grc' dir='ltr'>γυμνα-</span> 
     </span>
    </p>
   </div>
   <div class='ocr_carea' id='block_1_54' title="bbox 1047 485 1835 527">
    <p class='ocr_par' dir='ltr' id='par_1_54' title="bbox 1047 485 1835 527">
     <span class='ocr_line' id='line_1_54' title="bbox 1047 485 1835 527; baseline 0.004 -11"><span class='ocrx_word' id='word_1_368' title='bbox 1047 491 1127 523; x_wconf 74' lang='grc' dir='ltr'>σίοις,</span> <span class='ocrx_word' id='word_1_369' title='bbox 1142 492 1172 517; x_wconf 80' lang='grc' dir='ltr'>ὲν</span> <span class='ocrx_word' id='word_1_370' title='bbox 1194 491 1302 527; x_wconf 78' lang='grc' dir='ltr'>Θήραις,</span> <span class='ocrx_word' id='word_1_371' title='bbox 1323 493 1351 518; x_wconf 79' lang='grc' dir='ltr'>ἐν</span> <span class='ocrx_word' id='word_1_372' title='bbox 1368 491 1457 525; x_wconf 78' lang='grc' dir='ltr'>ἀγῶσι</span> <span class='ocrx_word' id='word_1_373' title='bbox 1477 485 1627 527; x_wconf 75' lang='grc' dir='ltr'>χορηγοῦσι</span> <span class='ocrx_word' id='word_1_374' title='bbox 1642 493 1699 523; x_wconf 76' lang='grc' dir='ltr'>τοῖς</span> <span class='ocrx_word' id='word_1_375' title='bbox 1720 492 1835 519; x_wconf 78' lang='grc' dir='ltr'><strong>ἀσκοῦσι</strong></span> 
     </span>
    </p>
   </div>
   <div class='ocr_carea' id='block_1_55' title="bbox 1047 536 1838 573">
    <p class='ocr_par' dir='ltr' id='par_1_55' title="bbox 1047 536 1838 573">
     <span class='ocr_line' id='line_1_55' title="bbox 1047 536 1838 573; baseline 0.001 -10"><span class='ocrx_word' id='word_1_376' title='bbox 1047 536 1156 572; x_wconf 84' lang='grc' dir='ltr'>σώμασι</span> <span class='ocrx_word' id='word_1_377' title='bbox 1173 537 1271 572; x_wconf 80' lang='grc' dir='ltr'>ῥώμην</span> <span class='ocrx_word' id='word_1_378' title='bbox 1291 538 1338 564; x_wconf 77' lang='grc' dir='ltr'>καὶ</span> <span class='ocrx_word' id='word_1_379' title='bbox 1354 537 1472 571; x_wconf 79' lang='grc' dir='ltr'>ὑγίειαν,</span> <span class='ocrx_word' id='word_1_380' title='bbox 1487 538 1576 565; x_wconf 77' lang='grc' dir='ltr'>καὶτὸ</span> <span class='ocrx_word' id='word_1_381' title='bbox 1591 538 1663 572; x_wconf 84' lang='grc' dir='ltr'>μετὰ</span> <span class='ocrx_word' id='word_1_382' title='bbox 1680 538 1760 573; x_wconf 77' lang='grc' dir='ltr'>δόξης</span> <span class='ocrx_word' id='word_1_383' title='bbox 1772 538 1838 573; x_wconf 80' lang='grc' dir='ltr'><strong>βιῶ-</strong></span> 
     </span>
    </p>
   </div>
   <div class='ocr_carea' id='block_1_56' title="bbox 1046 583 1836 620">
    <p class='ocr_par' dir='ltr' id='par_1_56' title="bbox 1046 583 1836 620">
     <span class='ocr_line' id='line_1_56' title="bbox 1046 583 1836 620; baseline 0.004 -11"><span class='ocrx_word' id='word_1_384' title='bbox 1046 591 1102 610; x_wconf 73' lang='grc' dir='ltr'>ναι.</span> <span class='ocrx_word' id='word_1_385' title='bbox 1125 583 1215 610; x_wconf 80' lang='grc' dir='ltr'>Ταῦτα</span> <span class='ocrx_word' id='word_1_386' title='bbox 1237 585 1285 611; x_wconf 77' lang='grc' dir='ltr'>καὶ</span> <span class='ocrx_word' id='word_1_387' title='bbox 1301 585 1335 610; x_wconf 80' lang='grc' dir='ltr'>τὰ</span> <span class='ocrx_word' id='word_1_388' title='bbox 1350 584 1464 611; x_wconf 82' lang='grc' dir='ltr'>τοιαῦτα</span> <span class='ocrx_word' id='word_1_389' title='bbox 1491 585 1686 620; x_wconf 80' lang='grc' dir='ltr'><strong>ὀνειροπολῶν,</strong></span> <span class='ocrx_word' id='word_1_390' title='bbox 1705 585 1836 620; x_wconf 59' lang='grc' dir='ltr'>ἔχαιρον</span> 
     </span>
    </p>
   </div>
   <div class='ocr_carea' id='block_1_57' title="bbox 1047 629 1838 667">
    <p class='ocr_par' dir='ltr' id='par_1_57' title="bbox 1047 629 1838 667">
     <span class='ocr_line' id='line_1_57' title="bbox 1047 629 1838 667; baseline 0.004 -12"><span class='ocrx_word' id='word_1_391' title='bbox 1047 630 1092 656; x_wconf 80' lang='grc' dir='ltr'>καὶ</span> <span class='ocrx_word' id='word_1_392' title='bbox 1107 629 1188 665; x_wconf 79' lang='grc' dir='ltr'>ᾤμην</span> <span class='ocrx_word' id='word_1_393' title='bbox 1199 630 1308 666; x_wconf 81' lang='grc' dir='ltr'>βλέπειν</span> <span class='ocrx_word' id='word_1_394' title='bbox 1324 631 1405 658; x_wconf 77' lang='grc' dir='ltr'>αὐτὸν</span> <span class='ocrx_word' id='word_1_395' title='bbox 1421 629 1490 658; x_wconf 82' lang='grc' dir='ltr'>ἆθλά</span> <span class='ocrx_word' id='word_1_396' title='bbox 1501 640 1531 658; x_wconf 88' lang='grc' dir='ltr'><strong>τε</strong></span> <span class='ocrx_word' id='word_1_397' title='bbox 1547 631 1701 667; x_wconf 75' lang='grc' dir='ltr'>δεχόμενον,</span> <span class='ocrx_word' id='word_1_398' title='bbox 1727 632 1775 658; x_wconf 69' lang='grc' dir='ltr'>καὶ</span> <span class='ocrx_word' id='word_1_399' title='bbox 1790 641 1838 658; x_wconf 81' lang='grc' dir='ltr'>κε-</span> 
     </span>
    </p>
   </div>
   <div class='ocr_carea' id='block_1_58' title="bbox 1047 677 1834 715">
    <p class='ocr_par' dir='ltr' id='par_1_58' title="bbox 1047 677 1834 715">
     <span class='ocr_line' id='line_1_58' title="bbox 1047 677 1834 715; baseline 0.004 -12"><span class='ocrx_word' id='word_1_400' title='bbox 1047 677 1135 712; x_wconf 78' lang='grc' dir='ltr'>φαλὴν</span> <span class='ocrx_word' id='word_1_401' title='bbox 1149 677 1378 713; x_wconf 78' lang='grc' dir='ltr'><strong>στεφανούμενον,</strong></span> <span class='ocrx_word' id='word_1_402' title='bbox 1402 679 1449 705; x_wconf 76' lang='grc' dir='ltr'>καὶ</span> <span class='ocrx_word' id='word_1_403' title='bbox 1474 679 1591 714; x_wconf 80' lang='grc' dir='ltr'>νικητὴν</span> <span class='ocrx_word' id='word_1_404' title='bbox 1618 679 1834 715; x_wconf 61' lang='grc' dir='ltr'>κηρυττόμενον</span> 
     </span>
    </p>
   </div>
   <div class='ocr_carea' id='block_1_59' title="bbox 1048 723 1837 762">
    <p class='ocr_par' dir='ltr' id='par_1_59' title="bbox 1048 723 1837 762">
     <span class='ocr_line' id='line_1_59' title="bbox 1048 723 1837 762; baseline 0.004 -13"><span class='ocrx_word' id='word_1_405' title='bbox 1048 724 1110 750; x_wconf 69' lang='grc' dir='ltr'>ἐπεὶ</span> <span class='ocrx_word' id='word_1_406' title='bbox 1137 724 1204 751; x_wconf 74' lang='grc' dir='ltr'>πολὺ</span> <span class='ocrx_word' id='word_1_407' title='bbox 1227 724 1257 751; x_wconf 83' lang='grc' dir='ltr'><strong>τὺ</strong></span> <span class='ocrx_word' id='word_1_408' title='bbox 1284 725 1498 760; x_wconf 77' lang='grc' dir='ltr'>συγκεχωρηκὸς</span> <span class='ocrx_word' id='word_1_409' title='bbox 1527 723 1561 762; x_wconf 83' lang='grc' dir='ltr'><strong>ἧν</strong></span> <span class='ocrx_word' id='word_1_410' title='bbox 1587 725 1663 760; x_wconf 80' lang='grc' dir='ltr'>αὐτῷ</span> <span class='ocrx_word' id='word_1_411' title='bbox 1686 725 1763 760; x_wconf 80' lang='grc' dir='ltr'>παρὰ</span> <span class='ocrx_word' id='word_1_412' title='bbox 1782 725 1837 752; x_wconf 87' lang='grc' dir='ltr'><strong>τῶν</strong></span> 
     </span>
    </p>
   </div>
   <div class='ocr_carea' id='block_1_60' title="bbox 1046 769 1840 807">
    <p class='ocr_par' dir='ltr' id='par_1_60' title="bbox 1046 769 1840 807">
     <span class='ocr_line' id='line_1_60' title="bbox 1046 769 1840 807; baseline 0.004 -12"><span class='ocrx_word' id='word_1_413' title='bbox 1046 769 1176 796; x_wconf 74' lang='grc' dir='ltr'>ἁπάντων</span> <span class='ocrx_word' id='word_1_414' title='bbox 1191 771 1220 796; x_wconf 79' lang='grc' dir='ltr'>ἐν</span> <span class='ocrx_word' id='word_1_415' title='bbox 1237 772 1293 802; x_wconf 75' lang='grc' dir='ltr'>τοῖς</span> <span class='ocrx_word' id='word_1_416' title='bbox 1317 772 1461 803; x_wconf 82' lang='grc' dir='ltr'><strong>τοιούτοις.</strong></span> <span class='ocrx_word' id='word_1_417' title='bbox 1489 771 1525 798; x_wconf 79' lang='grc' dir='ltr'><strong>Τὸ</strong></span> <span class='ocrx_word' id='word_1_418' title='bbox 1540 771 1595 807; x_wconf 82' lang='grc' dir='ltr'><strong>γὰρ</strong></span> <span class='ocrx_word' id='word_1_419' title='bbox 1613 772 1642 798; x_wconf 80' lang='grc' dir='ltr'>ὲν</span> <span class='ocrx_word' id='word_1_420' title='bbox 1666 771 1753 798; x_wconf 70' lang='grc' dir='ltr'>ἅπασι</span> <span class='ocrx_word' id='word_1_421' title='bbox 1770 779 1840 806; x_wconf 83' lang='grc' dir='ltr'>κρα-</span> 
     </span>
    </p>
   </div>
   <div class='ocr_carea' id='block_1_61' title="bbox 1046 813 1836 851">
    <p class='ocr_par' dir='ltr' id='par_1_61' title="bbox 1046 813 1836 851">
     <span class='ocr_line' id='line_1_61' title="bbox 1046 813 1836 851; baseline 0.004 -11"><span class='ocrx_word' id='word_1_422' title='bbox 1046 815 1114 847; x_wconf 88' lang='grc' dir='ltr'>τεῖν,</span> <span class='ocrx_word' id='word_1_423' title='bbox 1129 816 1157 849; x_wconf 78' lang='grc' dir='ltr'><strong>ἐξ</strong></span> <span class='ocrx_word' id='word_1_424' title='bbox 1172 813 1209 842; x_wconf 82' lang='grc' dir='ltr'>ὧν</span> <span class='ocrx_word' id='word_1_425' title='bbox 1224 817 1430 851; x_wconf 85' lang='grc' dir='ltr'>στεφανώσεταί</span> <span class='ocrx_word' id='word_1_426' title='bbox 1445 826 1487 849; x_wconf 85' lang='grc' dir='ltr'><strong>τις</strong></span> <span class='ocrx_word' id='word_1_427' title='bbox 1505 818 1605 850; x_wconf 87' lang='grc' dir='ltr'>ἀολῶν,</span> <span class='ocrx_word' id='word_1_428' title='bbox 1621 817 1702 844; x_wconf 83' lang='grc' dir='ltr'>τοῦτο</span> <span class='ocrx_word' id='word_1_429' title='bbox 1719 817 1747 844; x_wconf 80' lang='grc' dir='ltr'>δέ</span> <span class='ocrx_word' id='word_1_430' title='bbox 1761 818 1785 844; x_wconf 80' lang='grc' dir='ltr'>οἱ</span> <span class='ocrx_word' id='word_1_431' title='bbox 1802 817 1836 843; x_wconf 85' lang='grc' dir='ltr'>ὲκ</span> 
     </span>
    </p>
   </div>
   <div class='ocr_carea' id='block_1_62' title="bbox 1050 861 1838 898">
    <p class='ocr_par' dir='ltr' id='par_1_62' title="bbox 1050 861 1838 898">
     <span class='ocr_line' id='line_1_62' title="bbox 1050 861 1838 898; baseline 0.001 -11"><span class='ocrx_word' id='word_1_432' title='bbox 1050 861 1144 892; x_wconf 79' lang='grc' dir='ltr'>παιδὸς</span> <span class='ocrx_word' id='word_1_433' title='bbox 1157 861 1278 894; x_wconf 78' lang='grc' dir='ltr'>ὡσπερεὶ</span> <span class='ocrx_word' id='word_1_434' title='bbox 1291 863 1527 898; x_wconf 80' lang='grc' dir='ltr'>συνεκεκλήρωτο,</span> <span class='ocrx_word' id='word_1_435' title='bbox 1545 864 1591 890; x_wconf 71' lang='grc' dir='ltr'>καὶ</span> <span class='ocrx_word' id='word_1_436' title='bbox 1607 862 1782 889; x_wconf 75' lang='grc' dir='ltr'>συνεπεδίδου</span> <span class='ocrx_word' id='word_1_437' title='bbox 1797 862 1838 896; x_wconf 79' lang='grc' dir='ltr'>τῷ</span> 
     </span>
    </p>
   </div>
   <div class='ocr_carea' id='block_1_63' title="bbox 1051 906 1839 943">
    <p class='ocr_par' dir='ltr' id='par_1_63' title="bbox 1051 906 1839 943">
     <span class='ocr_line' id='line_1_63' title="bbox 1051 906 1839 943; baseline 0.001 -11"><span class='ocrx_word' id='word_1_438' title='bbox 1051 909 1170 941; x_wconf 81' lang='grc' dir='ltr'>σώματι,</span> <span class='ocrx_word' id='word_1_439' title='bbox 1183 907 1251 942; x_wconf 74' lang='grc' dir='ltr'>πρὸς</span> <span class='ocrx_word' id='word_1_440' title='bbox 1266 908 1425 942; x_wconf 74' lang='grc' dir='ltr'>τελειότητα</span> <span class='ocrx_word' id='word_1_441' title='bbox 1437 909 1483 935; x_wconf 75' lang='grc' dir='ltr'><strong>καὶ</strong></span> <span class='ocrx_word' id='word_1_442' title='bbox 1500 909 1597 943; x_wconf 76' lang='grc' dir='ltr'>ῥώμην</span> <span class='ocrx_word' id='word_1_443' title='bbox 1614 908 1735 940; x_wconf 80' lang='grc' dir='ltr'>αὔξοντι.</span> <span class='ocrx_word' id='word_1_444' title='bbox 1751 906 1839 935; x_wconf 61' lang='grc' dir='ltr'>Ταυτὶ</span> 
     </span>
    </p>
   </div>
   <div class='ocr_carea' id='block_1_64' title="bbox 1050 952 1841 988">
    <p class='ocr_par' dir='ltr' id='par_1_64' title="bbox 1050 952 1841 988">
     <span class='ocr_line' id='line_1_64' title="bbox 1050 952 1841 988; baseline 0 -10"><span class='ocrx_word' id='word_1_445' title='bbox 1050 952 1103 987; x_wconf 83' lang='grc' dir='ltr'><strong>μὲν</strong></span> <span class='ocrx_word' id='word_1_446' title='bbox 1115 952 1162 979; x_wconf 81' lang='grc' dir='ltr'>οὖν</span> <span class='ocrx_word' id='word_1_447' title='bbox 1177 953 1211 979; x_wconf 77' lang='grc' dir='ltr'>τὰ</span> <span class='ocrx_word' id='word_1_448' title='bbox 1229 953 1384 987; x_wconf 76' lang='grc' dir='ltr'>εὐφραίνειν</span> <span class='ocrx_word' id='word_1_449' title='bbox 1399 953 1536 988; x_wconf 82' lang='grc' dir='ltr'>δυνάμενα</span> <span class='ocrx_word' id='word_1_450' title='bbox 1547 953 1760 987; x_wconf 79' lang='grc' dir='ltr'>ἐνθυμούμενος,</span> <span class='ocrx_word' id='word_1_451' title='bbox 1776 953 1841 978; x_wconf 80' lang='grc' dir='ltr'>ἑπε-</span> 
     </span>
    </p>
   </div>
   <div class='ocr_carea' id='block_1_65' title="bbox 1048 997 1839 1035">
    <p class='ocr_par' dir='ltr' id='par_1_65' title="bbox 1048 997 1839 1035">
     <span class='ocr_line' id='line_1_65' title="bbox 1048 997 1839 1035; baseline -0.001 -10"><span class='ocrx_word' id='word_1_452' title='bbox 1048 999 1221 1034; x_wconf 79' lang='grc' dir='ltr'>λανοανόμην</span> <span class='ocrx_word' id='word_1_453' title='bbox 1233 1000 1270 1030; x_wconf 81' lang='grc' dir='ltr'>ὡς</span> <span class='ocrx_word' id='word_1_454' title='bbox 1278 997 1371 1026; x_wconf 76' lang='grc' dir='ltr'>οἷόντε</span> <span class='ocrx_word' id='word_1_455' title='bbox 1382 1001 1436 1026; x_wconf 82' lang='grc' dir='ltr'>τῶν</span> <span class='ocrx_word' id='word_1_456' title='bbox 1447 1000 1567 1035; x_wconf 83' lang='grc' dir='ltr'>ἀνιαρῶν</span> <span class='ocrx_word' id='word_1_457' title='bbox 1577 1009 1585 1017; x_wconf 65' lang='grc'><strong><em>⁵</em></strong></span> <span class='ocrx_word' id='word_1_458' title='bbox 1600 999 1697 1034; x_wconf 77' lang='grc' dir='ltr'>ἐκείνῳ</span> <span class='ocrx_word' id='word_1_459' title='bbox 1709 999 1736 1025; x_wconf 79' lang='grc' dir='ltr'>δὲ</span> <span class='ocrx_word' id='word_1_460' title='bbox 1748 999 1839 1026; x_wconf 74' lang='grc' dir='ltr'>καίειν</span> 
     </span>
    </p>
   </div>
   <div class='ocr_carea' id='block_1_66' title="bbox 1048 1043 1610 1080">
    <p class='ocr_par' dir='ltr' id='par_1_66' title="bbox 1048 1043 1610 1080">
     <span class='ocr_line' id='line_1_66' title="bbox 1048 1043 1610 1080; baseline 0.005 -11"><span class='ocrx_word' id='word_1_461' title='bbox 1048 1043 1138 1079; x_wconf 83' lang='grc' dir='ltr'>ἐπῄει,</span> <span class='ocrx_word' id='word_1_462' title='bbox 1157 1043 1206 1078; x_wconf 76' lang='grc' dir='ltr'>τὴν</span> <span class='ocrx_word' id='word_1_463' title='bbox 1223 1043 1291 1079; x_wconf 82' lang='grc' dir='ltr'>ἐμὴν</span> <span class='ocrx_word' id='word_1_464' title='bbox 1307 1045 1337 1070; x_wconf 82' lang='grc' dir='ltr'>οὺ</span> <span class='ocrx_word' id='word_1_465' title='bbox 1351 1045 1462 1080; x_wconf 87' lang='grc' dir='ltr'>φέροντι</span> <span class='ocrx_word' id='word_1_466' title='bbox 1480 1045 1610 1080; x_wconf 80' lang='grc' dir='ltr'>μόνωσιν.</span> 
     </span>
    </p>
   </div>
   <div class='ocr_carea' id='block_1_67' title="bbox 1083 1134 1838 1171">
    <p class='ocr_par' dir='ltr' id='par_1_67' title="bbox 1083 1134 1838 1171">
     <span class='ocr_line' id='line_1_67' title="bbox 1083 1134 1838 1171; baseline 0.001 -10"><span class='ocrx_word' id='word_1_467' title='bbox 1083 1135 1120 1161; x_wconf 71' lang='grc' dir='ltr'><strong>Οὔ</strong></span> <span class='ocrx_word' id='word_1_468' title='bbox 1138 1134 1191 1170; x_wconf 76' lang='grc' dir='ltr'>μὴν</span> <span class='ocrx_word' id='word_1_469' title='bbox 1207 1135 1276 1162; x_wconf 81' lang='grc' dir='ltr'>ἀλλὰ</span> <span class='ocrx_word' id='word_1_470' title='bbox 1291 1136 1402 1162; x_wconf 72' lang='grc' dir='ltr'>κᾶκεῖνο</span> <span class='ocrx_word' id='word_1_471' title='bbox 1417 1136 1490 1162; x_wconf 82' lang='grc' dir='ltr'>τόνδε</span> <span class='ocrx_word' id='word_1_472' title='bbox 1511 1136 1684 1171; x_wconf 79' lang='grc' dir='ltr'>προσῆγχεν·</span> <span class='ocrx_word' id='word_1_473' title='bbox 1706 1135 1768 1162; x_wconf 77' lang='grc' dir='ltr'>οὔτε</span> <span class='ocrx_word' id='word_1_474' title='bbox 1782 1136 1838 1171; x_wconf 73' lang='grc' dir='ltr'>γὰρ</span> 
     </span>
    </p>
   </div>
   <div class='ocr_carea' id='block_1_68' title="bbox 1046 1179 1839 1218">
    <p class='ocr_par' dir='ltr' id='par_1_68' title="bbox 1046 1179 1839 1218">
     <span class='ocr_line' id='line_1_68' title="bbox 1046 1179 1839 1218; baseline 0.001 -11"><span class='ocrx_word' id='word_1_475' title='bbox 1046 1181 1107 1207; x_wconf 78' lang='grc' dir='ltr'>ὲνὺν</span> <span class='ocrx_word' id='word_1_476' title='bbox 1118 1179 1152 1216; x_wconf 80' lang='grc' dir='ltr'>ἦν</span> <span class='ocrx_word' id='word_1_477' title='bbox 1169 1182 1254 1217; x_wconf 84' lang='grc' dir='ltr'>αὐτῷ,</span> <span class='ocrx_word' id='word_1_478' title='bbox 1271 1183 1485 1218; x_wconf 77' lang='grc' dir='ltr'>ἐντεθραμμένῳ</span> <span class='ocrx_word' id='word_1_479' title='bbox 1501 1182 1539 1217; x_wconf 82' lang='grc' dir='ltr'><strong>τῷ</strong></span> <span class='ocrx_word' id='word_1_480' title='bbox 1561 1183 1629 1217; x_wconf 62' lang='grc' dir='ltr'>προς</span> <span class='ocrx_word' id='word_1_481' title='bbox 1645 1182 1690 1208; x_wconf 63' lang='grc' dir='ltr'>τὶν</span> <span class='ocrx_word' id='word_1_482' title='bbox 1705 1182 1772 1209; x_wconf 72' lang='grc' dir='ltr'>Θεὸν</span> <span class='ocrx_word' id='word_1_483' title='bbox 1789 1183 1839 1216; x_wconf 80' lang='grc' dir='ltr'>φό-</span> 
     </span>
    </p>
   </div>
   <div class='ocr_carea' id='block_1_69' title="bbox 1046 1227 1834 1263">
    <p class='ocr_par' dir='ltr' id='par_1_69' title="bbox 1046 1227 1834 1263">
     <span class='ocr_line' id='line_1_69' title="bbox 1046 1227 1834 1263; baseline 0.003 -10"><span class='ocrx_word' id='word_1_484' title='bbox 1046 1227 1095 1262; x_wconf 72' lang='grc' dir='ltr'><strong>ϐῳ,</strong></span> <span class='ocrx_word' id='word_1_485' title='bbox 1122 1227 1276 1263; x_wconf 78' lang='grc' dir='ltr'>ὑπεριδόντι</span> <span class='ocrx_word' id='word_1_486' title='bbox 1300 1228 1364 1260; x_wconf 69' lang='grc' dir='ltr'>τοὺς</span> <span class='ocrx_word' id='word_1_487' title='bbox 1381 1228 1491 1262; x_wconf 82' lang='grc' dir='ltr'>ὅρκους,</span> <span class='ocrx_word' id='word_1_488' title='bbox 1519 1229 1591 1263; x_wconf 85' lang='grc' dir='ltr'>μετὰ</span> <span class='ocrx_word' id='word_1_489' title='bbox 1613 1227 1690 1254; x_wconf 81' lang='grc' dir='ltr'>δόλου</span> <span class='ocrx_word' id='word_1_490' title='bbox 1714 1228 1834 1263; x_wconf 62' lang='grc' dir='ltr'>βοηθεῖν.</span> 
     </span>
    </p>
   </div>
   <div class='ocr_carea' id='block_1_70' title="bbox 1046 1270 1864 1309">
    <p class='ocr_par' dir='ltr' id='par_1_70' title="bbox 1046 1270 1864 1309">
     <span class='ocr_line' id='line_1_70' title="bbox 1046 1270 1864 1309; baseline 0.002 -10"><span class='ocrx_word' id='word_1_491' title='bbox 1046 1274 1150 1307; x_wconf 77' lang='grc' dir='ltr'>Πὸοεν;</span> <span class='ocrx_word' id='word_1_492' title='bbox 1170 1270 1192 1308; x_wconf 77' lang='grc' dir='ltr'><strong>ᾧ</strong></span> <span class='ocrx_word' id='word_1_493' title='bbox 1207 1275 1292 1308; x_wconf 80' lang='grc' dir='ltr'>μηδὲν</span> <span class='ocrx_word' id='word_1_494' title='bbox 1309 1274 1449 1309; x_wconf 79' lang='grc' dir='ltr'>ἀπατηλὸν</span> <span class='ocrx_word' id='word_1_495' title='bbox 1461 1274 1528 1309; x_wconf 86' lang='grc' dir='ltr'>μηδὲ</span> <span class='ocrx_word' id='word_1_496' title='bbox 1553 1274 1764 1309; x_wconf 78' lang='grc' dir='ltr'>παλινάγρετον,</span> <span class='ocrx_word' id='word_1_497' title='bbox 1778 1274 1792 1300; x_wconf 82' lang='grc' dir='ltr'><strong><em>ὃ</em></strong></span> <span class='ocrx_word' id='word_1_498' title='bbox 1807 1283 1835 1300; x_wconf 84' lang='grc' dir='ltr'><strong>τι</strong></span> <span class='ocrx_word' id='word_1_499' title='bbox 1862 1299 1864 1302; x_wconf 91' lang='grc'><strong>,</strong></span> 
     </span>
    </p>
   </div>
   <div class='ocr_carea' id='block_1_71' title="bbox 1045 1320 1833 1356">
    <p class='ocr_par' dir='ltr' id='par_1_71' title="bbox 1045 1320 1833 1356">
     <span class='ocr_line' id='line_1_71' title="bbox 1045 1320 1833 1356; baseline 0.001 -10"><span class='ocrx_word' id='word_1_500' title='bbox 1045 1320 1097 1346; x_wconf 75' lang='grc' dir='ltr'><strong>κᾶν</strong></span> <span class='ocrx_word' id='word_1_501' title='bbox 1112 1320 1218 1356; x_wconf 76' lang='grc' dir='ltr'>κεφαλῇ</span> <span class='ocrx_word' id='word_1_502' title='bbox 1243 1320 1390 1347; x_wconf 81' lang='grc' dir='ltr'>κατένευσε</span> <span class='ocrx_word' id='word_1_503' title='bbox 1404 1328 1410 1335; x_wconf 74' lang='grc'><em>’</em></span> <span class='ocrx_word' id='word_1_504' title='bbox 1423 1321 1470 1347; x_wconf 81' lang='grc' dir='ltr'>καὶ</span> <span class='ocrx_word' id='word_1_505' title='bbox 1484 1320 1515 1347; x_wconf 70' lang='grc' dir='ltr'>τὸ</span> <span class='ocrx_word' id='word_1_506' title='bbox 1528 1321 1596 1352; x_wconf 79' lang='grc' dir='ltr'>ὅλως</span> <span class='ocrx_word' id='word_1_507' title='bbox 1611 1321 1724 1355; x_wconf 84' lang='grc' dir='ltr'>ἀμελεῖν</span> <span class='ocrx_word' id='word_1_508' title='bbox 1745 1321 1833 1354; x_wconf 76' lang='grc' dir='ltr'>δόξαι,</span> 
     </span>
    </p>
   </div>
   <div class='ocr_carea' id='block_1_72' title="bbox 1044 1362 1832 1402">
    <p class='ocr_par' dir='ltr' id='par_1_72' title="bbox 1044 1362 1832 1402">
     <span class='ocr_line' id='line_1_72' title="bbox 1044 1362 1832 1402; baseline 0.004 -11"><span class='ocrx_word' id='word_1_509' title='bbox 1044 1362 1080 1391; x_wconf 82' lang='grc' dir='ltr'>ὧν</span> <span class='ocrx_word' id='word_1_510' title='bbox 1095 1365 1142 1392; x_wconf 83' lang='grc' dir='ltr'>καὶ</span> <span class='ocrx_word' id='word_1_511' title='bbox 1153 1367 1202 1401; x_wconf 78' lang='grc' dir='ltr'>τὴν</span> <span class='ocrx_word' id='word_1_512' title='bbox 1215 1366 1297 1393; x_wconf 79' lang='grc' dir='ltr'>αὐτοῦ</span> <span class='ocrx_word' id='word_1_513' title='bbox 1308 1366 1398 1402; x_wconf 79' lang='grc' dir='ltr'>ψυχὴν</span> <span class='ocrx_word' id='word_1_514' title='bbox 1412 1367 1489 1393; x_wconf 78' lang='grc' dir='ltr'>οὐδὲν</span> <span class='ocrx_word' id='word_1_515' title='bbox 1505 1364 1555 1402; x_wconf 75' lang='grc' dir='ltr'>ἦγε</span> <span class='ocrx_word' id='word_1_516' title='bbox 1573 1367 1683 1402; x_wconf 82' lang='grc' dir='ltr'>βελτίω,</span> <span class='ocrx_word' id='word_1_517' title='bbox 1697 1367 1832 1402; x_wconf 82' lang='grc' dir='ltr'>οὕμενουν</span> 
     </span>
    </p>
   </div>
   <div class='ocr_carea' id='block_1_73' title="bbox 1044 1411 1833 1449">
    <p class='ocr_par' dir='ltr' id='par_1_73' title="bbox 1044 1411 1833 1449">
     <span class='ocr_line' id='line_1_73' title="bbox 1044 1411 1833 1449; baseline 0.003 -11"><span class='ocrx_word' id='word_1_518' title='bbox 1044 1413 1136 1447; x_wconf 80' lang='grc' dir='ltr'>ἡγεῖτο</span> <span class='ocrx_word' id='word_1_519' title='bbox 1164 1413 1283 1448; x_wconf 81' lang='grc' dir='ltr'>φορητὸν</span> <span class='ocrx_word' id='word_1_520' title='bbox 1310 1413 1339 1440; x_wconf 73' lang='grc' dir='ltr'><strong>τδ</strong></span> <span class='ocrx_word' id='word_1_521' title='bbox 1356 1413 1488 1448; x_wconf 83' lang='grc' dir='ltr'>παράπαν</span> <span class='ocrx_word' id='word_1_522' title='bbox 1501 1421 1508 1427; x_wconf 89' lang='grc'><strong>·</strong></span> <span class='ocrx_word' id='word_1_523' title='bbox 1531 1411 1564 1449; x_wconf 72' lang='grc' dir='ltr'>ἦν</span> <span class='ocrx_word' id='word_1_524' title='bbox 1580 1413 1635 1449; x_wconf 80' lang='grc' dir='ltr'><strong>γὰρ</strong></span> <span class='ocrx_word' id='word_1_525' title='bbox 1650 1413 1778 1441; x_wconf 85' lang='grc' dir='ltr'>τοσοῦτον</span> <span class='ocrx_word' id='word_1_526' title='bbox 1802 1414 1833 1440; x_wconf 75' lang='grc' dir='ltr'><strong>ἐι</strong></span> 
     </span>
    </p>
   </div>
   <div class='ocr_carea' id='block_1_74' title="bbox 1043 1456 1832 1492">
    <p class='ocr_par' dir='ltr' id='par_1_74' title="bbox 1043 1456 1832 1492">
     <span class='ocr_line' id='line_1_74' title="bbox 1043 1456 1832 1492; baseline 0.001 -10"><span class='ocrx_word' id='word_1_527' title='bbox 1043 1456 1117 1492; x_wconf 80' lang='grc' dir='ltr'>αὐτῷ</span> <span class='ocrx_word' id='word_1_528' title='bbox 1131 1456 1161 1483; x_wconf 77' lang='grc' dir='ltr'>τὸ</span> <span class='ocrx_word' id='word_1_529' title='bbox 1173 1457 1325 1492; x_wconf 78' lang='grc' dir='ltr'>φιλότιμον,</span> <span class='ocrx_word' id='word_1_530' title='bbox 1348 1457 1409 1484; x_wconf 76' lang='grc' dir='ltr'>ὅσον</span> <span class='ocrx_word' id='word_1_531' title='bbox 1432 1457 1573 1484; x_wconf 69' lang='grc' dir='ltr'>εὐλαῆεἷτο</span> <span class='ocrx_word' id='word_1_532' title='bbox 1597 1459 1643 1484; x_wconf 70' lang='grc' dir='ltr'><strong>καὶ</strong></span> <span class='ocrx_word' id='word_1_533' title='bbox 1660 1459 1723 1490; x_wconf 80' lang='grc' dir='ltr'>τοὺς</span> <span class='ocrx_word' id='word_1_534' title='bbox 1737 1458 1767 1485; x_wconf 83' lang='grc' dir='ltr'>οὗ</span> <span class='ocrx_word' id='word_1_535' title='bbox 1792 1458 1832 1485; x_wconf 87' lang='grc' dir='ltr'>δι-</span> 
     </span>
    </p>
   </div>
   <div class='ocr_carea' id='block_1_75' title="bbox 1043 1502 1832 1540">
    <p class='ocr_par' dir='ltr' id='par_1_75' title="bbox 1043 1502 1832 1540">
     <span class='ocr_line' id='line_1_75' title="bbox 1043 1502 1832 1540; baseline 0.005 -12"><span class='ocrx_word' id='word_1_536' title='bbox 1043 1502 1125 1529; x_wconf 82' lang='grc' dir='ltr'>καίαν</span> <span class='ocrx_word' id='word_1_537' title='bbox 1151 1502 1305 1535; x_wconf 76' lang='grc' dir='ltr'>ἐξοίσοντας</span> <span class='ocrx_word' id='word_1_538' title='bbox 1331 1504 1435 1538; x_wconf 80' lang='grc' dir='ltr'>ψῆφον.</span> <span class='ocrx_word' id='word_1_539' title='bbox 1460 1504 1601 1537; x_wconf 81' lang='grc' dir='ltr'>Ἑναντίας</span> <span class='ocrx_word' id='word_1_540' title='bbox 1626 1505 1718 1532; x_wconf 83' lang='grc' dir='ltr'>τοίνυν</span> <span class='ocrx_word' id='word_1_541' title='bbox 1747 1505 1832 1540; x_wconf 78' lang='grc' dir='ltr'>οὔσης</span> 
     </span>
    </p>
   </div>
   <div class='ocr_carea' id='block_1_76' title="bbox 1043 1549 1828 1586">
    <p class='ocr_par' dir='ltr' id='par_1_76' title="bbox 1043 1549 1828 1586">
     <span class='ocr_line' id='line_1_76' title="bbox 1043 1549 1828 1586; baseline 0.004 -11"><span class='ocrx_word' id='word_1_542' title='bbox 1043 1549 1108 1584; x_wconf 77' lang='grc' dir='ltr'>ἡμῖν</span> <span class='ocrx_word' id='word_1_543' title='bbox 1122 1551 1172 1585; x_wconf 83' lang='grc' dir='ltr'>τῆς</span> <span class='ocrx_word' id='word_1_544' title='bbox 1190 1549 1338 1585; x_wconf 82' lang='grc' dir='ltr'>θελήσεως,</span> <span class='ocrx_word' id='word_1_545' title='bbox 1351 1550 1401 1585; x_wconf 73' lang='grc' dir='ltr'><strong>ὀψὲ</strong></span> <span class='ocrx_word' id='word_1_546' title='bbox 1418 1551 1465 1577; x_wconf 75' lang='grc' dir='ltr'>καὶ</span> <span class='ocrx_word' id='word_1_547' title='bbox 1489 1552 1569 1586; x_wconf 81' lang='grc' dir='ltr'>μόγις</span> <span class='ocrx_word' id='word_1_548' title='bbox 1584 1551 1667 1578; x_wconf 80' lang='grc' dir='ltr'>αὑτὸν</span> <span class='ocrx_word' id='word_1_549' title='bbox 1684 1552 1828 1585; x_wconf 77' lang='grc' dir='ltr'>ἀνέπεισα,</span> 
     </span>
    </p>
   </div>
   <div class='ocr_carea' id='block_1_77' title="bbox 1013 1588 1830 1632">
    <p class='ocr_par' dir='ltr' id='par_1_77' title="bbox 1013 1588 1830 1632">
     <span class='ocr_line' id='line_1_77' title="bbox 1013 1588 1830 1632; baseline 0.004 -11"><span class='ocrx_word' id='word_1_550' title='bbox 1013 1588 1024 1603; x_wconf 46' lang='grc'><strong><em>4</em></strong></span> <span class='ocrx_word' id='word_1_551' title='bbox 1041 1595 1075 1621; x_wconf 72' lang='grc' dir='ltr'><strong>τὰ</strong></span> <span class='ocrx_word' id='word_1_552' title='bbox 1094 1595 1143 1629; x_wconf 86' lang='grc' dir='ltr'>μὲν</span> <span class='ocrx_word' id='word_1_553' title='bbox 1158 1596 1265 1627; x_wconf 71' lang='grc' dir='ltr'>δεικνὺς</span> <span class='ocrx_word' id='word_1_554' title='bbox 1280 1595 1318 1628; x_wconf 81' lang='grc' dir='ltr'><strong>ὡς</strong></span> <span class='ocrx_word' id='word_1_555' title='bbox 1341 1596 1446 1631; x_wconf 81' lang='grc' dir='ltr'>βέλτιον</span> <span class='ocrx_word' id='word_1_556' title='bbox 1465 1597 1498 1623; x_wconf 83' lang='grc' dir='ltr'>ἂν</span> <span class='ocrx_word' id='word_1_557' title='bbox 1518 1597 1625 1631; x_wconf 69' lang='grc' dir='ltr'>γένοιτο</span> <span class='ocrx_word' id='word_1_558' title='bbox 1643 1599 1690 1624; x_wconf 82' lang='grc' dir='ltr'><strong>καὶ</strong></span> <span class='ocrx_word' id='word_1_559' title='bbox 1705 1598 1768 1632; x_wconf 81' lang='grc' dir='ltr'>ἐμοὶ</span> <span class='ocrx_word' id='word_1_560' title='bbox 1783 1602 1830 1625; x_wconf 79' lang='grc' dir='ltr'>καὶ</span> 
     </span>
    </p>
   </div>
   <div class='ocr_carea' id='block_1_78' title="bbox 1041 1642 1830 1679">
    <p class='ocr_par' dir='ltr' id='par_1_78' title="bbox 1041 1642 1830 1679">
     <span class='ocr_line' id='line_1_78' title="bbox 1041 1642 1830 1679; baseline 0.004 -11"><span class='ocrx_word' id='word_1_561' title='bbox 1041 1642 1080 1677; x_wconf 81' lang='grc' dir='ltr'>τῷ</span> <span class='ocrx_word' id='word_1_562' title='bbox 1094 1643 1189 1677; x_wconf 77' lang='grc' dir='ltr'>πατρὶ,</span> <span class='ocrx_word' id='word_1_563' title='bbox 1205 1642 1255 1669; x_wconf 84' lang='grc' dir='ltr'>οὐκ</span> <span class='ocrx_word' id='word_1_564' title='bbox 1270 1642 1326 1669; x_wconf 62' lang='lat' dir='ltr'><strong>om</strong></span> <span class='ocrx_word' id='word_1_565' title='bbox 1341 1643 1400 1677; x_wconf 73' lang='grc' dir='ltr'>μεθ’</span> <span class='ocrx_word' id='word_1_566' title='bbox 1420 1645 1498 1678; x_wconf 79' lang='grc' dir='ltr'>ἡμῶν</span> <span class='ocrx_word' id='word_1_567' title='bbox 1520 1645 1676 1679; x_wconf 76' lang='grc' dir='ltr'>τηνικαῦτα</span> <span class='ocrx_word' id='word_1_568' title='bbox 1696 1644 1784 1677; x_wconf 70' lang='grc' dir='ltr'>εὔνοις</span> <span class='ocrx_word' id='word_1_569' title='bbox 1800 1654 1830 1671; x_wconf 77' lang='grc' dir='ltr'>τι</span> 
     </span>
    </p>
   </div>
   <div class='ocr_carea' id='block_1_79' title="bbox 1045 1689 1828 1727">
    <p class='ocr_par' dir='ltr' id='par_1_79' title="bbox 1045 1689 1828 1727">
     <span class='ocr_line' id='line_1_79' title="bbox 1045 1689 1828 1727; baseline 0.004 -12"><span class='ocrx_word' id='word_1_570' title='bbox 1045 1689 1093 1715; x_wconf 69' lang='grc' dir='ltr'>καὶ</span> <span class='ocrx_word' id='word_1_571' title='bbox 1109 1689 1272 1724; x_wconf 82' lang='grc' dir='ltr'>δυσμενέσιν</span> <span class='ocrx_word' id='word_1_572' title='bbox 1287 1689 1369 1716; x_wconf 80' lang='grc' dir='ltr'>αὑτὸν</span> <span class='ocrx_word' id='word_1_573' title='bbox 1382 1692 1511 1720; x_wconf 71' lang='grc' dir='ltr'>συνεῖναι,</span> <span class='ocrx_word' id='word_1_574' title='bbox 1529 1691 1575 1717; x_wconf 77' lang='grc' dir='ltr'><strong>καὶ</strong></span> <span class='ocrx_word' id='word_1_575' title='bbox 1594 1691 1663 1725; x_wconf 77' lang='grc' dir='ltr'>πρὸς</span> <span class='ocrx_word' id='word_1_576' title='bbox 1681 1691 1828 1727; x_wconf 75' lang='grc' dir='ltr'>ἑκατέρους</span> 
     </span>
    </p>
   </div>
   <div class='ocr_carea' id='block_1_80' title="bbox 1041 1734 1830 1772">
    <p class='ocr_par' dir='ltr' id='par_1_80' title="bbox 1041 1734 1830 1772">
     <span class='ocr_line' id='line_1_80' title="bbox 1041 1734 1830 1772; baseline 0.005 -12"><span class='ocrx_word' id='word_1_577' title='bbox 1041 1734 1255 1768; x_wconf 69' lang='grc' dir='ltr'>διαπράττεσθαι</span> <span class='ocrx_word' id='word_1_578' title='bbox 1272 1735 1305 1761; x_wconf 74' lang='grc' dir='ltr'>τὰ</span> <span class='ocrx_word' id='word_1_579' title='bbox 1330 1736 1442 1762; x_wconf 71' lang='grc' dir='ltr'>εἰκόται</span> <span class='ocrx_word' id='word_1_580' title='bbox 1460 1736 1492 1762; x_wconf 70' lang='grc' dir='ltr'>τὰ</span> <span class='ocrx_word' id='word_1_581' title='bbox 1511 1736 1533 1762; x_wconf 83' lang='grc' dir='ltr'>δ’</span> <span class='ocrx_word' id='word_1_582' title='bbox 1558 1737 1779 1772; x_wconf 59' lang='grc' dir='ltr'>ἰσχυριζόμενος,</span> <span class='ocrx_word' id='word_1_583' title='bbox 1792 1737 1830 1768; x_wconf 70' lang='grc' dir='ltr'>ὡς</span> 
     </span>
    </p>
   </div>
   <div class='ocr_carea' id='block_1_81' title="bbox 1040 1775 1859 1819">
    <p class='ocr_par' dir='ltr' id='par_1_81' title="bbox 1040 1775 1859 1819">
     <span class='ocr_line' id='line_1_81' title="bbox 1040 1775 1859 1819; baseline 0.006 -12"><span class='ocrx_word' id='word_1_584' title='bbox 1040 1781 1160 1814; x_wconf 76' lang='grc' dir='ltr'>ἐμαυτόν</span> <span class='ocrx_word' id='word_1_585' title='bbox 1177 1789 1235 1812; x_wconf 86' lang='grc' dir='ltr'><strong>πως</strong></span> <span class='ocrx_word' id='word_1_586' title='bbox 1255 1781 1420 1816; x_wconf 71' lang='grc' dir='ltr'>αἰσθάνομαι</span> <span class='ocrx_word' id='word_1_587' title='bbox 1439 1784 1640 1818; x_wconf 64' lang='grc' dir='ltr'>πειρασόμενον</span> <span class='ocrx_word' id='word_1_588' title='bbox 1651 1783 1747 1810; x_wconf 81' lang='grc' dir='ltr'>δεινῶν</span> <span class='ocrx_word' id='word_1_589' title='bbox 1762 1786 1830 1819; x_wconf 77' lang='grc' dir='ltr'>ἁνη-</span> <span class='ocrx_word' id='word_1_590' title='bbox 1852 1775 1859 1779; x_wconf 18' lang='grc' dir='ltr'>Κ</span> 
     </span>
    </p>
   </div>
   <div class='ocr_carea' id='block_1_82' title="bbox 1040 1827 1830 1864">
    <p class='ocr_par' dir='ltr' id='par_1_82' title="bbox 1040 1827 1830 1864">
     <span class='ocr_line' id='line_1_82' title="bbox 1040 1827 1830 1864; baseline 0.006 -11"><span class='ocrx_word' id='word_1_591' title='bbox 1040 1828 1158 1860; x_wconf 76' lang='grc' dir='ltr'>κέστων,</span> <span class='ocrx_word' id='word_1_592' title='bbox 1175 1828 1208 1862; x_wconf 79' lang='grc' dir='ltr'><strong>ἦν</strong></span> <span class='ocrx_word' id='word_1_593' title='bbox 1221 1827 1372 1863; x_wconf 76' lang='grc' dir='ltr'>ἀπειθήσας</span> <span class='ocrx_word' id='word_1_594' title='bbox 1389 1829 1463 1863; x_wconf 68' lang='grc' dir='ltr'>ἐμοὶ,</span> <span class='ocrx_word' id='word_1_595' title='bbox 1480 1829 1528 1864; x_wconf 77' lang='grc' dir='ltr'>τὴν</span> <span class='ocrx_word' id='word_1_596' title='bbox 1540 1829 1646 1856; x_wconf 76' lang='grc' dir='ltr'>ἐκεῖθεν</span> <span class='ocrx_word' id='word_1_597' title='bbox 1657 1830 1748 1863; x_wconf 79' lang='grc' dir='ltr'>ἔξοδον</span> <span class='ocrx_word' id='word_1_598' title='bbox 1762 1832 1830 1858; x_wconf 83' lang='grc' dir='ltr'>ἀπο-</span> 
     </span>
    </p>
   </div>
   <div class='ocr_carea' id='block_1_83' title="bbox 1042 1873 1828 1911">
    <p class='ocr_par' dir='ltr' id='par_1_83' title="bbox 1042 1873 1828 1911">
     <span class='ocr_line' id='line_1_83' title="bbox 1042 1873 1828 1911; baseline 0.006 -13"><span class='ocrx_word' id='word_1_599' title='bbox 1042 1873 1175 1907; x_wconf 79' lang='grc' dir='ltr'>σείσηται.</span> <span class='ocrx_word' id='word_1_600' title='bbox 1194 1873 1288 1906; x_wconf 76' lang='grc' dir='ltr'>Οὕτως</span> <span class='ocrx_word' id='word_1_601' title='bbox 1303 1874 1407 1906; x_wconf 82' lang='grc' dir='ltr'>ἐκεῖνος</span> <span class='ocrx_word' id='word_1_602' title='bbox 1431 1875 1461 1901; x_wconf 86' lang='grc' dir='ltr'>οὐ</span> <span class='ocrx_word' id='word_1_603' title='bbox 1488 1875 1657 1911; x_wconf 74' lang='grc' dir='ltr'>κατεδέχετο,</span> <span class='ocrx_word' id='word_1_604' title='bbox 1674 1877 1735 1903; x_wconf 68' lang='grc' dir='ltr'>οὐδὲ</span> <span class='ocrx_word' id='word_1_605' title='bbox 1763 1877 1828 1911; x_wconf 74' lang='grc' dir='ltr'>γοῦν</span> 
     </span>
    </p>
   </div>
   <div class='ocr_carea' id='block_1_84' title="bbox 1039 1914 1829 1958">
    <p class='ocr_par' dir='ltr' id='par_1_84' title="bbox 1039 1914 1829 1958">
     <span class='ocr_line' id='line_1_84' title="bbox 1039 1914 1829 1958; baseline 0.006 -14"><span class='ocrx_word' id='word_1_606' title='bbox 1039 1919 1123 1954; x_wconf 64' lang='grc' dir='ltr'>ψευδῆ</span> <span class='ocrx_word' id='word_1_607' title='bbox 1140 1928 1200 1946; x_wconf 71' lang='grc' dir='ltr'>τινα</span> <span class='ocrx_word' id='word_1_608' title='bbox 1214 1920 1294 1953; x_wconf 67' lang='grc' dir='ltr'>δόξαν</span> <span class='ocrx_word' id='word_1_609' title='bbox 1308 1920 1363 1947; x_wconf 80' lang='grc' dir='ltr'>τῶν</span> <span class='ocrx_word' id='word_1_610' title='bbox 1377 1921 1407 1946; x_wconf 71' lang='grc' dir='ltr'>οὗ</span> <span class='ocrx_word' id='word_1_611' title='bbox 1427 1914 1519 1947; x_wconf 59' lang='grc' dir='ltr'>κέλῶν</span> <span class='ocrx_word' id='word_1_612' title='bbox 1534 1922 1733 1958; x_wconf 68' lang='grc' dir='ltr'>προπριὸῆναι</span> <span class='ocrx_word' id='word_1_613' title='bbox 1748 1931 1755 1937; x_wconf 83' lang='grc'><strong>’</strong></span> <span class='ocrx_word' id='word_1_614' title='bbox 1771 1923 1829 1949; x_wconf 77' lang='grc' dir='ltr'>ἀλλ’</span> 
     </span>
    </p>
   </div>
   <div class='ocr_carea' id='block_1_85' title="bbox 1039 1966 1828 2003">
    <p class='ocr_par' dir='ltr' id='par_1_85' title="bbox 1039 1966 1828 2003">
     <span class='ocr_line' id='line_1_85' title="bbox 1039 1966 1828 2003; baseline 0.005 -11"><span class='ocrx_word' id='word_1_615' title='bbox 1039 1966 1133 1993; x_wconf 78' lang='grc' dir='ltr'>ἐδεδίει</span> <span class='ocrx_word' id='word_1_616' title='bbox 1152 1966 1200 1994; x_wconf 73' lang='grc' dir='ltr'>καὶ</span> <span class='ocrx_word' id='word_1_617' title='bbox 1215 1968 1311 2002; x_wconf 79' lang='grc' dir='ltr'>φήμην</span> <span class='ocrx_word' id='word_1_618' title='bbox 1322 1967 1481 2002; x_wconf 79' lang='grc' dir='ltr'>ἀπᾴδουσαν</span> <span class='ocrx_word' id='word_1_619' title='bbox 1495 1967 1544 2001; x_wconf 78' lang='grc' dir='ltr'>τῆς</span> <span class='ocrx_word' id='word_1_620' title='bbox 1562 1968 1646 1995; x_wconf 75' lang='grc' dir='ltr'>αὐτοῦ</span> <span class='ocrx_word' id='word_1_621' title='bbox 1660 1969 1707 1995; x_wconf 73' lang='grc' dir='ltr'>καὶ</span> <span class='ocrx_word' id='word_1_622' title='bbox 1720 1969 1828 2003; x_wconf 78' lang='grc' dir='ltr'>φύσεως</span> 
     </span>
    </p>
   </div>
   <div class='ocr_carea' id='block_1_86' title="bbox 1040 2013 1828 2050">
    <p class='ocr_par' dir='ltr' id='par_1_86' title="bbox 1040 2013 1828 2050">
     <span class='ocr_line' id='line_1_86' title="bbox 1040 2013 1828 2050; baseline 0.005 -12"><span class='ocrx_word' id='word_1_623' title='bbox 1040 2013 1087 2039; x_wconf 84' lang='grc' dir='ltr'>καὶ</span> <span class='ocrx_word' id='word_1_624' title='bbox 1100 2014 1212 2047; x_wconf 84' lang='grc' dir='ltr'>γνώμης</span> <span class='ocrx_word' id='word_1_625' title='bbox 1225 2014 1272 2040; x_wconf 71' lang='grc' dir='ltr'><strong>κα)⁸</strong></span> <span class='ocrx_word' id='word_1_626' title='bbox 1292 2013 1428 2044; x_wconf 77' lang='grc' dir='ltr'>παιδείας.</span> <span class='ocrx_word' id='word_1_627' title='bbox 1446 2014 1524 2040; x_wconf 78' lang='grc' dir='ltr'>Οὕτω</span> <span class='ocrx_word' id='word_1_628' title='bbox 1540 2016 1608 2048; x_wconf 66' lang='grc' dir='ltr'>πρὸς</span> <span class='ocrx_word' id='word_1_629' title='bbox 1626 2016 1700 2050; x_wconf 78' lang='grc' dir='ltr'>ἡμᾶς</span> <span class='ocrx_word' id='word_1_630' title='bbox 1719 2015 1828 2048; x_wconf 63' lang='grc' dir='ltr'>ἀδελ-ξι-</span> 
     </span>
    </p>
   </div>
   <div class='ocr_carea' id='block_1_87' title="bbox 1039 2055 1827 2095">
    <p class='ocr_par' dir='ltr' id='par_1_87' title="bbox 1039 2055 1827 2095">
     <span class='ocr_line' id='line_1_87' title="bbox 1039 2055 1827 2095; baseline 0.004 -12"><span class='ocrx_word' id='word_1_631' title='bbox 1039 2058 1094 2089; x_wconf 75' lang='grc' dir='ltr'>νὼς</span> <span class='ocrx_word' id='word_1_632' title='bbox 1116 2055 1198 2092; x_wconf 72' lang='grc' dir='ltr'>εἶχεν,</span> <span class='ocrx_word' id='word_1_633' title='bbox 1214 2057 1252 2090; x_wconf 82' lang='grc' dir='ltr'>ὡς</span> <span class='ocrx_word' id='word_1_634' title='bbox 1276 2057 1380 2093; x_wconf 85' lang='grc' dir='ltr'>βέλτιον</span> <span class='ocrx_word' id='word_1_635' title='bbox 1397 2058 1475 2093; x_wconf 78' lang='grc' dir='ltr'>ἄγειν</span> <span class='ocrx_word' id='word_1_636' title='bbox 1498 2060 1618 2085; x_wconf 84' lang='grc' dir='ltr'>συνεῖναί</span> <span class='ocrx_word' id='word_1_637' title='bbox 1640 2069 1685 2094; x_wconf 83' lang='grc' dir='ltr'><strong>μοι</strong></span> <span class='ocrx_word' id='word_1_638' title='bbox 1702 2060 1749 2086; x_wconf 80' lang='grc' dir='ltr'>τοῦ</span> <span class='ocrx_word' id='word_1_639' title='bbox 1766 2059 1827 2095; x_wconf 73' lang='grc' dir='ltr'>μεθ’</span> 
     </span>
    </p>
   </div>
   <div class='ocr_carea' id='block_1_88' title="bbox 1039 2100 1826 2140">
    <p class='ocr_par' dir='ltr' id='par_1_88' title="bbox 1039 2100 1826 2140">
     <span class='ocr_line' id='line_1_88' title="bbox 1039 2100 1826 2140; baseline 0.004 -10"><span class='ocrx_word' id='word_1_640' title='bbox 1039 2103 1140 2139; x_wconf 76' lang='grc' dir='ltr'>ἑτέρων</span> <span class='ocrx_word' id='word_1_641' title='bbox 1161 2103 1286 2139; x_wconf 60' lang='grc' dir='ltr'>τρυφᾷψ</span> <span class='ocrx_word' id='word_1_642' title='bbox 1304 2103 1351 2129; x_wconf 77' lang='grc' dir='ltr'><strong>καὶ</strong></span> <span class='ocrx_word' id='word_1_643' title='bbox 1376 2100 1410 2139; x_wconf 86' lang='grc' dir='ltr'>ἧν</span> <span class='ocrx_word' id='word_1_644' title='bbox 1436 2103 1511 2139; x_wconf 80' lang='grc' dir='ltr'>αὐτῷ</span> <span class='ocrx_word' id='word_1_645' title='bbox 1534 2104 1720 2140; x_wconf 81' lang='grc' dir='ltr'>δεσμωτήριον</span> <span class='ocrx_word' id='word_1_646' title='bbox 1747 2106 1826 2140; x_wconf 81' lang='grc' dir='ltr'>τάφῳ</span> 
     </span>
    </p>
   </div>
   <div class='ocr_carea' id='block_1_89' title="bbox 1039 2149 1827 2188">
    <p class='ocr_par' dir='ltr' id='par_1_89' title="bbox 1039 2149 1827 2188">
     <span class='ocr_line' id='line_1_89' title="bbox 1039 2149 1827 2188; baseline 0.005 -13"><span class='ocrx_word' id='word_1_647' title='bbox 1039 2149 1232 2185; x_wconf 81' lang='grc' dir='ltr'>παραπλήσιον</span> <span class='ocrx_word' id='word_1_648' title='bbox 1246 2149 1300 2176; x_wconf 81' lang='grc' dir='ltr'>τῶν</span> <span class='ocrx_word' id='word_1_649' title='bbox 1312 2149 1458 2185; x_wconf 74' lang='grc' dir='ltr'>βασιλείων</span> <span class='ocrx_word' id='word_1_650' title='bbox 1480 2150 1685 2188; x_wconf 68' lang='grc' dir='ltr'>λαμπρότερον,</span> <span class='ocrx_word' id='word_1_651' title='bbox 1702 2153 1748 2179; x_wconf 82' lang='grc' dir='ltr'><strong>καὶ</strong></span> <span class='ocrx_word' id='word_1_652' title='bbox 1763 2154 1827 2179; x_wconf 80' lang='grc' dir='ltr'>σκό-</span> 
     </span>
    </p>
   </div>
   <div class='ocr_carea' id='block_1_90' title="bbox 1041 2195 1827 2231">
    <p class='ocr_par' dir='ltr' id='par_1_90' title="bbox 1041 2195 1827 2231">
     <span class='ocr_line' id='line_1_90' title="bbox 1041 2195 1827 2231; baseline 0.004 -9"><span class='ocrx_word' id='word_1_653' title='bbox 1041 2205 1085 2228; x_wconf 85' lang='grc' dir='ltr'><strong>τος</strong></span> <span class='ocrx_word' id='word_1_654' title='bbox 1104 2196 1292 2231; x_wconf 76' lang='grc' dir='ltr'>ποθεινότερον</span> <span class='ocrx_word' id='word_1_655' title='bbox 1320 2195 1371 2229; x_wconf 73' lang='grc' dir='ltr'>τῆς</span> <span class='ocrx_word' id='word_1_656' title='bbox 1395 2197 1521 2228; x_wconf 79' lang='grc' dir='ltr'>ἀκτῖνος·</span> <span class='ocrx_word' id='word_1_657' title='bbox 1551 2198 1599 2224; x_wconf 69' lang='grc' dir='ltr'>καὶ</span> <span class='ocrx_word' id='word_1_658' title='bbox 1614 2198 1709 2230; x_wconf 83' lang='grc' dir='ltr'>ἁπλῶς</span> <span class='ocrx_word' id='word_1_659' title='bbox 1738 2199 1827 2225; x_wconf 70' lang='grc' dir='ltr'>πάντα</span> 
     </span>
    </p>
   </div>
   <div class='ocr_carea' id='block_1_91' title="bbox 194 2241 988 2279">
    <p class='ocr_par' dir='ltr' id='par_1_91' title="bbox 194 2242 982 2278">
     <span class='ocr_line' id='line_1_91' title="bbox 194 2242 982 2278; baseline -0.001 -7"><span class='ocrx_word' id='word_1_660' title='bbox 194 2250 255 2272; x_wconf 82' lang='lat' dir='ltr'><strong>seut</strong></span> <span class='ocrx_word' id='word_1_661' title='bbox 270 2244 429 2276; x_wconf 86' lang='lat' dir='ltr'><strong>durissima,</strong></span> <span class='ocrx_word' id='word_1_662' title='bbox 457 2245 584 2271; x_wconf 89' lang='lat' dir='ltr'><strong>omnibus</strong></span> <span class='ocrx_word' id='word_1_663' title='bbox 609 2243 738 2278; x_wconf 87' lang='lat' dir='ltr'><strong>deinceps</strong></span> <span class='ocrx_word' id='word_1_664' title='bbox 754 2242 893 2275; x_wconf 79' lang='lat' dir='ltr'><strong>dulcibus,</strong></span> <span class='ocrx_word' id='word_1_665' title='bbox 913 2250 982 2277; x_wconf 89' lang='lat' dir='ltr'><strong>quo-</strong></span> 
     </span>
    </p>
   </div>
   <div class='ocr_carea' id='block_1_92' title="bbox 1042 2241 1827 2279">
    <p class='ocr_par' dir='ltr' id='par_1_92' title="bbox 1042 2241 1827 2279">
     <span class='ocr_line' id='line_1_92' title="bbox 1042 2241 1827 2279; baseline 0.005 -12"><span class='ocrx_word' id='word_1_666' title='bbox 1042 2241 1103 2277; x_wconf 65' lang='grc' dir='ltr'>ίὶδίω</span> <span class='ocrx_word' id='word_1_667' title='bbox 1127 2241 1161 2267; x_wconf 79' lang='grc' dir='ltr'><strong>τὰ</strong></span> <span class='ocrx_word' id='word_1_668' title='bbox 1179 2241 1238 2277; x_wconf 76' lang='grc' dir='ltr'>μετ’</span> <span class='ocrx_word' id='word_1_669' title='bbox 1254 2241 1333 2276; x_wconf 77' lang='grc' dir='ltr'>ἐμοῦ,</span> <span class='ocrx_word' id='word_1_670' title='bbox 1356 2243 1380 2268; x_wconf 85' lang='grc' dir='ltr'><strong>εί</strong></span> <span class='ocrx_word' id='word_1_671' title='bbox 1397 2242 1444 2268; x_wconf 70' lang='grc' dir='ltr'>καὶ</span> <span class='ocrx_word' id='word_1_672' title='bbox 1469 2242 1527 2270; x_wconf 75' lang='grc' dir='ltr'>λίαν</span> <span class='ocrx_word' id='word_1_673' title='bbox 1542 2243 1683 2270; x_wconf 79' lang='grc' dir='ltr'>δεινότατα</span> <span class='ocrx_word' id='word_1_674' title='bbox 1708 2243 1752 2279; x_wconf 80' lang='grc' dir='ltr'>ἦν,</span> <span class='ocrx_word' id='word_1_675' title='bbox 1772 2246 1827 2271; x_wconf 81' lang='grc' dir='ltr'>τῶν</span> 
     </span>
    </p>
   </div>
   <div class='ocr_carea' id='block_1_93' title="bbox 194 2289 982 2325">
    <p class='ocr_par' dir='ltr' id='par_1_93' title="bbox 194 2289 982 2325">
     <span class='ocr_line' id='line_1_93' title="bbox 194 2289 982 2325; baseline -0.004 -7"><span class='ocrx_word' id='word_1_676' title='bbox 194 2299 254 2318; x_wconf 90' lang='lat' dir='ltr'><strong>rum</strong></span> <span class='ocrx_word' id='word_1_677' title='bbox 271 2290 328 2325; x_wconf 91' lang='lat' dir='ltr'><strong>ipse</strong></span> <span class='ocrx_word' id='word_1_678' title='bbox 341 2298 437 2317; x_wconf 78' lang='lat' dir='ltr'><strong>exsors</strong></span> <span class='ocrx_word' id='word_1_679' title='bbox 458 2297 544 2317; x_wconf 82' lang='lat' dir='ltr'><strong>erant.</strong></span> <span class='ocrx_word' id='word_1_680' title='bbox 574 2289 621 2317; x_wconf 91' lang='lat' dir='ltr'><strong>Sic</strong></span> <span class='ocrx_word' id='word_1_681' title='bbox 652 2296 714 2316; x_wconf 77' lang='lat' dir='ltr'><strong>Vero</strong></span> <span class='ocrx_word' id='word_1_682' title='bbox 742 2296 837 2316; x_wconf 88' lang='lat' dir='ltr'><strong>rursus</strong></span> <span class='ocrx_word' id='word_1_683' title='bbox 852 2289 895 2321; x_wconf 88' lang='lat' dir='ltr'><strong>iis,</strong></span> <span class='ocrx_word' id='word_1_684' title='bbox 921 2297 982 2324; x_wconf 77' lang='lat' dir='ltr'><strong>qua:</strong></span> 
     </span>
    </p>
   </div>
   <div class='ocr_carea' id='block_1_94' title="bbox 194 2335 980 2367">
    <p class='ocr_par' dir='ltr' id='par_1_94' title="bbox 194 2335 980 2367">
     <span class='ocr_line' id='line_1_94' title="bbox 194 2335 980 2367; baseline -0.005 -3"><span class='ocrx_word' id='word_1_685' title='bbox 194 2337 250 2364; x_wconf 78' lang='lat' dir='ltr'><strong>visa</strong></span> <span class='ocrx_word' id='word_1_686' title='bbox 264 2337 329 2364; x_wconf 93' lang='lat' dir='ltr'><strong>mthi</strong></span> <span class='ocrx_word' id='word_1_687' title='bbox 345 2340 436 2364; x_wconf 86' lang='lat' dir='ltr'><strong>essent</strong></span> <span class='ocrx_word' id='word_1_688' title='bbox 448 2335 661 2367; x_wconf 81' lang='lat' dir='ltr'><strong>obsequebatur,</strong></span> <span class='ocrx_word' id='word_1_689' title='bbox 677 2339 705 2361; x_wconf 97' lang='lat' dir='ltr'><strong>ut</strong></span> <span class='ocrx_word' id='word_1_690' title='bbox 719 2335 760 2361; x_wconf 87' lang='lat' dir='ltr'><strong>vel</strong></span> <span class='ocrx_word' id='word_1_691' title='bbox 775 2338 879 2361; x_wconf 88' lang='lat' dir='ltr'><strong>tantum</strong></span> <span class='ocrx_word' id='word_1_692' title='bbox 891 2341 980 2361; x_wconf 86' lang='lat' dir='ltr'><strong>annu-</strong></span> 
     </span>
    </p>
   </div>
   <div class='ocr_carea' id='block_1_95' title="bbox 191 2373 981 2417">
    <p class='ocr_par' dir='ltr' id='par_1_95' title="bbox 191 2373 981 2417">
     <span class='ocr_line' id='line_1_95' title="bbox 191 2373 981 2417; baseline -0.004 -7"><span class='ocrx_word' id='word_1_693' title='bbox 191 2391 238 2410; x_wconf 80' lang='lat' dir='ltr'><strong>ere</strong></span> <span class='ocrx_word' id='word_1_694' title='bbox 253 2383 360 2411; x_wconf 82' lang='lat' dir='ltr'><strong>abunde</strong></span> <span class='ocrx_word' id='word_1_695' title='bbox 376 2387 459 2410; x_wconf 86' lang='lat' dir='ltr'><strong>esset.</strong></span> <span class='ocrx_word' id='word_1_696' title='bbox 474 2382 574 2417; x_wconf 81' lang='lat' dir='ltr'><strong>Aitque</strong></span> <span class='ocrx_word' id='word_1_697' title='bbox 597 2381 734 2408; x_wconf 78' lang='lat' dir='ltr'><strong>facturum</strong></span> <span class='ocrx_word' id='word_1_698' title='bbox 759 2373 829 2415; x_wconf 78' lang='lat' dir='ltr'><strong>quod</strong></span> <span class='ocrx_word' id='word_1_699' title='bbox 846 2380 981 2414; x_wconf 89' lang='lat' dir='ltr'><strong>volebatn,</strong></span> 
     </span>
    </p>
   </div>
   <div class='ocr_carea' id='block_1_96' title="bbox 192 2427 981 2466">
    <p class='ocr_par' dir='ltr' id='par_1_96' title="bbox 192 2427 981 2466">
     <span class='ocr_line' id='line_1_96' title="bbox 192 2427 981 2466; baseline -0.005 -8"><span class='ocrx_word' id='word_1_700' title='bbox 192 2438 348 2466; x_wconf 78' lang='lat' dir='ltr'><strong>quanquam</strong></span> <span class='ocrx_word' id='word_1_701' title='bbox 362 2430 388 2456; x_wconf 89' lang='lat' dir='ltr'><strong>id</strong></span> <span class='ocrx_word' id='word_1_702' title='bbox 408 2429 475 2456; x_wconf 88' lang='lat' dir='ltr'><strong>ﬂens</strong></span> <span class='ocrx_word' id='word_1_703' title='bbox 490 2436 594 2455; x_wconf 84' lang='lat' dir='ltr'><strong>amare.</strong></span> <span class='ocrx_word' id='word_1_704' title='bbox 616 2428 650 2455; x_wconf 84' lang='lat' dir='ltr'><strong>At</strong></span> <span class='ocrx_word' id='word_1_705' title='bbox 665 2435 714 2463; x_wconf 70' lang='lat' dir='ltr'><strong>ego</strong></span> <span class='ocrx_word' id='word_1_706' title='bbox 725 2448 732 2460; x_wconf 90' lang='lat'><strong>,</strong></span> <span class='ocrx_word' id='word_1_707' title='bbox 746 2428 797 2455; x_wconf 89' lang='lat' dir='ltr'><strong>etsi</strong></span> <span class='ocrx_word' id='word_1_708' title='bbox 828 2427 926 2454; x_wconf 91' lang='lat' dir='ltr'><strong>mirum</strong></span> <span class='ocrx_word' id='word_1_709' title='bbox 941 2428 981 2454; x_wconf 84' lang='lat' dir='ltr'><strong>vi-</strong></span> 
     </span>
    </p>
   </div>
   <div class='ocr_carea' id='block_1_97' title="bbox 192 2475 980 2510">
    <p class='ocr_par' dir='ltr' id='par_1_97' title="bbox 192 2475 980 2510">
     <span class='ocr_line' id='line_1_97' title="bbox 192 2475 980 2510; baseline -0.004 -6"><span class='ocrx_word' id='word_1_710' title='bbox 192 2478 300 2510; x_wconf 78' lang='lat' dir='ltr'><strong>deatur,</strong></span> <span class='ocrx_word' id='word_1_711' title='bbox 314 2482 344 2504; x_wconf 91' lang='lat' dir='ltr'><strong>ut</strong></span> <span class='ocrx_word' id='word_1_712' title='bbox 374 2477 456 2504; x_wconf 86' lang='lat' dir='ltr'><strong>ﬂente</strong></span> <span class='ocrx_word' id='word_1_713' title='bbox 477 2476 534 2509; x_wconf 90' lang='lat' dir='ltr'><strong>illo,</strong></span> <span class='ocrx_word' id='word_1_714' title='bbox 556 2483 635 2510; x_wconf 67' lang='lat' dir='ltr'><strong>teque</strong></span> <span class='ocrx_word' id='word_1_715' title='bbox 665 2476 723 2508; x_wconf 86' lang='lat' dir='ltr'><strong>ipse</strong></span> <span class='ocrx_word' id='word_1_716' title='bbox 750 2475 843 2502; x_wconf 83' lang='lat' dir='ltr'><strong>animo</strong></span> <span class='ocrx_word' id='word_1_717' title='bbox 867 2482 955 2502; x_wconf 81' lang='lat' dir='ltr'><strong>essem</strong></span> <span class='ocrx_word' id='word_1_718' title='bbox 972 2494 980 2505; x_wconf 91' lang='lat'><strong>,</strong></span> 
     </span>
    </p>
   </div>
   <div class='ocr_carea' id='block_1_98' title="bbox 192 2521 980 2559">
    <p class='ocr_par' dir='ltr' id='par_1_98' title="bbox 192 2521 980 2559">
     <span class='ocr_line' id='line_1_98' title="bbox 192 2521 980 2559; baseline -0.005 -8"><span class='ocrx_word' id='word_1_719' title='bbox 192 2523 344 2559; x_wconf 76' lang='lat' dir='ltr'><strong>gaudebam</strong></span> <span class='ocrx_word' id='word_1_720' title='bbox 363 2528 453 2550; x_wconf 79' lang='lat' dir='ltr'><strong>tamen</strong></span> <span class='ocrx_word' id='word_1_721' title='bbox 471 2522 530 2557; x_wconf 85' lang='lat' dir='ltr'><strong>ejus</strong></span> <span class='ocrx_word' id='word_1_722' title='bbox 546 2523 631 2556; x_wconf 86' lang='lat' dir='ltr'><strong>ipsius</strong></span> <span class='ocrx_word' id='word_1_723' title='bbox 648 2522 694 2556; x_wconf 86' lang='lat' dir='ltr'><strong>qui</strong></span> <span class='ocrx_word' id='word_1_724' title='bbox 717 2521 804 2554; x_wconf 86' lang='lat' dir='ltr'><strong>ﬂeret,</strong></span> <span class='ocrx_word' id='word_1_725' title='bbox 827 2528 859 2548; x_wconf 88' lang='lat' dir='ltr'><strong>ac</strong></span> <span class='ocrx_word' id='word_1_726' title='bbox 896 2521 980 2556; x_wconf 84' lang='lat' dir='ltr'><strong>patris</strong></span> 
     </span>
    </p>
   </div>
   <div class='ocr_carea' id='block_1_99' title="bbox 190 2567 980 2605">
    <p class='ocr_par' dir='ltr' id='par_1_99' title="bbox 190 2567 980 2605">
     <span class='ocr_line' id='line_1_99' title="bbox 190 2567 980 2605; baseline -0.005 -7"><span class='ocrx_word' id='word_1_727' title='bbox 190 2570 366 2605; x_wconf 81' lang='lat' dir='ltr'><strong>imperatoris</strong></span> <span class='ocrx_word' id='word_1_728' title='bbox 393 2576 495 2596; x_wconf 84' lang='lat' dir='ltr'><strong>amore.</strong></span> <span class='ocrx_word' id='word_1_729' title='bbox 514 2568 582 2596; x_wconf 82' lang='lat' dir='ltr'><strong>Fore</strong></span> <span class='ocrx_word' id='word_1_730' title='bbox 597 2568 669 2595; x_wconf 88' lang='lat' dir='ltr'><strong>enim</strong></span> <span class='ocrx_word' id='word_1_731' title='bbox 697 2567 825 2602; x_wconf 86' lang='lat' dir='ltr'><strong>putabam</strong></span> <span class='ocrx_word' id='word_1_732' title='bbox 849 2567 919 2601; x_wconf 80' lang='lat' dir='ltr'><strong>patri</strong></span> <span class='ocrx_word' id='word_1_733' title='bbox 935 2575 980 2594; x_wconf 90' lang='lat' dir='ltr'><strong>so-</strong></span> 
     </span>
    </p>
   </div>
   <div class='ocr_carea' id='block_1_100' title="bbox 191 2614 977 2649">
    <p class='ocr_par' dir='ltr' id='par_1_100' title="bbox 191 2614 977 2649">
     <span class='ocr_line' id='line_1_100' title="bbox 191 2614 977 2649; baseline -0.005 -6"><span class='ocrx_word' id='word_1_734' title='bbox 191 2617 267 2648; x_wconf 80' lang='lat' dir='ltr'><strong>latio,</strong></span> <span class='ocrx_word' id='word_1_735' title='bbox 283 2622 312 2643; x_wconf 96' lang='lat' dir='ltr'><strong>ut</strong></span> <span class='ocrx_word' id='word_1_736' title='bbox 329 2617 352 2643; x_wconf 92' lang='lat' dir='ltr'><strong>ei</strong></span> <span class='ocrx_word' id='word_1_737' title='bbox 367 2616 450 2646; x_wconf 84' lang='lat' dir='ltr'><strong>ﬁlius.</strong></span> <span class='ocrx_word' id='word_1_738' title='bbox 465 2620 495 2642; x_wconf 88' lang='lat' dir='ltr'><strong>ut</strong></span> <span class='ocrx_word' id='word_1_739' title='bbox 518 2615 554 2642; x_wconf 91' lang='lat' dir='ltr'><strong>ita</strong></span> <span class='ocrx_word' id='word_1_740' title='bbox 568 2615 676 2649; x_wconf 89' lang='lat' dir='ltr'><strong>loquar,</strong></span> <span class='ocrx_word' id='word_1_741' title='bbox 694 2614 727 2640; x_wconf 79' lang='lat' dir='ltr'><strong>ad</strong></span> <span class='ocrx_word' id='word_1_742' title='bbox 761 2614 843 2640; x_wconf 84' lang='lat' dir='ltr'><strong>vitam</strong></span> <span class='ocrx_word' id='word_1_743' title='bbox 864 2614 977 2640; x_wconf 87' lang='lat' dir='ltr'><strong>rediret.</strong></span> 
     </span>
    </p>
   </div>
   <div class='ocr_carea' id='block_1_101' title="bbox 190 2660 976 2696">
    <p class='ocr_par' dir='ltr' id='par_1_101' title="bbox 190 2660 976 2696">
     <span class='ocr_line' id='line_1_101' title="bbox 190 2660 976 2696; baseline -0.005 -6"><span class='ocrx_word' id='word_1_744' title='bbox 190 2664 336 2695; x_wconf 78' lang='lat' dir='ltr'><strong>Caeterum,</strong></span> <span class='ocrx_word' id='word_1_745' title='bbox 356 2670 418 2690; x_wconf 88' lang='lat' dir='ltr'><strong>cum</strong></span> <span class='ocrx_word' id='word_1_746' title='bbox 431 2661 510 2689; x_wconf 81' lang='lat' dir='ltr'><strong>resin</strong></span> <span class='ocrx_word' id='word_1_747' title='bbox 527 2666 652 2696; x_wconf 86' lang='lat' dir='ltr'><strong>promptu</strong></span> <span class='ocrx_word' id='word_1_748' title='bbox 678 2661 804 2688; x_wconf 89' lang='lat' dir='ltr'><strong>omnibus</strong></span> <span class='ocrx_word' id='word_1_749' title='bbox 829 2660 976 2692; x_wconf 87' lang='lat' dir='ltr'><strong>videretur,</strong></span> 
     </span>
    </p>
   </div>
   <div class='ocr_carea' id='block_1_102' title="bbox 189 2706 978 2741">
    <p class='ocr_par' dir='ltr' id='par_1_102' title="bbox 189 2706 978 2741">
     <span class='ocr_line' id='line_1_102' title="bbox 189 2706 978 2741; baseline -0.006 -5"><span class='ocrx_word' id='word_1_750' title='bbox 189 2709 261 2736; x_wconf 85' lang='lat' dir='ltr'><strong>haud</strong></span> <span class='ocrx_word' id='word_1_751' title='bbox 278 2714 369 2737; x_wconf 86' lang='lat' dir='ltr'><strong>tamen</strong></span> <span class='ocrx_word' id='word_1_752' title='bbox 388 2709 491 2736; x_wconf 77' lang='lat' dir='ltr'><strong>exitum</strong></span> <span class='ocrx_word' id='word_1_753' title='bbox 509 2708 615 2740; x_wconf 79' lang='lat' dir='ltr'><strong>habuit,</strong></span> <span class='ocrx_word' id='word_1_754' title='bbox 630 2707 685 2735; x_wconf 87' lang='lat' dir='ltr'><strong>Deo</strong></span> <span class='ocrx_word' id='word_1_755' title='bbox 712 2707 806 2734; x_wconf 78' lang='lat' dir='ltr'><strong>melius</strong></span> <span class='ocrx_word' id='word_1_756' title='bbox 829 2706 978 2741; x_wconf 83' lang='lat' dir='ltr'><strong>aliquidde</strong></span> 
     </span>
    </p>
   </div>
   <div class='ocr_carea' id='block_1_103' title="bbox 189 2754 978 2791">
    <p class='ocr_par' dir='ltr' id='par_1_103' title="bbox 189 2754 978 2791">
     <span class='ocr_line' id='line_1_103' title="bbox 189 2754 978 2791; baseline -0.004 -9"><span class='ocrx_word' id='word_1_757' title='bbox 189 2757 267 2784; x_wconf 87' lang='lat' dir='ltr'><strong>nobis</strong></span> <span class='ocrx_word' id='word_1_758' title='bbox 284 2756 458 2791; x_wconf 81' lang='lat' dir='ltr'><strong>disponente,</strong></span> <span class='ocrx_word' id='word_1_759' title='bbox 471 2760 501 2783; x_wconf 93' lang='lat' dir='ltr'><strong>ut</strong></span> <span class='ocrx_word' id='word_1_760' title='bbox 519 2764 552 2782; x_wconf 89' lang='lat' dir='ltr'><strong>ne</strong></span> <span class='ocrx_word' id='word_1_761' title='bbox 577 2755 707 2782; x_wconf 88' lang='lat' dir='ltr'><strong>nimirum</strong></span> <span class='ocrx_word' id='word_1_762' title='bbox 727 2755 772 2781; x_wconf 86' lang='lat' dir='ltr'><strong>ille</strong></span> <span class='ocrx_word' id='word_1_763' title='bbox 804 2754 909 2789; x_wconf 85' lang='lat' dir='ltr'><strong>absque</strong></span> <span class='ocrx_word' id='word_1_764' title='bbox 936 2761 978 2780; x_wconf 92' lang='lat' dir='ltr'><strong>me</strong></span> 
     </span>
    </p>
   </div>
   <div class='ocr_carea' id='block_1_104' title="bbox 188 2799 976 2836">
    <p class='ocr_par' dir='ltr' id='par_1_104' title="bbox 188 2799 976 2836">
     <span class='ocr_line' id='line_1_104' title="bbox 188 2799 976 2836; baseline -0.003 -9"><span class='ocrx_word' id='word_1_765' title='bbox 188 2809 219 2828; x_wconf 88' lang='lat' dir='ltr'><strong>ac</strong></span> <span class='ocrx_word' id='word_1_766' title='bbox 236 2803 417 2836; x_wconf 85' lang='lat' dir='ltr'><strong>patreexiret.</strong></span> <span class='ocrx_word' id='word_1_767' title='bbox 444 2801 522 2834; x_wconf 80' lang='lat' dir='ltr'><strong>Quod</strong></span> <span class='ocrx_word' id='word_1_768' title='bbox 550 2801 623 2829; x_wconf 86' lang='lat' dir='ltr'><strong>enim</strong></span> <span class='ocrx_word' id='word_1_769' title='bbox 646 2801 787 2835; x_wconf 87' lang='lat' dir='ltr'><strong>itnpcdivit</strong></span> <span class='ocrx_word' id='word_1_770' title='bbox 818 2799 976 2832; x_wconf 86' lang='lat' dir='ltr'><strong>cousilium,</strong></span> 
     </span>
    </p>
   </div>
   <div class='ocr_carea' id='block_1_105' title="bbox 186 2846 977 2876">
    <p class='ocr_par' dir='ltr' id='par_1_105' title="bbox 186 2846 977 2876">
     <span class='ocr_line' id='line_1_105' title="bbox 186 2846 977 2876; baseline -0.001 -3"><span class='ocrx_word' id='word_1_771' title='bbox 186 2849 314 2874; x_wconf 83' lang='lat' dir='ltr'><strong>omnilms</strong></span> <span class='ocrx_word' id='word_1_772' title='bbox 329 2848 408 2875; x_wconf 89' lang='lat' dir='ltr'><strong>nobis</strong></span> <span class='ocrx_word' id='word_1_773' title='bbox 419 2847 543 2876; x_wconf 85' lang='lat' dir='ltr'><strong>elabendi</strong></span> <span class='ocrx_word' id='word_1_774' title='bbox 567 2854 582 2874; x_wconf 88' lang='lat' dir='ltr'><strong>e</strong></span> <span class='ocrx_word' id='word_1_775' title='bbox 595 2853 705 2874; x_wconf 85' lang='lat' dir='ltr'><strong>carcere</strong></span> <span class='ocrx_word' id='word_1_776' title='bbox 723 2846 877 2873; x_wconf 88' lang='lat' dir='ltr'><strong>communis</strong></span> <span class='ocrx_word' id='word_1_777' title='bbox 893 2852 977 2872; x_wconf 83' lang='lat' dir='ltr'><strong>causa</strong></span> 
     </span>
    </p>
   </div>
   <div class='ocr_carea' id='block_1_106' title="bbox 189 2891 977 2926">
    <p class='ocr_par' dir='ltr' id='par_1_106' title="bbox 189 2891 977 2926">
     <span class='ocr_line' id='line_1_106' title="bbox 189 2891 977 2926; baseline -0.003 -6"><span class='ocrx_word' id='word_1_778' title='bbox 189 2894 248 2921; x_wconf 86' lang='lat' dir='ltr'><strong>luit.</strong></span> <span class='ocrx_word' id='word_1_779' title='bbox 268 2894 366 2921; x_wconf 72' lang='lat' dir='ltr'><strong>Verum</strong></span> <span class='ocrx_word' id='word_1_780' title='bbox 384 2901 439 2921; x_wconf 91' lang='lat' dir='ltr'><strong>rem</strong></span> <span class='ocrx_word' id='word_1_781' title='bbox 463 2892 617 2919; x_wconf 81' lang='lat' dir='ltr'><strong>accuratius</strong></span> <span class='ocrx_word' id='word_1_782' title='bbox 645 2891 805 2922; x_wconf 70' lang='lat' dir='ltr'><strong>edisserere,</strong></span> <span class='ocrx_word' id='word_1_783' title='bbox 831 2898 916 2926; x_wconf 73' lang='lat' dir='ltr'><strong>neque</strong></span> <span class='ocrx_word' id='word_1_784' title='bbox 931 2898 977 2918; x_wconf 81' lang='lat' dir='ltr'><strong>no-</strong></span> 
     </span>
    </p>
   </div>
   <div class='ocr_carea' id='block_1_107' title="bbox 1036 2285 1824 2326">
    <p class='ocr_par' dir='ltr' id='par_1_107' title="bbox 1036 2285 1824 2326">
     <span class='ocr_line' id='line_1_107' title="bbox 1036 2285 1824 2326; baseline 0.006 -13"><span class='ocrx_word' id='word_1_785' title='bbox 1036 2296 1067 2320; x_wconf 90' lang='grc' dir='ltr'><strong>γε</strong></span> <span class='ocrx_word' id='word_1_786' title='bbox 1082 2287 1167 2322; x_wconf 82' lang='grc' dir='ltr'>ἡδέων</span> <span class='ocrx_word' id='word_1_787' title='bbox 1184 2286 1249 2321; x_wconf 76' lang='grc' dir='ltr'><strong>ἑξῆς</strong></span> <span class='ocrx_word' id='word_1_788' title='bbox 1270 2288 1412 2320; x_wconf 81' lang='grc' dir='ltr'>ἁπάντων,</span> <span class='ocrx_word' id='word_1_789' title='bbox 1430 2285 1466 2315; x_wconf 79' lang='grc' dir='ltr'>ὧν</span> <span class='ocrx_word' id='word_1_790' title='bbox 1478 2290 1529 2316; x_wconf 82' lang='grc' dir='ltr'>οὐκ</span> <span class='ocrx_word' id='word_1_791' title='bbox 1541 2291 1574 2316; x_wconf 82' lang='grc' dir='ltr'><strong>ἃν</strong></span> <span class='ocrx_word' id='word_1_792' title='bbox 1591 2291 1716 2326; x_wconf 86' lang='grc' dir='ltr'>μετεῖχον</span> <span class='ocrx_word' id='word_1_793' title='bbox 1731 2291 1824 2324; x_wconf 73' lang='grc' dir='ltr'>αὑτός.</span> 
     </span>
    </p>
   </div>
   <div class='ocr_carea' id='block_1_108' title="bbox 1042 2332 1826 2374">
    <p class='ocr_par' dir='ltr' id='par_1_108' title="bbox 1042 2332 1826 2374">
     <span class='ocr_line' id='line_1_108' title="bbox 1042 2332 1826 2374; baseline 0.001 -15"><span class='ocrx_word' id='word_1_794' title='bbox 1042 2334 1112 2360; x_wconf 82' lang='grc' dir='ltr'>Ἀλλ’</span> <span class='ocrx_word' id='word_1_795' title='bbox 1129 2333 1200 2361; x_wconf 73' lang='grc' dir='ltr'>οὕτω</span> <span class='ocrx_word' id='word_1_796' title='bbox 1227 2334 1321 2366; x_wconf 75' lang='grc' dir='ltr'>πάλιν,</span> <span class='ocrx_word' id='word_1_797' title='bbox 1338 2332 1378 2366; x_wconf 71' lang='grc' dir='ltr'>οἷς</span> <span class='ocrx_word' id='word_1_798' title='bbox 1399 2335 1431 2362; x_wconf 84' lang='grc' dir='ltr'>ἂν</span> <span class='ocrx_word' id='word_1_799' title='bbox 1456 2336 1550 2372; x_wconf 79' lang='grc' dir='ltr'>γνοίην</span> <span class='ocrx_word' id='word_1_800' title='bbox 1567 2337 1702 2368; x_wconf 71' lang='grc' dir='ltr'>ἐπείθετο,</span> <span class='ocrx_word' id='word_1_801' title='bbox 1721 2339 1758 2369; x_wconf 78' lang='grc' dir='ltr'>ὡς</span> <span class='ocrx_word' id='word_1_802' title='bbox 1775 2340 1826 2374; x_wconf 81' lang='grc' dir='ltr'><strong>ἀρ-</strong></span> 
     </span>
    </p>
   </div>
   <div class='ocr_carea' id='block_1_109' title="bbox 1036 2377 1824 2418">
    <p class='ocr_par' dir='ltr' id='par_1_109' title="bbox 1036 2377 1824 2418">
     <span class='ocr_line' id='line_1_109' title="bbox 1036 2377 1824 2418; baseline 0.006 -13"><span class='ocrx_word' id='word_1_803' title='bbox 1036 2379 1104 2406; x_wconf 82' lang='grc' dir='ltr'>κοῦν</span> <span class='ocrx_word' id='word_1_804' title='bbox 1120 2377 1191 2406; x_wconf 76' lang='grc' dir='ltr'>εἶναι</span> <span class='ocrx_word' id='word_1_805' title='bbox 1209 2380 1257 2406; x_wconf 75' lang='grc' dir='ltr'>καὶ</span> <span class='ocrx_word' id='word_1_806' title='bbox 1272 2379 1366 2407; x_wconf 72' lang='grc' dir='ltr'>νεῦσαι</span> <span class='ocrx_word' id='word_1_807' title='bbox 1379 2388 1387 2396; x_wconf 92' lang='grc'>·</span> <span class='ocrx_word' id='word_1_808' title='bbox 1405 2381 1452 2407; x_wconf 62' lang='grc' dir='ltr'>καὶ</span> <span class='ocrx_word' id='word_1_809' title='bbox 1467 2381 1519 2416; x_wconf 70' lang='grc' dir='ltr'>ἔφη</span> <span class='ocrx_word' id='word_1_810' title='bbox 1537 2383 1652 2416; x_wconf 77' lang='grc' dir='ltr'>πράξειν</span> <span class='ocrx_word' id='word_1_811' title='bbox 1677 2383 1691 2409; x_wconf 72' lang='grc' dir='ltr'><strong>ὃ</strong></span> <span class='ocrx_word' id='word_1_812' title='bbox 1707 2383 1824 2418; x_wconf 78' lang='grc' dir='ltr'>θέλοιμι,</span> 
     </span>
    </p>
   </div>
   <div class='ocr_carea' id='block_1_110' title="bbox 1034 2425 1824 2462">
    <p class='ocr_par' dir='ltr' id='par_1_110' title="bbox 1034 2425 1824 2462">
     <span class='ocr_line' id='line_1_110' title="bbox 1034 2425 1824 2462; baseline 0.006 -11"><span class='ocrx_word' id='word_1_813' title='bbox 1034 2426 1083 2452; x_wconf 82' lang='grc' dir='ltr'>οὐκ</span> <span class='ocrx_word' id='word_1_814' title='bbox 1101 2425 1165 2452; x_wconf 79' lang='grc' dir='ltr'>ἄνευ</span> <span class='ocrx_word' id='word_1_815' title='bbox 1178 2425 1224 2452; x_wconf 81' lang='grc' dir='ltr'>τοῦ</span> <span class='ocrx_word' id='word_1_816' title='bbox 1242 2425 1373 2460; x_wconf 70' lang='grc' dir='ltr'>δακρύειν</span> <span class='ocrx_word' id='word_1_817' title='bbox 1397 2427 1506 2462; x_wconf 82' lang='grc' dir='ltr'>πικρόν.</span> <span class='ocrx_word' id='word_1_818' title='bbox 1526 2427 1596 2461; x_wconf 83' lang='grc' dir='ltr'><strong>Ἐγὼ</strong></span> <span class='ocrx_word' id='word_1_819' title='bbox 1611 2428 1646 2460; x_wconf 84' lang='grc' dir='ltr'>δ’,</span> <span class='ocrx_word' id='word_1_820' title='bbox 1665 2430 1688 2455; x_wconf 84' lang='grc' dir='ltr'>εἰ</span> <span class='ocrx_word' id='word_1_821' title='bbox 1704 2430 1751 2456; x_wconf 73' lang='grc' dir='ltr'><strong>καὶ</strong></span> <span class='ocrx_word' id='word_1_822' title='bbox 1772 2438 1824 2456; x_wconf 75' lang='grc' dir='ltr'>πσ-</span> 
     </span>
    </p>
   </div>
   <div class='ocr_carea' id='block_1_111' title="bbox 1035 2471 1824 2512">
    <p class='ocr_par' dir='ltr' id='par_1_111' title="bbox 1035 2471 1824 2512">
     <span class='ocr_line' id='line_1_111' title="bbox 1035 2471 1824 2512; baseline 0.006 -15"><span class='ocrx_word' id='word_1_823' title='bbox 1035 2471 1146 2506; x_wconf 79' lang='grc' dir='ltr'>ράδοξον</span> <span class='ocrx_word' id='word_1_824' title='bbox 1166 2472 1271 2498; x_wconf 78' lang='grc' dir='ltr'>ἐκείνου</span> <span class='ocrx_word' id='word_1_825' title='bbox 1302 2472 1441 2505; x_wconf 77' lang='grc' dir='ltr'>κλαίοντος</span> <span class='ocrx_word' id='word_1_826' title='bbox 1458 2473 1596 2508; x_wconf 69' lang='grc' dir='ltr'>εὐθυμεῖν,</span> <span class='ocrx_word' id='word_1_827' title='bbox 1617 2475 1693 2510; x_wconf 78' lang='grc' dir='ltr'>ὁμῶς</span> <span class='ocrx_word' id='word_1_828' title='bbox 1714 2476 1824 2512; x_wconf 75' lang='grc' dir='ltr'>ἔχαιρον</span> 
     </span>
    </p>
   </div>
   <div class='ocr_carea' id='block_1_112' title="bbox 1033 2518 1820 2556">
    <p class='ocr_par' dir='ltr' id='par_1_112' title="bbox 1033 2518 1820 2556">
     <span class='ocr_line' id='line_1_112' title="bbox 1033 2518 1820 2556; baseline 0.006 -12"><span class='ocrx_word' id='word_1_829' title='bbox 1033 2518 1066 2544; x_wconf 76' lang='grc' dir='ltr'>δι’</span> <span class='ocrx_word' id='word_1_830' title='bbox 1084 2518 1166 2544; x_wconf 68' lang='grc' dir='ltr'>αὑτὸν</span> <span class='ocrx_word' id='word_1_831' title='bbox 1188 2518 1234 2545; x_wconf 61' lang='grc' dir='ltr'>τὴν</span> <span class='ocrx_word' id='word_1_832' title='bbox 1251 2518 1390 2550; x_wconf 81' lang='grc' dir='ltr'>κλαίοντα,</span> <span class='ocrx_word' id='word_1_833' title='bbox 1414 2520 1462 2546; x_wconf 84' lang='grc' dir='ltr'>καὶ</span> <span class='ocrx_word' id='word_1_834' title='bbox 1480 2519 1594 2553; x_wconf 72' lang='grc' dir='ltr'>βασιλέα</span> <span class='ocrx_word' id='word_1_835' title='bbox 1620 2521 1664 2547; x_wconf 80' lang='grc' dir='ltr'><strong>τὸν</strong></span> <span class='ocrx_word' id='word_1_836' title='bbox 1684 2522 1820 2556; x_wconf 68' lang='grc' dir='ltr'>φύσαντα.</span> 
     </span>
    </p>
   </div>
   <div class='ocr_carea' id='block_1_113' title="bbox 1036 2565 1822 2603">
    <p class='ocr_par' dir='ltr' id='par_1_113' title="bbox 1036 2565 1822 2603">
     <span class='ocr_line' id='line_1_113' title="bbox 1036 2565 1822 2603; baseline 0.005 -11"><span class='ocrx_word' id='word_1_837' title='bbox 1036 2565 1167 2592; x_wconf 66' lang='grc' dir='ltr'>’Έτεσθαι</span> <span class='ocrx_word' id='word_1_838' title='bbox 1193 2568 1246 2601; x_wconf 67' lang='grc' dir='ltr'><strong>γὰρ</strong></span> <span class='ocrx_word' id='word_1_839' title='bbox 1271 2566 1448 2601; x_wconf 67' lang='grc' dir='ltr'>παραμυθίαν</span> <span class='ocrx_word' id='word_1_840' title='bbox 1475 2567 1601 2601; x_wconf 75' lang='grc' dir='ltr'>ὲνόμιζοι</span> <span class='ocrx_word' id='word_1_841' title='bbox 1628 2568 1726 2603; x_wconf 78' lang='grc' dir='ltr'>ἐκείνῳ</span> <span class='ocrx_word' id='word_1_842' title='bbox 1748 2570 1822 2603; x_wconf 64' lang='grc' dir='ltr'>μάλα</span> 
     </span>
    </p>
   </div>
   <div class='ocr_carea' id='block_1_114' title="bbox 1033 2611 1822 2647">
    <p class='ocr_par' dir='ltr' id='par_1_114' title="bbox 1033 2611 1822 2647">
     <span class='ocr_line' id='line_1_114' title="bbox 1033 2611 1822 2647; baseline 0.006 -10"><span class='ocrx_word' id='word_1_843' title='bbox 1033 2611 1162 2647; x_wconf 73' lang='grc' dir='ltr'>λαμπρὰν</span> <span class='ocrx_word' id='word_1_844' title='bbox 1177 2613 1226 2647; x_wconf 80' lang='grc' dir='ltr'>τὴν</span> <span class='ocrx_word' id='word_1_845' title='bbox 1244 2613 1291 2638; x_wconf 81' lang='grc' dir='ltr'>τοῦ</span> <span class='ocrx_word' id='word_1_846' title='bbox 1306 2612 1399 2643; x_wconf 69' lang='grc' dir='ltr'>παιδὸς</span> <span class='ocrx_word' id='word_1_847' title='bbox 1411 2612 1447 2643; x_wconf 70' lang='grc' dir='ltr'><strong>ὡς</strong></span> <span class='ocrx_word' id='word_1_848' title='bbox 1465 2614 1554 2639; x_wconf 75' lang='grc' dir='ltr'>εἰπεῖν</span> <span class='ocrx_word' id='word_1_849' title='bbox 1570 2614 1822 2642; x_wconf 74' lang='grc' dir='ltr'>ἀναϐίωσιν.“Λλλ5ι</span> 
     </span>
    </p>
   </div>
   <div class='ocr_carea' id='block_1_115' title="bbox 1032 2656 1821 2696">
    <p class='ocr_par' dir='ltr' id='par_1_115' title="bbox 1032 2656 1821 2696">
     <span class='ocr_line' id='line_1_115' title="bbox 1032 2656 1821 2696; baseline 0.004 -12"><span class='ocrx_word' id='word_1_850' title='bbox 1032 2658 1086 2692; x_wconf 80' lang='grc' dir='ltr'><strong>γὰρ</strong></span> <span class='ocrx_word' id='word_1_851' title='bbox 1099 2659 1142 2684; x_wconf 86' lang='grc' dir='ltr'>ὅτε</span> <span class='ocrx_word' id='word_1_852' title='bbox 1158 2659 1240 2685; x_wconf 84' lang='grc' dir='ltr'>πᾶσιν</span> <span class='ocrx_word' id='word_1_853' title='bbox 1256 2659 1346 2685; x_wconf 77' lang='grc' dir='ltr'>ἐδόκει</span> <span class='ocrx_word' id='word_1_854' title='bbox 1363 2660 1392 2685; x_wconf 82' lang='grc' dir='ltr'>ἐν</span> <span class='ocrx_word' id='word_1_855' title='bbox 1406 2660 1498 2693; x_wconf 80' lang='grc' dir='ltr'>χεροῖν</span> <span class='ocrx_word' id='word_1_856' title='bbox 1513 2657 1585 2686; x_wconf 78' lang='grc' dir='ltr'>εἶναι</span> <span class='ocrx_word' id='word_1_857' title='bbox 1600 2660 1631 2686; x_wconf 81' lang='grc' dir='ltr'>τὸ</span> <span class='ocrx_word' id='word_1_858' title='bbox 1645 2656 1774 2696; x_wconf 72' lang='grc' dir='ltr'>πρᾶγμα,</span> <span class='ocrx_word' id='word_1_859' title='bbox 1792 2662 1821 2687; x_wconf 68' lang='grc' dir='ltr'><strong>τὸ</strong></span> 
     </span>
    </p>
   </div>
   <div class='ocr_carea' id='block_1_116' title="bbox 1029 2705 1821 2743">
    <p class='ocr_par' dir='ltr' id='par_1_116' title="bbox 1029 2705 1821 2743">
     <span class='ocr_line' id='line_1_116' title="bbox 1029 2705 1821 2743; baseline 0.005 -12"><span class='ocrx_word' id='word_1_860' title='bbox 1029 2705 1055 2731; x_wconf 82' lang='grc' dir='ltr'>δ’</span> <span class='ocrx_word' id='word_1_861' title='bbox 1071 2705 1120 2731; x_wconf 78' lang='grc' dir='ltr'>οὐκ</span> <span class='ocrx_word' id='word_1_862' title='bbox 1143 2706 1182 2736; x_wconf 82' lang='grc' dir='ltr'><strong>εἰς</strong></span> <span class='ocrx_word' id='word_1_863' title='bbox 1198 2705 1276 2737; x_wconf 76' lang='grc' dir='ltr'>τέλος</span> <span class='ocrx_word' id='word_1_864' title='bbox 1299 2705 1391 2740; x_wconf 68' lang='grc' dir='ltr'><strong>ἐξέϐη,</strong></span> <span class='ocrx_word' id='word_1_865' title='bbox 1409 2706 1455 2731; x_wconf 80' lang='grc' dir='ltr'>τοῦ</span> <span class='ocrx_word' id='word_1_866' title='bbox 1471 2705 1540 2732; x_wconf 79' lang='grc' dir='ltr'>Θεοῦ</span> <span class='ocrx_word' id='word_1_867' title='bbox 1555 2708 1620 2741; x_wconf 79' lang='grc' dir='ltr'>περὶ</span> <span class='ocrx_word' id='word_1_868' title='bbox 1633 2707 1713 2742; x_wconf 74' lang='grc' dir='ltr'>ἡμῶν</span> <span class='ocrx_word' id='word_1_869' title='bbox 1729 2709 1821 2743; x_wconf 78' lang='grc' dir='ltr'>κρεῖτ-</span> 
     </span>
    </p>
   </div>
   <div class='ocr_carea' id='block_1_117' title="bbox 1031 2751 1818 2788">
    <p class='ocr_par' dir='ltr' id='par_1_117' title="bbox 1031 2751 1818 2788">
     <span class='ocr_line' id='line_1_117' title="bbox 1031 2751 1818 2788; baseline 0.005 -12"><span class='ocrx_word' id='word_1_870' title='bbox 1031 2751 1076 2777; x_wconf 78' lang='grc' dir='ltr'><strong>τόν</strong></span> <span class='ocrx_word' id='word_1_871' title='bbox 1100 2760 1126 2777; x_wconf 87' lang='grc' dir='ltr'><strong>τι</strong></span> <span class='ocrx_word' id='word_1_872' title='bbox 1145 2751 1381 2785; x_wconf 73' lang='grc' dir='ltr'>προῦὶεψαμένου,</span> <span class='ocrx_word' id='word_1_873' title='bbox 1398 2751 1444 2778; x_wconf 75' lang='grc' dir='ltr'><strong>ἵνα</strong></span> <span class='ocrx_word' id='word_1_874' title='bbox 1459 2752 1496 2787; x_wconf 83' lang='grc' dir='ltr'>μὴ</span> <span class='ocrx_word' id='word_1_875' title='bbox 1512 2753 1597 2787; x_wconf 75' lang='grc' dir='ltr'>χωρὶς</span> <span class='ocrx_word' id='word_1_876' title='bbox 1617 2753 1684 2788; x_wconf 78' lang='grc' dir='ltr'>ἐμοῦ</span> <span class='ocrx_word' id='word_1_877' title='bbox 1710 2754 1755 2780; x_wconf 77' lang='grc' dir='ltr'>καὶ</span> <span class='ocrx_word' id='word_1_878' title='bbox 1771 2755 1818 2781; x_wconf 86' lang='grc' dir='ltr'>τοῦ</span> 
     </span>
    </p>
   </div>
   <div class='ocr_carea' id='block_1_118' title="bbox 1031 2797 1818 2836">
    <p class='ocr_par' dir='ltr' id='par_1_118' title="bbox 1031 2797 1818 2836">
     <span class='ocr_line' id='line_1_118' title="bbox 1031 2797 1818 2836; baseline 0.005 -14"><span class='ocrx_word' id='word_1_879' title='bbox 1031 2798 1132 2831; x_wconf 68' lang='grc' dir='ltr'>πατρὸς</span> <span class='ocrx_word' id='word_1_880' title='bbox 1157 2797 1260 2828; x_wconf 79' lang='grc' dir='ltr'>ἐκεῖνος</span> <span class='ocrx_word' id='word_1_881' title='bbox 1284 2797 1391 2832; x_wconf 74' lang='grc' dir='ltr'><strong>ἐξέλθῃ.</strong></span> <span class='ocrx_word' id='word_1_882' title='bbox 1415 2797 1450 2824; x_wconf 80' lang='grc' dir='ltr'><strong>Τὸ</strong></span> <span class='ocrx_word' id='word_1_883' title='bbox 1467 2798 1521 2832; x_wconf 75' lang='grc' dir='ltr'><strong>γὰρ</strong></span> <span class='ocrx_word' id='word_1_884' title='bbox 1538 2798 1610 2824; x_wconf 80' lang='grc' dir='ltr'>τοῦτ’</span> <span class='ocrx_word' id='word_1_885' title='bbox 1627 2799 1771 2834; x_wconf 68' lang='grc' dir='ltr'>ἀνακόψαν</span> <span class='ocrx_word' id='word_1_886' title='bbox 1788 2801 1818 2836; x_wconf 74' lang='grc' dir='ltr'>τὸ</span> 
     </span>
    </p>
   </div>
   <div class='ocr_carea' id='block_1_119' title="bbox 1030 2843 1816 2880">
    <p class='ocr_par' dir='ltr' id='par_1_119' title="bbox 1030 2843 1816 2880">
     <span class='ocr_line' id='line_1_119' title="bbox 1030 2843 1816 2880; baseline 0.004 -11"><span class='ocrx_word' id='word_1_887' title='bbox 1030 2843 1177 2878; x_wconf 77' lang='grc' dir='ltr'>βούλευμα,</span> <span class='ocrx_word' id='word_1_888' title='bbox 1197 2843 1265 2869; x_wconf 69' lang='grc' dir='ltr'>αὐτὸ</span> <span class='ocrx_word' id='word_1_889' title='bbox 1288 2843 1319 2877; x_wconf 79' lang='grc' dir='ltr'>δὴ</span> <span class='ocrx_word' id='word_1_890' title='bbox 1347 2843 1428 2869; x_wconf 81' lang='grc' dir='ltr'>τοῦτο</span> <span class='ocrx_word' id='word_1_891' title='bbox 1456 2844 1568 2877; x_wconf 79' lang='grc' dir='ltr'>γέγονεν</span> <span class='ocrx_word' id='word_1_892' title='bbox 1584 2845 1672 2871; x_wconf 77' lang='grc' dir='ltr'>αἴτιον</span> <span class='ocrx_word' id='word_1_893' title='bbox 1702 2846 1749 2872; x_wconf 84' lang='grc' dir='ltr'>τοῦ</span> <span class='ocrx_word' id='word_1_894' title='bbox 1767 2847 1816 2880; x_wconf 74' lang='grc' dir='ltr'>τῆς</span> 
     </span>
    </p>
   </div>
   <div class='ocr_carea' id='block_1_120' title="bbox 1029 2889 1814 2927">
    <p class='ocr_par' dir='ltr' id='par_1_120' title="bbox 1029 2889 1814 2927">
     <span class='ocr_line' id='line_1_120' title="bbox 1029 2889 1814 2927; baseline 0.004 -12"><span class='ocrx_word' id='word_1_895' title='bbox 1029 2890 1139 2924; x_wconf 67' lang='grc' dir='ltr'>εἱρκτῆς</span> <span class='ocrx_word' id='word_1_896' title='bbox 1165 2890 1236 2924; x_wconf 73' lang='grc' dir='ltr'>ἡμᾶς</span> <span class='ocrx_word' id='word_1_897' title='bbox 1250 2889 1392 2924; x_wconf 81' lang='grc' dir='ltr'>διαδρᾶναι</span> <span class='ocrx_word' id='word_1_898' title='bbox 1421 2890 1526 2922; x_wconf 68' lang='grc' dir='ltr'>πάντας</span> <span class='ocrx_word' id='word_1_899' title='bbox 1539 2891 1608 2926; x_wconf 72' lang='grc' dir='ltr'>ὁμοῦ</span> <span class='ocrx_word' id='word_1_900' title='bbox 1621 2901 1627 2908; x_wconf 76' lang='grc' dir='ltr'><strong>ν</strong></span> <span class='ocrx_word' id='word_1_901' title='bbox 1650 2893 1719 2927; x_wconf 73' lang='grc' dir='ltr'>ὅπερ</span> <span class='ocrx_word' id='word_1_902' title='bbox 1734 2893 1814 2927; x_wconf 80' lang='grc' dir='ltr'>ἀκρι-</span> 
     </span>
    </p>
   </div>
  </div>
