1938 3083
135 125 188 156 ἓεὶῦ

527 123 726 157 THEODORI
749 126 928 158 DESPO'l‘xE
949 123 1143 157 LAUDATlO
1160 127 1368 170 FUNEBRIS.‘

1715 128 1771 162 203

137 181 193 212 σῦς
209 180 325 216 φράζειν
341 181 403 209 οὔτε
420 182 602 218 προκείμενον
615 184 695 218 ἡμῖν,
709 182 765 210 οὔτ’
782 183 814 210 ἂν
826 184 870 219 ειη
885 183 922 210 λει

981 184 1022 211 bis
1038 185 1207 218 propositum
1225 188 1279 216 est,
1291 191 1342 212 nec
1366 184 1452 220 possit
1481 189 1634 220 opportune
1647 194 1654 218 ;
1666 193 1728 214 cum
1741 188 1769 214 et

138 228 236 264 χθῆναι
254 228 303 256 σὺν
314 229 403 265 καιρῷ
414 237 421 244 '
440 229 530 261 ἄλλως
544 229 568 256 θ’
583 230 625 256 ὃτι
640 229 687 256 καὶ
707 230 867 265 περίεργον,
890 231 930 257 εί-

138 276 214 303 δόσιν
229 276 342 303 ἅπαντα
358 276 421 311 λέγε
426 286 461 304 ιν.

175 323 274 354 Ὅστις
291 322 340 357 μὲν
353 318 400 349 οὖν
411 319 489 354 οὗτος
502 319 537 357 ἦν
547 322 616 358 πρός
630 330 660 348 τι
670 322 768 356 γονέας
781 320 830 349 καὶ
841 323 927 357 ἡμᾶς,

140 369 187 396 καὶ
200 369 252 405 τὴν
267 369 429 403 συγγένειαν
445 368 509 404 ἑξῆς
522 369 625 401 πᾶσαν,
638 368 712 395 δυοῖν
724 376 756 402 γε
767 368 854 395 τοῖνδε
871 368 930 394 τοῖν

138 415 298 450 εἰρημένων
313 414 502 450 ἀποδεδεῖχθαί
526 423 572 450 μοι
588 415 726 450 φαίνεται,
747 414 787 446 ὡς
808 414 843 447 ἐξ
858 415 929 441 dmi:

139 470 215 496 χων,
225 462 302 496 φασὶ,
315 462 368 489 τὸν
378 461 489 488 λέοντα
499 470 506 477 ·
524 461 647 497 μετιτέον
657 462 684 488 δὲ
695 461 741 488 τὸν
752 461 832 494 λόγον
839 460 886 487 ἐπὶ
893 460 929 489 τὰ

138 508 233 542 πρόσω
243 529 251 540 ,
267 507 450 543 παραδραμού
455 516 536 543 μενον
551 508 601 547 μὲν
610 508 645 535 τὰ
661 508 747 535 πολλὰ
758 508 813 537 τῶν
825 507 926 543 ἔργων,

136 553 236 588 ὀλίγων
259 552 322 581 δἀὖ
341 554 492 589 ἁψόμενον·
506 554 636 582 τοιούτων
664 556 767 589 μέντοι,
781 556 852 582 ὥστε
877 555 928 589 τὴν

136 601 242 627 ἐκείνου
258 600 389 628 δύνασθαι
407 601 510 636 ἀρετὴν
526 601 649 636 φανερὰν
674 604 782 629 ποιεῖν’
798 600 854 629 εῐεν
871 603 927 638 γὰρ

137 647 171 674 ἃν
186 648 216 674 οὐ
233 648 462 683 συμπτωμάτων,
480 649 511 675 οὑ
532 648 628 683 τύχης,
648 649 678 675 οὗ
704 649 810 684 καιρῶν
834 649 927 676 ἐπιθε-⁵

139 694 229 728 μένων
250 696 306 726 τοῖς
322 695 475 727 ἐναντίοις⁸
493 695 583 722 ταῦτα
610 695 653 730 δή,
679 696 713 723 τὰ
742 696 927 731 Νέρωνακαὶ

138 740 350 776 Σαρδανᾴτταλον
378 741 599 776 βασιλεύσανταν
624 742 693 769 ἀλλὰ
720 742 926 778 κατορθώματα

136 788 242 823 ἀνδρὸς,
257 787 342 824 ἀρετῇ
358 788 551 824 συμϐιοῦντος.
563 788 658 821 Μείζω
673 789 728 824 γὰρ
743 789 798 816 τῶν
809 788 864 817 ἀπὸ
873 790 925 825 τῆς

111 842 124 853 κ»
135 834 221 869 τύχης
238 835 330 866 ταυτὶ,
348 833 479 871 ὁπότανῇ
496 835 544 862 καὶ
563 835 635 862 πάνυ
651 835 756 871 σμικρά
768 844 775 851 ·
789 836 882 863 ἐκεῖνα
894 836 923 863 δὲ
939 853 963 883 Β

135 881 207 918 πάνυ
232 881 359 917 λαμπρὰ,
376 883 476 909 ὁπόσον
501 882 535 909 ἄν
551 890 593 913 τις
610 881 786 918 ἐνθυμηθείη.
812 883 849 909 Τὸ
868 882 923 918 γὰρ

133 927 233 963 εὐγενῆ
249 937 310 956 τινα
333 929 381 955 καὶ
398 927 575 963 εὐπατρίδην,
591 928 638 954 καὶ
654 928 822 964 περιφανεέᾳ
836 929 922 965 πολλῇ

133 976 233 1010 συξῇν,
249 976 298 1003 καὶ
318 975 498 1010 ἀνδραπόδων
528 975 643 1011 πλήθεσι
659 975 859 1011 περιρρεῖσθαι.
877 976 924 1003 καὶ

130 1022 244 1058 πλούτῳ
253 1022 441 1057 συχνῷκομᾷν,
448 1023 496 1049 καὶ
507 1023 590 1049 πᾶσιν
599 1023 714 1054 ἐκείνοις
725 1022 923 1058 ἐνευδοκιμεῖν.

128 1069 168 1096 δι’
184 1067 222 1097 ὧν
241 1077 271 1095 τε
287 1069 409 1104 τρόπαια
422 1068 476 1095 ἀπὸ
493 1068 546 1095 τῶν
558 1068 664 1103 ἐχθρῶν
680 1068 800 1100 ἵσταται,
821 1069 868 1095 καὶ
883 1066 924 1100 οἷς

129 1115 169 1142 ἃν
183 1115 383 1150 προσκυνοϊντο
398 1114 422 1141 οῑ
435 1115 596 1149 μετέχοντες
610 1116 643 1141 ὲκ
657 1114 712 1142 τῶν
719 1116 858 1151 πανταχοῦ
874 1115 924 1151 τῆς

127 1161 298 1196 οἰκουμένης
308 1161 445 1196 περάτων,
457 1160 505 1187 καὶ
517 1160 673 1197 ἀνθρώποις
681 1160 836 1194 ἀλλοκότοις
848 1161 924 1188 ἐστιν

128 1209 177 1235 ὅτε
205 1206 389 1242 παραγίνεται
418 1206 548 1241 ἀλόγιστα
578 1207 738 1242 περαίνουσι
762 1208 808 1235 τὸν
831 1207 923 1235 αὐτῶν

131 1253 195 1288 βίον
207 1261 215 1268 ·
233 1253 318 1288 ἀρετῇ
334 1250 362 1278 δὲ
377 1251 425 1278 καὶ
443 1253 500 1284 τοῖς
514 1252 649 1285 τοιούτοις
667 1253 744 1280 οὐδὲν
759 1254 793 1280 ἃν
814 1254 857 1290 εἴη
874 1254 923 1290 δή-

131 1308 186 1326 που
210 1299 309 1326 κοινόν.
324 1298 377 1336 Διὰ
393 1298 473 1325 τοῦτό
494 1306 526 1333 γε
543 1299 659 1332 ἐκεῖνος,
679 1300 694 1326 ὁ
706 1301 776 1336 πρὸς
790 1295 837 1329 τὸν
854 1302 921 1331 Θεὸν

132 1347 184 1381 μὲν
201 1345 301 1377 ἀπιὼν,
316 1335 394 1380 ὗμῶν
414 1345 465 1380 μὲν
479 1343 558 1376 αὖθις
576 1335 790 1381 ἐπιμελόμενος,
806 1349 837 1375 τδ
858 1350 921 1377 είω-

130 1393 177 1424 θὺς
198 1391 273 1427 αὐτῷ
291 1392 388 1424 ποιῶν,
402 1392 470 1419 ὅπου
493 1393 540 1419 καὶ
556 1392 657 1427 μᾶλλον
676 1393 775 1428 ἔξεστι,
795 1395 849 1422 τῶν
869 1397 921 1432 μιν

130 1438 371 1473 ἀπηριθμημένων
388 1437 453 1473 ἑξῆς
476 1438 605 1465 ἁπάντων
621 1440 784 1474 κατεφρόνει
803 1450 831 1468 τε
847 1441 919 1478 λαμ-

131 1483 221 1518 πρῶς,
241 1484 288 1510 καὶ
301 1483 376 1511 οὐδὲν
391 1484 461 1510 αὐτὰ
479 1484 551 1518 μέγα
563 1483 688 1520 ἐνόμιζεν
700 1493 707 1501 ·
724 1487 782 1513 οὐδ’
792 1487 871 1522 ἠξίου
885 1497 918 1523 γε

129 1531 286 1558 ὲπτοείσθαι
312 1530 380 1566 πρὸς
397 1530 483 1563 οὐδὲν,
504 1530 519 1557 ὃ
542 1531 579 1566 μὴ
596 1531 679 1559 καλὸν
693 1532 817 1560 οἴκοθεν·
834 1534 922 1569 εἴχετο
937 1538 956 1565 ρ

129 1577 159 1604 δὲ
176 1577 316 1613 ἐπιμελῶς
342 1577 398 1605 τῶν
413 1577 464 1604 ὅσα
479 1577 512 1604 ἂν
535 1577 636 1612 βελτίω
664 1579 807 1613 ποιήσειεν
835 1580 922 1616 ἄνδρα

130 1623 211 1650 καλόν
226 1631 255 1649 τε
271 1623 319 1650 καὶ
337 1623 453 1657 ἁγαθδν,
470 1623 518 1651 καὶ
535 1622 565 1656 ἐξ
577 1623 689 1658 ἀγαθῶν
707 1625 755 1651 καὶ
769 1625 861 1652 καλῶν
875 1635 922 1661 γει

129 1670 240 1703 γονότα.
258 1669 336 1697 οὕτω
361 1670 417 1705 γὰρ
432 1669 612 1702 πεπαιδευτο,
629 1671 679 1697 καὶ
702 1671 859 1707 μεμαθήκει
876 1672 922 1699 εΰ-

131 1715 181 1748 θὺς
193 1716 313 1751 τεχθεὶς,
325 1716 363 1747 ὡς
377 1716 474 1743 εἰπεῖν.
486 1714 709 1751 Ἐπαναληπτέον
721 1717 749 1744 δὲ
761 1717 791 1744 τὸ
811 1719 921 1754 προκεί-

131 1770 224 1797 μενον.

167 1851 231 1888 Εἶχε
247 1853 281 1880 τὰ
307 1851 458 1887 πράγματα
475 1851 569 1882 κακῶς
593 1852 625 1886 τῇ
646 1851 854 1888 Πελοποννήσῳ,
871 1853 920 1880 καὶ
957 1879 958 1885 η

129 1899 218 1926 ἐδόκει
233 1899 288 1925 δεῖν
311 1898 392 1925 αὑτὸν
417 1898 485 1924 ἰέναι
507 1897 573 1933 παρ’
586 1897 673 1932 αὐτήν
688 1904 696 1913 ’
714 1897 794 1926 λῦσαι
813 1899 873 1933 γὰρ
886 1899 920 1926 ἂν

130 1947 165 1974 τὰ
191 1947 267 1974 δεινὰ
283 1946 503 1982 παραγεγονότα,
530 1945 657 1980 καθάπερ
682 1945 761 1977 ἀκτὶς
781 1946 917 1981 ὁμίχλην·

129 1992 223 2019 καὶτὸ
245 1992 334 2027 δόγμα
350 1991 485 2027 κυρωθὲν,
509 1990 637 2017 τοσοῦτον
657 1991 713 2021 τοῖς
738 1991 797 2017 ἐκεῖ
821 1990 919 2026 βεϐοή-

129 2038 197 2074 θηκε
213 2038 372 2073 πράγμασι,
389 2037 440 2072 τῆς
456 2037 552 2072 φήμης
564 2036 660 2070 ὥσπερ
680 2037 836 2072 ὑποπτέρου
853 2046 920 2064 παν-

129 2083 228 2119 ταχόσε
243 2083 459 2118 διαδραμούσης,
473 2083 536 2109 ὅσον
549 2082 600 2108 οὐκ
617 2082 650 2110 ἄν
667 2091 709 2114 τις
726 2079 803 2117 οἶμαι
818 2083 920 2118 ῥᾳδίως

129 2130 314 2166 ἐπιδημήσας.
339 2130 425 2161 Δῦτδς
442 2129 482 2161 δὲ,
499 2129 618 2161 ἐλπίζων
637 2128 725 2161 οὕτως
740 2129 917 2164 ὲκὸήσεσθαι,

129 2176 230 2211 δηλαδὴ
247 2176 336 2206 καλῶς
349 2175 383 2202 τὰ
406 2175 559 2210 πράγματα
579 2175 703 2210 σχήσειν,
726 2174 764 2210 τῷ
778 2176 841 2206 τοὺς
865 2175 916 2202 Πε-

980 230 1081 266 alioqui
1097 230 1246 259 scientibus
1256 231 1348 259 omnia
1370 231 1406 259 sit
1419 239 1654 266 supervacaneum
1663 232 1768 262 dicere.

1015 321 1085 350 Puto
1100 322 1202 357 itaque,
1228 323 1296 351 satis
1308 323 1454 359 {superque
1477 322 1577 358 duplici
1598 322 1650 351 hac
1673 330 1773 355 narra-

981 367 1055 394 tione
1067 367 1225 402 probatum,
1243 368 1332 403 qualis
1351 369 1395 396 hic
1411 369 1437 396 in
1454 373 1593 403 parentes,
1610 376 1725 403 nosque,
1740 375 1772 395 ac

981 413 1113 448 reliquam
1142 415 1332 449 cognationem
1363 419 1446 445 esset.
1481 420 1612 450 tanquam
1629 422 1662 442 ea:
1684 422 1772 449 tingue

979 458 1093 493 leonem,
1107 461 1179 494 quod
1200 460 1299 494 aiunt;
1326 468 1410 496 porro
1434 461 1602 489 traducenda
1628 461 1717 489 oratio
1737 460 1770 488 ad

980 505 1121 538 ulteriora,
1138 510 1167 532 ut
1180 510 1273 534 tamen
1296 507 1425 542 pleraque
1442 507 1503 542 ejus
1522 514 1636 541 operum
1655 513 1770 542 praetcr-

979 550 1050 583 iens,
1081 559 1167 586 pauca
1181 555 1286 580 tantum
1305 561 1402 581 rursus
1419 554 1595 588 perstringat,
1613 561 1645 580 ex
1670 553 1771 588 quibus

980 603 1070 625 tamen
1081 598 1141 632 ejus
1159 600 1302 634 perspicue
1315 600 1403 628 virtus
1414 600 1532 628 eluceat.
1554 601 1659 635 Quippe
1689 605 1771 628 erunt

978 651 1032 671 non
1052 652 1143 678 casus,
1157 653 1212 672 non
1230 646 1358 677 fortttnze,
1375 654 1428 674 tton
1457 651 1610 681 temporum
1640 647 1771 673 adversa-

977 690 1027 718 rils
1046 691 1226 726 iniquiorum.
1244 692 1307 720 Hmc
1325 701 1441 728 namque
1468 693 1584 721 Neronis
1612 701 1645 721 ac
1669 693 1771 721 Sarda-

976 738 1068 773 napali
1082 746 1164 772 regna
1177 740 1329 775 insigniant
1346 749 1353 774 ;
1383 741 1430 768 sed
1447 741 1496 767 viri
1521 741 1623 774 virtute
1651 740 1770 768 Viventii

977 784 1110 819 praeclara
1125 790 1213 821 gesta.
1230 785 1294 814 Haec
1308 787 1380 814 enim
1397 787 1501 822 majora
1516 792 1591 820 sunt,
1605 794 1686 822 quam
1706 793 1769 821 qua

978 838 992 857 a
1007 830 1129 865 fortuna,
1144 832 1191 859 ubi
1210 832 1295 860 etiam
1334 833 1436 860 fuerint
1463 833 1610 861 admodum
1649 832 1768 861 modica.

978 876 1047 904 Cum
1063 882 1155 911 autem
1177 879 1255 907 valde
1272 879 1427 914 splendida,
1453 879 1548 915 quanti
1564 879 1609 907 illa
1629 879 1687 906 ﬁeri
1721 879 1769 906 dc-

979 922 1110 951 buerint?
1127 924 1194 952 Nam
1206 929 1236 952 ut
1254 925 1317 960 quis
1334 925 1416 953 nobili
1429 926 1557 961 prosapia
1578 931 1657 954 ortus
1671 925 1707 954 sit
1735 933 1770 953 ac

978 968 1078 997 illustri
1105 971 1206 1005 patria.
1236 972 1440 1007 adtnodnmque
1463 972 1604 1006 splendide
1629 972 1714 1002 vivat.
1735 979 1769 1000 ac

978 1015 1014 1042 sit
1038 1015 1223 1045 circumfusus
1253 1024 1395 1045 servorum
1428 1018 1555 1053 agmine,
1591 1018 1769 1053 abundetquo

978 1061 1056 1094 copia
1072 1061 1241 1095 divitiarum.
1254 1063 1329 1090 aclis
1345 1063 1476 1091 omnibus
1500 1064 1593 1090 clarus
1623 1064 1767 1097 habeatur.

977 1107 1078 1141 quibus
1092 1108 1206 1136 excitari
1220 1109 1320 1137 habent
1338 1113 1439 1143 tropaea
1463 1110 1497 1137 de
1511 1109 1647 1142 hostibus,
1661 1118 1694 1138 ac
1705 1112 1768 1145 qui-

978 1153 1030 1181 bus
1048 1153 1066 1181 ii
1077 1154 1123 1190 qui
1136 1155 1248 1188 habent,
1277 1156 1311 1183 ab
1327 1157 1403 1184 orbis
1422 1156 1542 1184 universi
1558 1157 1668 1190 ﬁnibus,
1680 1158 1767 1185 hono-

978 1199 1054 1228 ribus
1074 1206 1249 1237 augeantur;
1267 1202 1325 1230 haec
1351 1203 1446 1238 utique
1469 1203 1633 1231 monstrosis
1656 1211 1767 1239 quoque

978 1245 1149 1281 hominibus,
1170 1255 1201 1276 ac
1211 1248 1326 1277 alienea
1344 1249 1452 1278 ratione
1478 1250 1642 1283 viventibus,
1669 1258 1767 1286 suppea

977 1298 1034 1321 tant
1049 1303 1057 1327 ;
1075 1294 1175 1330 quibus
1194 1296 1274 1330 plane
1289 1303 1322 1324 ac
1335 1296 1430 1324 virtuti
1440 1297 1511 1324 nulla
1536 1297 1695 1335 communio
1709 1297 1767 1325 fue-

976 1341 1021 1366 rit.
1040 1340 1223 1373 Quamobrem
1243 1341 1282 1368 vir
1296 1341 1330 1368 ad
1349 1341 1434 1369 Deum
1450 1342 1600 1377 profectus,
1626 1343 1767 1378 nostrique

975 1385 1041 1416 illic.
1053 1392 1133 1421 prout
1154 1387 1277 1415 moribus
1298 1387 1416 1429 habebat
1445 1393 1645 1424 comparatum,
1669 1390 1714 1417 ubi
1737 1394 1766 1415 rt

974 1432 1092 1466 amplius
1119 1431 1203 1466 licet,
1229 1432 1328 1461 iterum
1353 1435 1448 1462 curam
1482 1442 1603 1471 gerens,
1631 1437 1765 1465 recensita

974 1478 1067 1505 omnia
1081 1478 1222 1513 magniﬁce
1243 1480 1401 1514 spernebat,
1415 1488 1448 1508 ac
1470 1481 1537 1509 nihil
1568 1482 1658 1519 magni
1686 1490 1767 1518 puta.

974 1524 1038 1558 bat;
1056 1532 1108 1552 nec
1122 1533 1152 1553 re
1169 1526 1223 1553 ulla
1246 1526 1355 1554 volebat
1382 1527 1559 1556 admirationi
1585 1537 1657 1563 esse,
1680 1537 1764 1565 quant

973 1570 996 1598 si
1010 1577 1071 1605 qua:
1095 1571 1154 1606 ipsa
1173 1579 1206 1599 ac
1220 1579 1252 1599 ex
1272 1573 1392 1607 propriis
1404 1575 1638 1608 prwclara'esset:
1660 1577 1767 1604 studio-

972 1623 1003 1643 se
1019 1623 1085 1643 vero
1099 1617 1266 1650 sectabatur,
1283 1618 1306 1646 si
1330 1626 1385 1653 qua
1411 1621 1572 1654 praclarum
1598 1629 1630 1649 ac
1651 1623 1763 1656 bonum,
1781 1633 1784 1635 λ

972 1669 1063 1697 exque
1088 1662 1170 1691 bonis
1206 1671 1239 1691 an:
1266 1665 1405 1700 praeclaris
1420 1671 1509 1694 ortum
1537 1668 1676 1696 decerent.
1718 1670 1766 1697 Sic

973 1715 1091 1743 namque
1108 1709 1250 1738 institutus
1275 1710 1375 1744 fuerat,
1405 1712 1500 1748 sicque
1516 1721 1578 1740 mox
1607 1719 1701 1749 natus,
1733 1721 1764 1743 ut

971 1755 1010 1782 ita
1027 1755 1128 1788 dicam,
1151 1756 1295 1784 didicerat.
1319 1757 1493 1787 Resumenda
1530 1761 1610 1788 nobis
1639 1762 1764 1797 subjecta

973 1803 1097 1830 materia.

1007 1847 1076 1875 Male
1093 1856 1137 1876 res
1174 1847 1353 1884 Peloponnesi
1374 1851 1525 1885 habebant,
1552 1853 1668 1888 ejusque
1696 1854 1764 1882 illuc.

971 1893 1105 1928 proiectio
1119 1902 1210 1928 opera:
1226 1896 1343 1930 pretium
1362 1897 1516 1925 videbatur.
1545 1899 1615 1927 Fore
1646 1901 1719 1928 enim
1733 1906 1763 1927 ut

971 1940 1062 1968 statim
1088 1948 1207 1975 praesens
1227 1942 1299 1970 mala
1315 1943 1486 1977 dissolveret,
1503 1945 1541 1972 uti
1560 1946 1652 1974 radius
1677 1948 1763 1974 Πριμι-

971 1985 1035 2013 latn.
1059 1985 1176 2014 Tantum
1202 1988 1337 2023 saneejus
1365 1991 1491 2017 mittendi
1505 1990 1660 2025 decretum,
1688 1994 1761 2020 fanzu

971 2030 1072 2065 ubique
1088 2038 1262 2068 pervagante,
1280 2033 1356 2061 illius
1369 2035 1518 2069 provinciae
1531 2037 1613 2064 rebus
1630 2040 1760 2068 contulit,

969 2081 1116 2110 quantum,
1143 2083 1221 2112 puto,
1249 2086 1330 2107 nemo
1347 2081 1426 2107 lacile
1443 2082 1576 2116 potuisset
1604 2086 1760 2117 prmsentin.

969 2123 1094 2164 Eumque
1105 2123 1150 2150 ille
1171 2132 1328 2153 successum
1340 2134 1472 2161 sperans,
1497 2128 1650 2163 utinquam
1681 2129 1761 2157 Ρειιι-

970 2170 1083 2203 pnnnesi
1096 2177 1149 2202 res,
1163 2170 1222 2198 sola
1232 2172 1291 2206 ejus
1307 2172 1379 2200 fama
1396 2174 1528 2207 nominis,
1543 2183 1625 2210 quam
1644 2177 1699 2204 illic
1710 2186 1759 2212 ap.

129 2222 326 2257 λιιποννησίους
341 2221 533 2257 μεμαθηκέναι
550 2221 585 2248 τὰ
600 2222 666 2257 περὶ
687 2221 777 2253 τοῦδε,
795 2222 842 2248 καὶ
858 2222 918 2256 μετ’

975 2216 1057 2249 prime
1074 2221 1167 2244 notam
1185 2217 1277 2250 sciret,
1292 2225 1527 2254 componerentur
1547 2230 1553 2248 :
1571 2229 1602 2249 ac
1618 2223 1661 2249 ubi
1677 2226 1758 2257 paulu

128 2269 158 2295 οὐ
178 2268 246 2295 πολὺ
262 2267 357 2304 μαθὼν
372 2264 443 2295 κατὰ
458 2268 508 2302 τὴν
522 2267 604 2299 δόξαν
628 2267 810 2303 ἐκϐεϐηκότα,
825 2268 920 2303 κέκρι-

130 2323 178 2341 κεν
203 2315 243 2340 ἔτι
269 2314 524 2349 προσπαραμείναι,
549 2313 603 2344 ἕως
619 2312 662 2345 ἂν,
690 2314 781 2340 πάντα.
796 2314 918 2348 γεγονὼς

971 2265 1032 2295 post
1045 2261 1083 2288 sic
1105 2262 1193 2297 reipsa
1209 2264 1377 2292 successisse
1394 2267 1532 2299 cognovit,
1545 2274 1636 2294 moras
1649 2268 1722 2303 aliqu
1743 2279 1755 2294 μ

971 2305 1117 2334 trahendas
1141 2308 1230 2341 duxit,
1259 2309 1321 2336 dum
1356 2311 1465 2336 Interim
1488 2310 1577 2339 factus
1605 2313 1709 2346 omnia,
1728 2323 1759 2340 ac
1781 2325 1782 2329 η

132 2362 176 2388 καὶ
190 2361 423 2396 διαπραξάμενος,
441 2360 484 2396 ἴδῃ
501 2360 550 2395 μὲν
563 2361 608 2385 τὸν
623 2354 735 2395 βασιλέα
751 2361 799 2387 καὶ
811 2361 917 2396 πατέρα

975 2351 1096 2378 universa
1114 2360 1226 2388 θοι-ειη..
1241 2352 1433 2388 imperatorem
1458 2362 1490 2381 ac
1519 2359 1624 2389 patrem
1651 2356 1678 2383 in
1704 2364 1759 2391 prt-

130 2409 158 2435 ἐν
167 2409 224 2440 τοῖς
238 2407 364 2434 εἰωθόσιν
376 2407 453 2439 ὅντα,
473 2406 645 2441 πραγμάτων
662 2406 713 2441 μὲν
724 2406 917 2441 ἀπαλλαγέντα

131 2453 241 2486 τελέως,
259 2454 381 2489 γαλήνης
397 2453 426 2479 δὲ
443 2452 544 2486 λευκῆς
564 2452 735 2479 ἀπολαύοντα
746 2460 753 2467 ·
771 2452 814 2489 ῐδῃ
828 2453 855 2479 δὲ
869 2453 917 2479 καὶ

131 2501 178 2535 τὴν
202 2501 309 2535 μητέρα
338 2499 387 2526 σὺν
402 2499 440 2534 τῷ
463 2499 565 2533 ἑαυτῆς
578 2499 663 2533 πατρὶ
690 2498 737 2524 καὶ
753 2499 821 2533 ζταῖν
840 2499 917 2525 ἀδελ-

131 2549 194 2582 φαῖν
220 2547 312 2574 οίκαδε
339 2545 540 2573 ἐπανελθοῦσαν
560 2546 592 2571 ὲκ
610 2545 659 2579 τῆς
685 2545 818 2580 φρουρᾶς,
843 2546 872 2571 ἐν
898 2543 915 2582 ᾖ

130 2595 288 2628 κατείχοντο
301 2594 377 2627 παρὰ
401 2593 455 2619 τῶν
472 2592 608 2618 Λατίνων.
625 2591 711 2618 Οὐδὲν
736 2591 792 2626 γὰρ
813 2591 869 2627 ὲρῶ
882 2600 914 2626 γε

130 2641 210 2667 πλέον
229 2640 336 2667 πολλῶν
353 2639 445 2666 ἓνεκα.
837 2635 840 2637 λ

163 2687 249 2712 Ταυτὶ
276 2686 326 2721 μὲν
352 2685 398 2712 οὗν
418 2684 499 2720 ἐξέϐη
526 2684 595 2711 κατὰ
622 2683 737 2716 σκοπὸν,
762 2684 810 2710 καὶ
828 2684 914 2720 πέρας

130 2731 223 2759 ἐλαΰεν
238 2731 352 2765 ἀγαθὸν,
369 2731 569 2766 συναιρομένης
582 2730 632 2765 τῆς
646 2730 723 2762 θείας
733 2730 830 2765 ῥοπῆς,
844 2731 914 2765 μετὰ

129 2779 159 2805 τὸ
174 2779 273 2814 πολλὴν
287 2779 337 2813 μὲν
353 2778 436 2805 αὐτὸν
449 2777 562 2812 ἀνδρίαν
579 2778 627 2804 καὶ
642 2778 834 2811 γενναιότητα,
849 2776 914 2803 πολ-

130 2822 178 2858 λὴν
194 2824 215 2849 δ’
232 2823 399 2859 ἐγρήγορσιν
414 2823 460 2850 καὶ
477 2822 608 2857 σπουδὴν,
622 2822 725 2856 πολλὴν
739 2821 767 2848 δὲ
780 2821 913 2857 φρόνησιν

130 2868 313 2902 ἐπιδείξασθαι
336 2869 375 2904 τῷ
394 2869 462 2904 πρὸς
483 2869 546 2900 τοὺς
568 2868 700 2900 Λατίνους
723 2867 784 2894 τότε
800 2867 912 2902 πολέμῳ

969 2398 1039 2425 stina
1058 2400 1212 2427 restitutum
1234 2399 1346 2432 videret,
1375 2401 1519 2435 ancgotiis
1549 2401 1667 2436 perfecte
1690 2403 1758 2430 libe-

956 2453 1040 2484 ‘rum,
1056 2453 1088 2473 ac
1116 2446 1214 2473 blanda
1248 2446 1384 2473 fruentem
1411 2447 1628 2482 tranquillitate;
1653 2449 1758 2476 videret

968 2498 1033 2519 vero
1048 2496 1075 2519 et
1091 2497 1216 2525 matrem,
1235 2492 1385 2526 matrisque
1396 2497 1512 2527 patrem,
1526 2501 1557 2521 ac
1573 2502 1691 2527 sorores.
1708 2496 1756 2522 do—

968 2546 1042 2564 mum
1057 2545 1153 2565 omncs
1167 2545 1292 2566 reversos
1305 2546 1318 2565 a
1338 2539 1477 2573 praesidio,
1494 2547 1548 2574 quo
1566 2540 1655 2568 Latini
1683 2546 1756 2568 tene—

967 2591 1038 2611 rent.
1050 2584 1105 2612 Nec
1120 2585 1190 2612 enim
1220 2585 1295 2620 plura
1320 2585 1379 2612 haec
1401 2585 1531 2618 referam,
1557 2587 1639 2621 idque
1663 2588 1756 2615 multis

966 2631 999 2658 de
1011 2631 1112 2658 causis.

1002 2676 1048 2704 Sic
1059 2676 1155 2711 utique
1168 2684 1213 2705 res
1243 2683 1449 2709 successerunt,
1474 2684 1507 2705 ac
1519 2677 1619 2705 bonum
1643 2685 1756 2714 accepe-

966 2727 1030 2750 runt
1047 2724 1138 2756 linem,
1152 2722 1207 2750 Deo
1222 2723 1291 2750 bene
1306 2724 1426 2757 auspice,
1445 2723 1490 2750 ubi
1520 2723 1566 2751 ille
1594 2725 1664 2752 bello
1691 2731 1756 2754 tunc

965 2774 1059 2796 contra
1078 2769 1200 2802 Latinos,
1231 2770 1345 2797 multam
1377 2769 1575 2804 fortitudinem,
1600 2780 1632 2800 ac
1647 2774 1752 2800 strenui

964 2817 1156 2848 roburanimi,
1184 2816 1353 2851 multamque
1364 2824 1396 2843 ac
1425 2817 1532 2851 vigilem
1558 2818 1751 2854 diligentiam.

964 2864 1075 2892 multant
1089 2863 1204 2899 denique
1217 2863 1398 2899 prudentiam,
1414 2871 1462 2898 pro
1485 2864 1584 2899 patria,
1609 2873 1641 2893 ac
1662 2872 1753 2901 gente,
