1938 3083
181 155 234 189 201

759 154 812 185 MA
819 154 960 185 NUELIS
980 154 1202 186 PALEOLOGI

1750 155 1809 188 208x

182 212 409 249 parentibusque,
425 211 568 239 decertans
596 209 774 238 ostendisset.
798 210 868 237 Cum
898 208 965 236 nihil

1019 210 1089 246 ὑπὲρ
1109 211 1159 246 τῆς
1178 211 1308 250 πατρίδος
1324 219 1353 238 τε
1376 211 1425 238 καὶ
1441 210 1489 238 τοῦ
1504 211 1600 246 γένους
1615 211 1665 239 καὶ
1681 210 1737 238 τῶν
1753 220 1806 246 φυ-

181 259 273 294 itaque
287 259 383 286 deesse
398 257 548 288 videretur,
566 263 623 290 quo
639 256 682 283 vir
706 256 793 283 bonus
829 260 857 282 et
881 255 969 282 bonus

181 305 267 333 videri
279 304 374 340 possit,
386 303 502 331 delatam
519 302 699 336 Peloponnesi
729 301 898 336 provinciam
922 308 968 327 ac-

181 352 257 386 cipit,
275 358 330 378 non
341 355 395 383 tam
406 349 578 377 haereditario
593 349 666 382 jure,
682 355 763 383 quam
776 348 804 374 in
819 351 969 382 partem.ac

179 397 365 434 iustissimum
383 395 605 430 praemium,cuin
623 394 799 428 impensioris
813 393 887 420 illius
905 398 971 426 ενδ-ν

183 443 312 472 titudinis
327 443 356 469 in
371 447 510 477 parentes,
543 446 599 467 tum
627 440 756 467 exhibita:
787 438 967 470 fortitudinis,

181 497 215 518 ac
247 490 331 517 totius
345 488 404 522 ejus
437 487 547 522 reliqum
584 486 705 514 virtutis.
737 485 862 512 Arbitror
894 483 968 511 enim

182 537 228 564 hic
245 535 430 566 concurrisse,
440 539 470 560 ut
480 540 534 568 qua
556 531 618 566 quis
632 532 729 560 lubens
741 531 825 564 dicat,
844 530 969 565 quojure

149 574 153 587 ¹
181 581 327 609 admodum
348 580 463 606 delatam
482 579 540 605 viro
562 578 729 613 provinciam
759 577 823 604 velit
842 575 966 612 probare.

180 628 371 662 Accepitergo
387 632 475 660 neque
495 624 580 659 patris
600 628 794 658 congruentem
820 622 967 654 desiderio,

179 681 231 702 nec
250 680 315 701 vero
330 672 377 699 lilii
395 670 500 702 virtuti,
517 669 564 697 sed
587 669 716 704 praesenti
737 669 824 703 magis
837 668 967 699 fortunae,

1021 257 1136 284 σάντων.
1152 257 1245 292 Μηδὲν
1260 255 1307 284 οὖν
1320 257 1390 289 ὅλως
1404 257 1588 292 παραλιπόντι
1607 257 1661 284 τῶν
1682 258 1755 289 ὅσοις
1770 257 1804 284 ἂν

1019 300 1093 337 εἶχεν
1110 303 1181 339 ἀνὴρ
1200 303 1315 338 ἀγαθὸς,
1331 303 1397 330 αὐτό
1412 311 1444 337 γε
1459 303 1531 330 τοῦτ’
1552 304 1622 338 ἀνὴρ
1637 303 1737 337 ἀγαθὸς
1751 312 1805 336 φα-

1019 348 1110 383 νῆναι,
1136 349 1239 376 δίδοται
1262 349 1350 384 τούτῳ
1364 350 1381 383 ἡ
1409 348 1626 383 Πελοπόννησος,
1638 349 1672 376 οὗ
1702 349 1804 384 μᾶλλον

1019 394 1150 430 κλῆροςῆ
1178 396 1269 431 μερὶς,
1286 395 1303 430 ἢ
1318 395 1402 430 γέρας
1427 395 1599 422 δικαιότατον
1615 394 1665 430 τῆς
1687 403 1716 421 τι
1733 395 1803 430 πρὸς

1018 441 1118 474 γονέας
1144 441 1367 476 εὐγνωμοσύνης,
1381 441 1430 476 τῆς
1454 449 1484 467 τε
1501 441 1624 476 ἀνδρίας,
1646 438 1680 476 ἧς
1695 441 1804 468 £3566!-

1019 486 1093 519 ξατο,
1110 485 1157 512 καὶ
1172 485 1323 520 συλλήϐδην
1335 486 1384 519 τῆς
1407 485 1505 520 λοιπῆς
1518 483 1730 521 ἀριτῆςνοῐμαι
1748 485 1803 519 γὰρ

1018 532 1144 559 ἐνταυθοῖ
1168 531 1431 566 συνδεδραμηκέναι,
1458 532 1564 566 ὅσαπερ
1589 532 1622 559 ἄν
1644 540 1697 566 εινι
1726 532 1804 567 φίλον

1017 577 1120 610 λέγειν,
1135 577 1168 602 δι’
1183 573 1221 604 ὧν
1236 577 1293 612 ἔχοι
1315 577 1452 603 δεικνύναι
1471 577 1575 611 ταύτην
1596 577 1719 604 δεδόσθαι
1735 576 1803 608 τῷδε

1017 623 1113 658 τάνδρὶ
1129 623 1199 657 μετὰ
1213 623 1312 649 πολλοῦ
1325 622 1505 657 τοῦηδικαίου.
1521 623 1682 658 Ἕσχενρῦν
1696 623 1802 655 ἐκεῖνος

1017 669 1109 704 τήνδε,
1122 669 1185 696 οὔτε
1199 668 1247 695 τοῦ
1264 668 1370 704 πατρὸς
1385 670 1417 704 τῇ
1432 668 1572 703 προθυμίᾳ
1588 669 1801 704 Ευμσαίνουσαν,

179 728 213 748 ac
228 719 309 747 rebus
324 719 363 746 sic
383 717 500 744 afflictis.
517 716 550 743 At
563 716 636 743 enim
655 715 750 743 videor
763 723 818 742 non
841 718 965 742 accurate

1018 716 1080 742 οὗτε
1107 716 1161 750 μὴν
1173 716 1207 750 τῇ
1231 714 1279 741 τοῦ
1294 715 1390 746 παιδος
1405 715 1504 750 ἀρετῇ,
1531 715 1599 742 ἀλλὰ
1618 717 1652 750 τῇ
1675 715 1802 751 παρούσῃ

179 766 261 794 verba
278 771 437 798 usurpasse.
463 761 497 790 Ut
519 762 581 797 quis
593 762 665 789 enim
679 768 743 788 vero
766 760 916 796 proximius
926 759 965 787 di-

1018 761 1086 796 τύχῃ
1104 761 1150 787 καὶ
1166 762 1198 796 τῇ
1221 760 1276 787 τῶν
1302 761 1476 795 πραγμάτων
1498 761 1612 796 ἀπορία.
1635 761 1715 788 Ἀλλὰ
1737 761 1803 796 γὰρ,

180 815 235 844 cat,
251 817 305 838 non
320 815 374 837 tam
387 809 424 836 illi
439 809 642 842 Peloponnesus
669 807 732 834 data
749 812 802 839 est,
823 814 904 841 quam
921 805 965 833 ille

1018 807 1054 838 ὡς
1070 807 1168 839 ἔοικεν,
1185 807 1236 833 οὐκ
1249 807 1373 841 ἀκριϐῶς
1387 808 1444 838 τοῖς
1466 807 1594 842 ὀνόμασιν
1610 807 1801 842 ἐχρησάμεθα.

179 857 378 892 Peloponneso.
394 854 467 882 Nihil
479 854 551 881 enim
562 854 606 881 illa
619 861 666 887 per
680 854 706 880 id
718 857 826 887 tempus
839 852 965 880 auxiliari

1019 852 1050 878 Ei
1064 852 1117 887 γὰρ
1131 852 1330 887 τάληθέσιερον
1348 852 1420 879 εῐποι
1444 861 1496 886 τις,
1514 853 1544 879 οὗ
1564 853 1663 888 μᾶλλον
1679 853 1768 888 τούτῳ
1784 854 1801 888 ή

180 907 306 939 poterat,
321 901 367 930 sed
391 900 452 936 ejus
469 900 555 935 magis
567 899 669 926 auxilio
685 898 800 933 egebat;
816 897 923 925 tametsi
937 902 964 925 et

1018 898 1222 934 Πελοπόννησος
1239 898 1313 933 ήπερ
1329 894 1408 929 οὗτος
1422 898 1528 926 δέδοται
1542 900 1574 934 τῇ
1593 899 1801 935 Πελοποννήσῳ.

179 950 225 977 ille
241 948 283 982 sic
294 948 417 980 haberet,
443 946 511 973 ιιιεί
544 945 629 972 nihilo
653 945 743 972 secius
770 944 872 972 auxilio
896 951 964 978 opus

1018 945 1054 971 Οὐ
1066 945 1120 979 γὰρ
1139 945 1249 979 βοηθεῖν
1262 945 1359 979 ἐκείνῳ
1377 944 1438 970 τότε
1457 944 1598 979 δυνάμεως
1616 943 1690 980 εἶχεν
1702 953 1709 960 ·
1731 945 1802 972 ἀλλὰ

179 994 329 1029 οεεοιιίιυί
345 1000 432 1028 nuper
459 993 550 1019 nudus
571 991 697 1018 omnibus
720 997 848 1025 egressus
867 990 964 1025 praesi-

179 1042 236 1074 dio,
252 1040 319 1068 nihil
330 1047 377 1074 per
389 1044 508 1072 tempus,
526 1039 697 1064 comneatua
716 1035 864 1063 necessarii
888 1043 964 1062 com-

178 1094 276 1122 parare
296 1086 441 1121 potuisset.
461 1084 651 1112 Commeatum
668 1083 741 1113 dico.
763 1089 905 1109 annorum
921 1089 964 1109 ro-

180 1133 240 1164 bur,
259 1131 478 1165 sullicicntesque
496 1129 635 1164 pecunias,
653 1128 679 1155 in
705 1127 860 1155 necessaria
892 1127 964 1153 milie

180 1184 237 1204 tum
256 1175 451 1211 impendendas
462 1174 602 1206 subsidia,
623 1181 654 1201 ac
665 1174 776 1201 omnino
789 1173 815 1201 in
835 1180 896 1208 quae
913 1173 964 1200 int-

179 1223 258 1258 pendi
271 1221 446 1250 commodum
460 1221 594 1247 videatur.
626 1219 704 1252 Quod
725 1221 799 1247 enim
824 1219 857 1246 ad
869 1219 961 1253 ingen-

179 1276 221 1298 tcs
239 1270 382 1297 thesauros
413 1271 528 1302 spectat,
550 1266 758 1301 confertamque
780 1265 960 1300 marsupium,

156 1326 163 1333 ι
178 1323 210 1343 ac
224 1322 322 1342 aurum
346 1316 546 1347 argentumque
579 1312 650 1339 male
660 1315 801 1346 congesta,
826 1318 858 1338 ac
883 1311 962 1346 pejus

179 1365 298 1393 servata,
318 1360 375 1386 hac
387 1359 410 1386 si
425 1358 583 1390 aﬂiuehant,
602 1357 812 1392 haudquaquam
841 1363 963 1392 apponc~

178 1408 226 1434 bat
237 1414 297 1438 cor,
311 1404 420 1432 Davidis
432 1403 580 1431 obsecutus
602 1402 718 1430 consilio
730 1402 764 1431 ⁵⁸.
779 1402 911 1430 (ἔπιθι-σω
923 1401 963 1429 di-

178 1454 243 1481 vino
256 1452 336 1487 plane
347 1455 414 1478 nutu
427 1457 458 1477 ac
471 1447 611 1482 instinctu,
629 1456 682 1476 avo
694 1448 757 1476 inde
780 1452 904 1484 rogante.
917 1455 963 1483 pa-

179 1504 243 1526 truc
269 1498 442 1530 obsecrante,
462 1495 669 1530 patrisjudicio,
699 1494 793 1522 matris
809 1495 959 1527 voluntate,

1015 991 1065 1025 τῆς
1086 990 1169 1017 αὐτοῦ
1196 989 1324 1026 βοηοεῖας
1344 990 1445 1024 μᾶλλον
1471 989 1504 1026 ἦν
1529 991 1690 1027 χρῄζουσα·
1715 992 1804 1019 καίτοι

1015 1038 1142 1067 κάκεῖνος
1169 1037 1290 1068 τοιοῦτος
1319 1035 1352 1073 ἦν
1379 1037 1545 1071 τηνικαῦτα,
1573 1038 1643 1065 ὥστε
1674 1038 1802 1073 βοηθείας

1013 1082 1127 1114 δεῖσθαι,
1143 1082 1221 1116 ψιλὸς
1243 1083 1292 1117 μὲν
1310 1083 1421 1110 πάντων
1454 1084 1504 1118 τῆς
1527 1086 1648 1119 φρουρᾶς
1673 1084 1803 1117 ἐξελθὼν,

1015 1129 1099 1165 μηδὶν
1115 1129 1142 1155 δὲ
1157 1129 1282 1163 δυνηθεὶς
1299 1129 1342 1156 διὰ
1366 1129 1412 1155 τὸν
1430 1130 1527 1164 καιρὸν
1542 1130 1709 1165 κτήσασθαι.
1724 1130 1804 1163 Λέγω

1013 1175 1042 1202 δὲ
1070 1175 1168 1207 κτῆσιν
1182 1175 1231 1210 τὴν
1247 1175 1301 1201 ἀπὸ
1316 1175 1371 1201 τῶν
1390 1175 1480 1202 ὅπλων
1506 1177 1593 1210 ἰσχὺν,
1608 1177 1655 1203 καὶ
1667 1176 1804 1212 ἀρκοῦντα

1014 1222 1154 1257 χρήματα,
1173 1221 1262 1252 καλῶς
1281 1221 1483 1256 ἀναλισκόμενα
1502 1222 1541 1253 είς
1554 1223 1588 1248 τὰ
1601 1222 1655 1248 τῶν
1671 1231 1804 1257 στρατιω-

1012 1268 1067 1302 τῶν
1080 1267 1293 1302 ἐπιτήδεια,γκα“ι
1309 1267 1388 1301 ὅλως,
1403 1268 1458 1302 ὅπη
1477 1268 1600 1304 συνοὶσῃ.
1618 1269 1736 1296 Πλοῦτον
1748 1270 1804 1304 γὰρ

1012 1312 1053 1339 ὅτι
1073 1311 1168 1345 πολὺν,
1195 1311 1245 1338 καὶ
1259 1311 1407 1346 ¹βαλάντιον
1428 1312 1518 1347 ἁδρδν,
1540 1314 1589 1339 καὶ
1609 1315 1732 1349 χρυσίον,
1753 1315 1802 1341 καὶ

1012 1356 1157 1393 ἀργύριον,
1170 1356 1355 1392 ἀθροιζόμενα
1373 1358 1478 1389 κακῶς,
1495 1358 1542 1385 καὶ
1556 1360 1647 1394 χεῖρον
1664 1359 1799 1394 φυλαττό-

1015 1412 1094 1438 μενα,
1111 1403 1197 1429 ταῦτα
1214 1403 1242 1430 δέ
1258 1404 1282 1430 εί
1306 1403 1393 1439 ιρῤει,
1420 1405 1451 1430 οὐ
1473 1405 1651 1440 προσετίθετο
1673 1406 1800 1441 καρδίαν,

1012 1450 1051 1485 τῷ
1066 1449 1147 1477 Δαϐὶδ
1163 1450 1336 1484 πειθόμενος.
1347 1450 1481 1487 Πλὴνηούκ
1497 1450 1561 1477 ἄνευ
1578 1451 1651 1478 θείου
1667 1451 1802 1486 νεύματος

1015 1495 1063 1523 καὶ
1080 1497 1177 1532 ῥοπῆς,
1198 1496 1326 1532 δεομένου
1345 1497 1396 1532 μὲν
1409 1498 1515 1524 ἐκεῖθεν
1528 1498 1577 1524 τοῦ
1590 1498 1675 1530 θείου,
1694 1499 1802 1532 ἀξιοῦν-

179 1544 226 1572 sed
238 1548 264 1571 et
282 1550 342 1570 mea
358 1543 455 1577 ipsius,
474 1541 507 1569 ad
520 1548 568 1569 vos
588 1540 758 1568 desideratus
772 1540 854 1574 venit,
876 1548 964 1576 quan-

1018 1551 1064 1574 τος
1075 1542 1104 1569 δὲ
1115 1541 1162 1569 τοῦ
1176 1543 1299 1575 πάππου,
1310 1543 1401 1578 κρίσει
1414 1543 1463 1578 μὲν
1475 1545 1509 1579 τῇ
1518 1544 1565 1570 τοῦ
1578 1545 1692 1580 πατρὸς,
1704 1545 1803 1581 γνώμῃ

179 1597 333 1625 quamnon
357 1589 438 1616 facile
451 1587 501 1615 fuit
523 1587 646 1622 paternis
676 1586 863 1622 maternisque
887 1586 966 1614 avelli

179 1635 317 1668 tutantibus,
334 1634 432 1662 addam
446 1641 510 1662 vero
527 1638 554 1661 ct
578 1633 666 1666 meis;
687 1633 786 1660 nedum
812 1632 846 1659 ab
861 1632 967 1668 impen-

178 1681 243 1709 siori
258 1681 303 1708 illo
312 1679 421 1715 aﬂ‘ectu,
436 1679 483 1708 sed
494 1684 522 1707 et
533 1679 606 1714 quod
623 1686 657 1707 ex
681 1678 814 1706 anteactis
831 1678 886 1713 jam
905 1687 967 1713 pro-

178 1728 283 1758 basset,
297 1733 378 1762 quam
391 1725 588 1760 posseljuvare
609 1724 781 1759 gravissimis
796 1724 965 1759 temporibus

179 1781 211 1800 ac
226 1773 308 1800 rebus
322 1780 337 1799 a
356 1772 458 1807 quibus
478 1771 594 1798 necdum
606 1769 725 1805 perfecte
753 1777 965 1798 emerseramus.

178 1819 248 1852 Quia
264 1824 354 1846 tamen
371 1827 460 1853 opera:
473 1817 591 1853 pretium
614 1820 681 1848 erat,
698 1820 728 1842 ut
742 1815 877 1844 obtineret
894 1816 966 1851 quod

178 1870 237 1894 erat
273 1866 375 1900 potius,
405 1864 525 1892 obtinuit
556 1871 678 1899 quoque,
702 1862 833 1905 ’boanue
863 1863 965 1894 omine.

179 1918 264 1938 unum
284 1910 349 1945 quid
367 1910 519 1937 membrum
537 1910 572 1936 ab
594 1910 722 1938 universo
747 1916 863 1944 corpore
882 1908 965 1936 vestri

179 1963 261 1982 causa
270 1955 404 1987 avulsum,
415 1955 493 1982 vobis
507 1955 688 1983 illuxit.Silco
695 1964 738 1983 res
747 1956 849 1983 interea
861 1961 963 1989 gestas,

179 2005 209 2028 nt
222 2009 255 2028 oe
271 2001 409 2028 narrando
423 2001 545 2035 prolixus
557 2001 669 2029 cﬂiciar.

220 2135 265 2162 Sic
276 2142 340 2170 ergo
354 2135 410 2167 ille,
433 2133 517 2170 palris
529 2133 630 2169 pariter
648 2134 798 2170 matrisque
810 2141 846 2162 ac
857 2134 966 2162 univer-

177 2192 271 2212 sorum
289 2182 413 2218 precibus
425 2181 527 2216 optime
553 2181 716 2214 instructus,
737 2181 964 2216 prtetnittebatur,

179 2229 280 2264 quibus
295 2228 377 2256 etiam
415 2226 549 2254 educatus
569 2230 652 2258 esset,
678 2234 708 2254 ac
734 2227 913 2261 promovisset
931 2227 964 2254 ad

179 2275 291 2302 meliora
308 2281 322 2300 a
358 2273 459 2300 teneris
494 2272 559 2307 ipsis
591 2272 737 2307 unguibus,
764 2273 852 2300 donec
864 2273 897 2300 ad
920 2281 967 2302 vos

179 2321 281 2347 missus
298 2323 348 2347 est.
365 2318 400 2345 lis
412 2319 541 2354 precibus
557 2318 752 2352 deducebatur,
767 2326 829 2346 cum
845 2327 860 2347 a
879 2320 965 2354 patria

178 2366 308 2394 dimissus
341 2365 430 2392 navim
459 2364 680 2393 conscendisset:
709 2364 743 2392 iis
772 2366 964 2401 adnavigabat,

179 2411 334 2447 lugentibus
353 2411 477 2446 cognatis
496 2417 527 2438 ac
562 2409 785 2444 deducentibus;
801 2411 888 2446 iisque
913 2412 965 2440 sibi

179 2462 278 2493 praesto
290 2457 348 2484 fore
371 2457 500 2491 sperabat
523 2455 646 2484 divinum
676 2465 790 2485 numen.
815 2457 887 2484 Nihil
907 2458 967 2486 sine

179 2504 233 2531 illis
255 2507 302 2530 aut
319 2503 465 2537 cogitabat,
487 2507 533 2530 aut
549 2503 662 2530 omnino
677 2503 794 2537 agebat;
815 2511 868 2538 qua
885 2504 966 2531 etiam

179 2551 211 2578 de
234 2556 318 2577 causa
338 2548 501 2576 conﬁciebat
514 2548 619 2581 omnia,
635 2555 696 2575 cum
714 2547 831 2575 diillciiia
853 2556 969 2584 quaeque

179 2603 211 2623 ac
238 2595 376 2622 tremenda
395 2593 423 2621 in
436 2586 603 2622 contrarium
620 2594 645 2621 ei
661 2594 798 2621 cederent.

216 2690 286 2723 Quid
305 2697 368 2718 vero
391 2697 459 2724 opus
487 2689 593 2724 singula
623 2690 764 2725 prosequi,
794 2697 964 2724 quacunque

180 2737 358 2772 I’clcponocsi
383 2737 474 2767 urbes,
501 2737 543 2764 vel
564 2745 578 2764 a
605 2737 701 2764 vicinis
735 2737 850 2768 Latinis,
884 2737 924 2764 vel
950 2745 965 2764 a

181 2781 287 2814 Turcis,
327 2781 397 2809 mala
430 2783 614 2815 sustinerent,
645 2790 707 2809 cum
738 2783 767 2813 ii,
784 2789 836 2816 qua
860 2789 875 2809 a
898 2789 963 2809 cott-

218 2871 241 2888 ⁵⁸
256 2870 327 2899 I'sal.
342 2878 396 2904 th,
411 2870 454 2897 ll.

1017 1588 1045 1615 δὲ
1059 1589 1091 1624 τῇ
1104 1589 1154 1623 τῆς
1175 1589 1290 1624 μητρὸς,
1306 1588 1403 1624 γνώμῃ
1416 1589 1445 1616 δέ
1458 1591 1509 1616 καὶ
1524 1585 1659 1626 ἡμετέρᾷ,
1680 1589 1748 1627 ἧκεν
1763 1593 1803 1623 είς

1017 1633 1089 1669 ὑμᾶς
1104 1635 1118 1661 ὁ
1143 1634 1329 1669 ποῦοὺμενος”
1347 1636 1437 1662 καίτοι
1460 1635 1491 1662 οὗ
1515 1636 1616 1671 ῥᾳδίως
1642 1636 1802 1664 ἀπέσπαστο

1015 1679 1070 1706 τῶν
1083 1679 1183 1715 χειρῶν
1198 1680 1343 1716 πατρικῶν
1358 1689 1388 1707 τε
1407 1682 1455 1708 καὶ
1477 1681 1631 1717 μητρικῶν,
1653 1685 1802 1718 προσθήσω

1015 1726 1042 1752 δέ
1057 1726 1097 1752 ὅτι
1114 1726 1161 1752 καὶ
1176 1726 1230 1752 τῶν
1251 1726 1326 1761 ἐμῶν
1339 1734 1348 1742 ³
1364 1726 1393 1753 οὗ
1411 1727 1456 1753 διὰ
1469 1727 1499 1754 τὸ
1523 1728 1634 1761 φίλτρον
1650 1729 1729 1763 μόνον
1743 1729 1801 1764 ήλῑ-

1017 1781 1063 1798 κον
1077 1772 1116 1803 ὅν,
1133 1771 1201 1799 ἀλλὰ
1226 1773 1270 1798 καὶ
1286 1772 1331 1798 διὰ
1346 1772 1375 1799 τὸ
1392 1772 1479 1804 δεῖξαι
1504 1774 1562 1805 τοῖς
1579 1774 1727 1808 φθάσασιν,
1745 1773 1802 1806 οἷος

1015 1815 1050 1853 ἦν
1076 1818 1179 1849 ἐκεῖνος
1205 1816 1315 1852 βοηθεῖν
1343 1818 1372 1844 ἐν
1400 1818 1604 1853 χαλεπωτάτοις
1624 1821 1730 1855 καιροῖς
1756 1821 1803 1848 καὶ

1016 1863 1189 1898 πράγμασιν,
1216 1860 1255 1890 ὧν
1272 1862 1349 1891 οὔπω
1371 1864 1472 1896 τελέως
1497 1862 1569 1900 ἦμεν
1586 1866 1802 1901 ἀπηλλαγμένοι.

1022 1909 1092 1937 Ἀλλ’
1108 1909 1168 1935 ἐπεὶ
1188 1907 1220 1935 τδ
1240 1911 1364 1944 κρεῖττον
1379 1909 1434 1936 ἔδει
1447 1911 1570 1946 νικῆσαι,
1590 1912 1640 1946 ἤδη
1657 1912 1704 1938 καὶ
1727 1912 1798 1938 νενί-

1011 1963 1102 1998 Ικηδιε·
1126 1955 1172 1981 καὶ
1190 1954 1350 1989 ἐπέλαμψεν
1374 1954 1438 1990 ὑμῖν
1454 1955 1542 1990 ἀγαθῇ
1560 1955 1630 1992 τῦχῃ
1646 1957 1692 1991 βίᾳ
1709 1965 1735 1982 τι
1753 1957 1803 1991 μέ-

1016 2001 1062 2032 λος
1077 2000 1194 2036 ἐκραγὲν
1216 1999 1264 2026 τοῦ
1282 1999 1397 2027 καθόλου
1412 2000 1538 2035 σώματος
1559 2002 1635 2037 ὑμῶν
1656 2003 1747 2030 ἕνεκα.
1765 2003 1804 2029 Τὰ

1017 2048 1045 2073 δὲ
1060 2046 1163 2082 μεταξὺ
1185 2046 1291 2081 σιωπῶ,
1304 2047 1336 2073 τδ
1347 2047 1401 2078 τοῖς
1413 2046 1567 2083 διηγήμασι
1583 2048 1804 2078 συνεκτεὶνεσθαι

1017 2093 1138 2128 φεύγων.

1053 2140 1158 2172 Οὖτως,
1177 2140 1272 2175 εὐχαῖς
1285 2141 1345 2172 ταῖς
1370 2139 1416 2168 τοῦ
1434 2140 1549 2176 πατρὸς,
1573 2140 1668 2177 ὥσπερ
1691 2141 1737 2169 οὖν
1757 2142 1804 2168 καὶ

1018 2188 1067 2223 τῆς
1085 2188 1200 2223 μητρὸς,
1215 2189 1264 2215 καὶ
1278 2190 1337 2220 ταῖς
1352 2188 1407 2215 τῶν
1422 2188 1562 2222 ἁπάντων,
1579 2188 1678 2223 ἄριστα
1694 2189 1741 2214 καὶ
1755 2197 1805 2214 πε-

1018 2233 1242 2269 φραγμένοςλκαὶ
1265 2233 1449 2267 ὡπλισμένος,
1466 2234 1669 2268 προεπέμπετο,
1691 2231 1736 2263 αἷς
1758 2234 1805 2260 καὶ

1018 2280 1193 2315 ἀνετρέφετο,
1213 2280 1260 2306 καὶ
1275 2279 1343 2314 πρὸς
1361 2280 1394 2306 τὰ
1412 2278 1509 2314 βελτίω
1526 2278 1681 2314 προύχώρει
1697 2278 1726 2311 ἐξ
1743 2279 1804 2305 eva-

1018 2335 1074 2360 χων
1085 2325 1198 2352 ἁπαλῶν
1214 2325 1278 2359 ἄχρι
1292 2325 1339 2350 καὶ
1352 2323 1400 2350 τοῦ
1422 2324 1484 2359 μεθ’
1500 2324 1577 2360 ὑμῶν
1589 2322 1672 2351 εἶναι.
1686 2325 1806 2357 Ταύταις

1018 2371 1136 2405 ἀνήγετο
1152 2370 1211 2401 ταῖς
1231 2369 1333 2404 εὐχαῖς,
1348 2369 1427 2403 ἀφεὶς
1442 2370 1473 2396 ἐκ
1488 2369 1538 2404 τῆς
1557 2369 1687 2405 πατρίδος
1700 2370 1741 2402 εἰς
1757 2372 1804 2396 πέ-

1018 2415 1102 2450 λαγος
1113 2423 1120 2430 ·
1135 2415 1246 2446 ταύταις
1262 2415 1391 2447 ἀπέπλει,
1405 2415 1460 2441 τῶν
1477 2415 1618 2449 συγγενῶν
1633 2414 1806 2450 δακρυόντων

1019 2460 1078 2496 ἅμα
1093 2460 1141 2487 καὶ
1163 2460 1383 2495 προπεμπόντων
1395 2468 1402 2475 ·
1425 2460 1539 2492 ταύταις
1556 2460 1603 2487 καὶ
1624 2461 1673 2495 τὴν
1690 2461 1744 2487 ἀπὸ
1757 2461 1805 2488 τοῦ

1019 2506 1088 2533 Θεοῦ
1102 2505 1261 2541 συμμαχίαν
1278 2505 1376 2541 ἡλπιζε
1393 2506 1515 2541 σχήσειν.
1540 2506 1624 2533 Οὺδὶν
1638 2507 1655 2542 ἢ
1670 2505 1806 2541 ἐλογίζετο

1021 2552 1037 2587 ἢ
1052 2552 1083 2578 τὸ
1098 2552 1230 2587 παράπαν
1247 2552 1393 2587 εἰργάξετο
1411 2552 1515 2578 τούτων
1537 2552 1602 2579 ἄνευ
1615 2561 1624 2569 ·
1638 2552 1678 2580 διὸ
1694 2561 1741 2586 και
1754 2553 1810 2580 πᾶν

1022 2599 1099 2633 ηνυε,
1114 2598 1169 2624 τῶν
1194 2606 1224 2624 τε
1239 2597 1378 2624 δυσκόλων
1400 2599 1448 2624 καὶ
1472 2598 1598 2633 φοϐερῶν
1612 2598 1708 2635 ὥσπερ
1725 2599 1808 2626 αὖτο-

1026 2645 1118 2678 μάτων
1133 2644 1173 2674 είς
1186 2643 1342 2670 τούναντίον
1360 2644 1617 2678 μετενηνεγμένων.

1056 2689 1147 2716 Πάντα
1169 2688 1218 2723 μὲν
1237 2686 1284 2714 οὖν
1298 2689 1344 2715 καὶ
1364 2688 1468 2715 ἐκαστα
1491 2689 1619 2723 φράζειν,
1637 2690 1689 2716 ὅσα
1710 2698 1740 2717 τε
1754 2690 1808 2716 ὑπὸ

1019 2735 1073 2761 τῶν
1086 2735 1280 2769 γειτονούντων
1297 2733 1422 2760 Λατίνων
1439 2734 1466 2760 αἱ
1486 2734 1612 2761 ἐνταυθοῖ
1632 2735 1736 2766 πόλεις,
1757 2734 1808 2761 ὅσα

1017 2788 1046 2806 τε
1060 2780 1113 2806 ὑπὸ
1124 2779 1179 2807 τῶν
1193 2779 1322 2815 Τούρκων
1338 2779 1485 2814 ὃφίσταντο
1504 2780 1588 2812 κακὰ,
1604 2780 1737 2807 ἐπιόντων
1754 2779 1805 2814 μὲν
