1938 3083
110 218 114 223 ,
135 178 188 211 ευρ

525 179 724 211 THEODORI
743 162 923 212 esseom.
944 181 1138 212 LAUDATIO
1159 182 1364 213 amemus.

1704 184 1758 218 210

135 237 230 266 ῖπποις
244 236 275 263 ὲκ
287 235 337 270 τῆς
347 236 474 271 ἠπείρου,
487 237 618 264 ἐπιόντων
630 237 657 264 δὲ
669 238 747 264 ναυσὶ
761 237 917 274 λῃστρικαῖς

976 238 1087 270 tiuenti,
1104 238 1182 272 equis
1195 238 1364 270 invaderent,
1383 244 1435 274 qua
1451 246 1465 265 a
1487 238 1552 264 mari
1566 239 1684 271 piraticis
1699 244 1757 267 ten-

137 282 191 309 όπὺ
204 281 250 308 τοῦ
265 282 400 316 πελάγους
410 290 417 297 ·
443 282 490 309 καὶ
504 282 576 309 τίσιν
591 284 606 315 ἠ
632 282 678 309 τοῦ
695 283 817 315 Πέλοπος
838 291 919 310 κατε-

136 327 246 363 τρίὸιτο
261 328 374 364 τρόποις
386 336 393 344 ·
409 328 456 356 τοῦ
485 329 535 364 μὲν
553 330 602 364 τῆς
618 329 720 364 μητρὸς
739 330 819 364 ἡμῶν
841 329 920 356 ἀδελ-

137 373 200 409 φοῦ,
217 373 328 408 ἀρίστου
344 374 395 409 μὲν
408 374 484 405 ὄντος
506 376 556 409 τὴν
572 375 664 408 φύσιν,
682 374 773 405 καλῶς
783 374 811 400 δὲ
825 374 920 409 ἄρχειν

136 419 237 450 εἰδότος
247 438 255 450 ,
272 418 320 446 τοῦ
333 420 380 446 καὶ
392 420 510 454 ταυτησὶ
524 420 574 455 τῆς
586 420 634 446 τοῦ
648 421 769 452 Πέλοπος
779 420 919 455 ἄρχοντος,

135 466 184 501 ήδη
201 465 248 492 τὸν
265 465 322 500 βίον
343 465 534 498 ἀπολιπόντος,
551 466 601 492 οὐκ
624 466 670 492 ἐπὶ
686 466 761 492 παιδί
780 475 834 492 τινι
846 485 854 496 ,
873 466 919 492 τοῦ

134 511 161 537 δὲ
178 510 294 544 ἀδελφοῦ
319 510 424 537 ἐκείνου
440 511 491 546 τὴν
511 511 598 546 ἀρχὴν
619 511 824 545 διαδεξαμένου,
843 512 920 543 ὄντος

136 557 185 587 μὲν
202 557 273 584 πάνυ
300 557 430 592 χρηστοῦ,
455 558 502 584 καὶ
521 557 552 583 τὸ
568 557 662 592 σχῆμα
685 558 847 593 ὕπερτέρου,
871 558 919 584 καὶ

133 603 179 629 τὸν
194 604 290 638 χρόνον
304 604 478 638 γεραιτέρου,
497 604 550 630 ὑπὸ
570 603 599 630 δὲ
620 603 715 635 παιδὸς
735 604 864 638 θρασέος,
879 604 920 631 δεῖ

134 650 189 684 γὰρ
202 649 319 684 τάληθὲς
344 650 444 682 εἰπεῖν,
460 650 636 684 κωλυομένου
661 651 749 676 ποιεῖν
764 649 798 676 τὰ
815 650 918 683 δύοντα,

133 695 180 721 καὶ
194 695 239 723 διὰ
253 695 333 722 τοῦτο
348 696 458 722 πάντων
470 695 538 731 ὁμοῦ
558 695 757 731 φθειρομένων,
774 696 918 729 αὐλητοῦ,

134 741 228 774 φασιν,
245 742 385 775 Ἀραϐίου
396 750 404 757 ·
419 743 446 768 τί
464 742 493 768 δὲ
509 742 550 769 δεῖ
567 742 614 769 καὶ
635 741 790 774 ἀναξαίνειν
807 742 871 776 ὑμῖν
885 741 921 768 τὰ

132 787 289 822 τραύματα,
314 787 410 823 ὥσπερ
425 788 501 821 ινυξι
524 789 683 824 χρωμένους
706 789 764 820 τοῖς
780 788 920 823 διηγήμα-

133 842 176 860 σιν
189 841 196 866 ;
209 833 316 865 ’Ἄλλως
330 842 361 860 τε
376 835 424 861 καὶ
438 835 595 870 περιέργως
605 834 638 861 ἂν
650 834 716 869 ὑμῖν
732 834 850 869 λέγοιτο,
864 835 920 866 τοῖς

133 879 162 904 ἑν
180 879 265 914 πείρᾳ
279 879 335 905 τῶν
360 879 537 915 πραγμάτων
556 880 692 914 γεγονόσι,
713 881 760 907 καὶ
782 880 828 907 διὰ
841 880 920 907 τοῦτο

132 924 220 951 ταῦτα
240 925 330 957 καλῶς
352 926 462 953 εἰδόσιν.
485 926 594 953 Ἐκεῖνα
612 926 705 953 τοίνυν
721 927 749 952 ὲν
768 927 846 962 μέρει
868 926 923 953 κεί-

133 970 188 996 σθω
199 978 206 986 ·
221 971 255 997 τὰ
268 971 299 998 δὲ
310 971 380 1006 μετὰ
403 971 452 1007 τήν
466 971 587 998 ενταῦθα
607 971 758 1006 ἐπιδημίαν
773 972 821 998 τοῦ
848 972 913 998 ἑαυ-

131 1016 178 1042 τὸν
205 1016 276 1050 ἡμῖν
300 1016 429 1044 ὑπόθεσιν
454 1017 501 1044 τοῦ
527 1017 664 1052 παρόντος
680 1017 786 1051 ἀγῶνος
818 1024 915 1052 προτε-

131 1059 254 1091 θεικότος
267 1060 331 1095 ἑξῆς
343 1061 377 1088 ἂν
391 1062 515 1096 είρητια.

173 1105 294 1137 Ἐκεῖνος
322 1107 373 1141 τῆς
395 1106 464 1138 νεὼς
487 1108 603 1140 ἀποϐὰς,
617 1109 666 1135 καὶ
694 1109 767 1144 μάλα
786 1109 916 1145 ἀσμένως

129 1151 293 1186 ὑποδεχθεὶς
309 1152 361 1178 ὑπὸ
378 1152 432 1179 τῶν
447 1152 586 1184 ἁπάντων,
601 1154 631 1181 οὐ
648 1154 752 1188 προῖὼν
767 1155 916 1190 ἠμαύρωσε

128 1197 176 1229 τὸν
195 1198 236 1228 είς
263 1197 347 1224 αὑτὸν
364 1198 474 1233 ἔρωτα·
489 1193 571 1225 τοῦτο
591 1199 623 1233 δὴ
649 1201 680 1226 ἰδ
695 1200 810 1234 σύνηθες
839 1199 917 1236 οἶμαι

128 1241 168 1272 ὡς
185 1241 221 1268 τὰ
237 1241 323 1269 πολλὰ
339 1243 477 1277 πανταχοῦ
495 1243 624 1277 γενέσθαι
635 1252 642 1260 ⁸
662 1245 722 1272 ἀλλ’
740 1243 774 1281 ῆν
790 1246 917 1282 λαμπρύ-

129 1296 184 1313 νων
199 1286 264 1322 ἄχρι
288 1287 400 1320 παντὸς,
425 1288 549 1320 ἅπαντας
565 1290 650 1316 ποιῶν
669 1288 699 1317 εὖ
714 1299 721 1306 ·
745 1292 793 1319 καὶ
817 1292 918 1324 πάντες

128 1330 201 1367 ἦσαν
216 1333 245 1359 ιν
261 1333 369 1367 ἑορταῖς
381 1342 389 1350 '
406 1334 471 1362 ἄνευ
486 1334 579 1369 μέντοι
593 1335 778 1371 τῶννέχθρῶν,
797 1338 845 1364 καὶ
861 1338 918 1364 τῶν

129 1378 281 1416 ἀσελτηρίᾳ
297 1388 327 1406 τε
343 1380 390 1406 καὶ
402 1380 556 1416 κακοηθείᾳ
569 1381 655 1416 πολλῇ
672 1382 829 1415 συζώντων,
847 1383 918 1410 ἑκεί-

130 1434 184 1452 νων
202 1426 263 1461 μὲν,
278 1427 328 1454 ἅτε
347 1427 498 1454 δοκούντων
519 1427 585 1454 εἴσω
606 1429 727 1464 σαγήνης
746 1429 820 1463 ὑμᾶς
833 1429 917 1465 ἔχειν,

132 1470 216 1506 μηδὲν
232 1471 286 1498 τῶν
303 1471 379 1499 ἔνδον
395 1473 485 1508 ἐώσης
508 1473 631 1508 φεύγειν,
655 1472 719 1501 εἶτα
734 1468 785 1509 τῆς
811 1475 919 1508 ἐλπίδος

130 1519 354 1554 διαμαρτόντων,
374 1521 479 1548 τούτων
506 1521 534 1548 δὲ
565 1522 649 1557 μηδὲν
677 1522 799 1557 εἰδότων,
815 1524 832 1559 ἢ
859 1526 919 1555 ταῖς

130 1565 219 1591 ἄλλων
246 1567 402 1601 συμφοραῖς
429 1567 577 1602 ὲντρυφᾷν,
602 1568 688 1595 ὄντων
709 1569 757 1596 καὶ
782 1570 872 1597 αὐτῶν
889 1571 918 1598 ἂν

971 288 1058 311 tareut
1070 284 1195 316 navibus,
1206 292 1238 312 ac
1253 289 1318 319 quot
1334 285 1421 312 modis
1435 292 1466 312 ea
1496 285 1633 319 provincia
1652 293 1758 313 vexare-

970 335 1025 363 tur,
1035 338 1096 358 cum
1110 332 1206 359 matris
1217 332 1327 366 quidem
1346 332 1439 362 frater,
1462 331 1563 364 optima
1589 331 1630 358 vir
1657 331 1757 363 indole,

969 384 1001 404 ac
1016 377 1173 410 reipubliea:
1189 377 1314 412 regendae
1341 378 1426 412 probe
1447 384 1557 412 gnarus,
1574 377 1621 412 qui
1635 382 1663 404 et
1683 377 1759 404 Pelo-

971 422 1085 456 ponnesi
1096 423 1284 457 praefecturam
1301 424 1421 458 gerebat,
1449 423 1504 458 jam
1529 423 1599 449 vivis
1628 423 1760 451 excessis-

970 472 1021 500 srt,
1034 468 1110 495 nullo
1123 469 1222 496 relicto
1232 469 1286 496 lilio
1302 469 1420 501 haerede,
1443 469 1489 495 sed
1507 468 1660 503 ejusfratre
1674 469 1760 503 impe-

970 513 1002 538 rii
1016 519 1183 544 successore,
1213 513 1272 540 viro
1281 513 1389 548 quidem
1403 513 1499 548 probo,
1514 517 1644 548 atque,ut
1654 518 1758 548 spei-tes

970 564 1124 591 personam,
1147 559 1277 593 pra-claro
1304 567 1335 586 ac
1370 563 1478 586 senecta
1498 558 1656 592 venerabili,
1678 567 1758 593 quem

971 607 1060 630 tamen
1074 604 1208 631 morosior
1223 604 1295 631 ﬁlius
1309 604 1465 639 (dicendum
1483 605 1555 631 cnim
1572 605 1643 639 quod
1655 606 1700 632 res
1710 604 1760 631 ha-

970 647 1045 682 bet),
1062 655 1122 682 quae
1133 654 1324 685 esseutopcrae
1343 649 1460 683 pretium
1480 654 1609 683 prwstare
1629 649 1759 684 prohibe-

971 696 1026 724 ret;
1040 692 1217 725 quamobrem
1234 693 1325 720 omnia
1341 693 1421 725 simul
1439 700 1550 727 pessum
1579 693 1664 726 ibant,
1688 694 1759 721 Ara-

970 738 1022 770 bio,
1037 743 1067 766 ut
1076 738 1181 771 dicunt,
1199 739 1313 767 tibicine.
1325 739 1395 773 Quid
1411 747 1475 767 vero
1489 740 1580 772 vobis,
1592 747 1639 768 ceu
1662 740 1760 776 ungui-

969 784 1031 817 bus,
1048 785 1206 812 narratione
1234 786 1345 812 vulnera
1359 785 1508 813 refricem?
1528 785 1639 821 Alioqui
1658 785 1758 813 frustra

970 830 1195 862 haecnarrentur,
1226 838 1288 858 cum
1318 831 1440 858 feceritis
1453 831 1503 866 ipsi
1530 839 1622 859 rerum
1648 832 1758 867 pericu-

972 876 1042 908 lum,
1055 876 1179 912 adeoque
1194 877 1277 912 probe
1291 877 1397 905 sciatis.
1424 877 1485 905 Sitit
1509 878 1602 912 itaque
1627 878 1759 905 hactenus

939 914 959 942 Β
972 921 998 948 in
1015 926 1091 955 parte
1112 925 1199 955 posita
1214 930 1221 948 :
1235 930 1296 957 qua:
1308 930 1373 950 vero
1402 929 1463 957 post
1485 923 1546 957 ejus
1572 923 1701 958 deinceps
1711 924 1760 951 ad-

966 971 1074 993 ventum
1090 968 1272 1002 coutigerunt,
1291 968 1348 996 haec
1368 969 1559 1004 prosequenda
1583 976 1673 1004 operae
1699 977 1758 1004 pre-

966 1012 1032 1040 tium
1049 1013 1208 1043 habeamuL

1006 1102 1057 1131 Ubi
1076 1103 1168 1138 itaque
1181 1104 1242 1131 navi
1263 1104 1382 1132 emissus
1397 1109 1479 1138 esset,
1495 1112 1602 1132 summa
1618 1106 1652 1132 ab
1669 1104 1760 1132 omni-

968 1148 1019 1177 bus
1030 1149 1124 1177 laetitia
1138 1155 1281 1185 susceptus
1296 1155 1358 1183 est;
1389 1158 1439 1178 nec
1455 1158 1517 1178 eum
1536 1151 1562 1178 in
1579 1158 1608 1178 se
1636 1157 1757 1178 amorem

970 1203 1100 1230 processu
1118 1196 1286 1229 obscuravit,
1316 1196 1388 1230 quod
1408 1195 1569 1232 plerumque
1582 1197 1674 1224 videas
1687 1197 1760 1224 acci-

969 1242 1048 1269 dere:
1066 1242 1131 1277 quin
1155 1242 1247 1277 potius
1275 1243 1418 1270 universos
1438 1243 1614 1275 demerendo,
1639 1242 1759 1277 copiosis

969 1295 1077 1321 semper
1088 1288 1242 1322 augmentis
1255 1288 1413 1316 illustravit.
1437 1288 1526 1316 Pestis
1540 1295 1638 1315 omnes
1651 1289 1759 1321 gaudiis

968 1333 1169 1368 epulabantur;
1184 1333 1207 1360 si
1235 1338 1328 1361 tamen
1352 1334 1473 1368 excipias
1502 1334 1606 1364 hostes.
1630 1330 1759 1368 virosque

969 1379 1052 1406 multa
1071 1379 1180 1407 vesanis
1194 1386 1226 1407 ac
1239 1381 1398 1408 morositate
1415 1380 1548 1408 ducentes
1570 1379 1672 1407 vitam:
1688 1387 1759 1414 quo-

969 1432 1029 1451 rum
1044 1424 1135 1459 primi,
1154 1431 1215 1452 cum
1230 1424 1286 1458 jam
1314 1425 1465 1453 iuevitabili
1491 1433 1591 1460 sagena
1614 1426 1760 1453 conclusos

969 1477 1018 1498 vos
1036 1474 1176 1505 putarent,
1205 1478 1253 1506 spe
1270 1471 1398 1506 deinceps
1414 1472 1627 1505 frustrarentur;
1646 1473 1760 1500 secundi

968 1524 1043 1549 vero,
1063 1517 1133 1544 haud
1147 1517 1224 1544 aliud
1239 1525 1320 1552 quam
1339 1518 1437 1545 alienis
1457 1518 1659 1545 calamitatibus
1681 1518 1760 1546 dele-

971 1564 1038 1589 ctari
1056 1567 1177 1596 nossent,
1192 1571 1253 1591 cum
1268 1569 1296 1591 et
1312 1565 1362 1599 ipsi
1377 1564 1487 1599 paribus
1500 1564 1632 1599 implicati
1646 1569 1758 1597 essent;

130 1611 192 1642 ταῖς
205 1612 295 1643 ῖσαις·
312 1613 381 1647 ὅπερ
399 1613 447 1639 καὶ
461 1613 522 1640 λίαν
539 1614 686 1647 κακόηθες,
702 1616 750 1642 καὶ
767 1615 844 1643 esse»
866 1614 915 1653 ἦτ-

969 1607 1037 1641 quod
1054 1607 1132 1641 plane
1146 1615 1207 1635 cum
1224 1608 1301 1636 valde
1313 1616 1463 1642 morosum,
1479 1613 1534 1636 tum
1551 1605 1555 1608 ”
1571 1609 1683 1644 aequalis
1708 1611 1759 1638 de-

130 1664 178 1682 τον
191 1656 300 1691 εὔηθες.
315 1657 411 1693 Χρεὼν
432 1659 487 1695 γὰρ
502 1658 532 1686 ὃν
547 1659 617 1696 ὑπὲρ
631 1661 737 1688 ἑαυτῶν
757 1663 881 1697 τρέμειν,
894 1663 918 1690 οι

130 1702 160 1733 δὲ
172 1704 234 1735 τοὺς
250 1704 350 1739 ἥττους
363 1705 468 1739 ήσθιον,
486 1705 546 1732 ὅσοι
562 1705 628 1738 τοὺς
652 1706 766 1740 μείζους
778 1707 917 1742 διέφυγον,

131 1749 209 1777 κατὰ
219 1751 283 1782 τοὺς
311 1751 524 1788 ἑζωγρημένους
553 1752 641 1790 ἰχθῦς,
659 1753 684 1780 οῖ
707 1754 839 1786 πολλάκις
853 1755 918 1782 εῖσω

130 1797 241 1832 κύρτων
258 1799 485 1834 κατεελημμένοι,
508 1800 538 1826 τὺ
553 1800 614 1827 κατ’
628 1800 741 1833 αὐτοὺς,
765 1800 802 1833 ὥς
819 1801 917 1833 ἔοικεν,

130 1843 270 1877 ἀγνοοῦσι.
287 1845 336 1871 καὶ
357 1846 420 1877 τοὺς
433 1846 618 1882 βραχυτέρους
634 1847 660 1874 οἱ
680 1847 793 1882 μείζους
815 1847 918 1874 ἰσθίον-

130 1897 185 1922 τες,
199 1892 248 1917 καὶ
269 1889 350 1922 αὖθις
378 1891 490 1923 τούτους
503 1892 529 1919 ot
544 1893 644 1927 μᾶλλον
657 1893 776 1929 μείζους,
788 1894 916 1929 ἑρμαιον,

129 1937 168 1969 ὡς
188 1938 288 1969 εἰπεῖν,
303 1937 434 1972 ἡγοῦνται
449 1937 480 1964 τὸ
499 1937 644 1974 θήρατρον,
660 1938 698 1970 ὡς
722 1939 787 1974 ῥᾷον
801 1939 830 1965 ὲν
841 1939 917 1974 αὐτῷ

130 1984 179 2016 τὰς
194 1985 331 2019 γαστέρας
351 1984 544 2018 ἑμπιπλῶντες
557 1986 662 2020 τροφῆς
680 1985 753 2020 ήπερ
768 1985 812 2011 ἐπ’
833 1985 915 2011 αὑτοῦ

130 2028 278 2062 πελάγους.
294 2028 355 2054 Τῶν
381 2028 431 2063 μὲν
458 2028 505 2055 οὖν
526 2029 634 2064 ἐχθρῶν
649 2029 779 2056 ἁπάντων
793 2029 847 2056 ἀπὺ
868 2030 916 2056 τοῦ

130 2073 224 2108 φοϐεῖν
244 2073 290 2100 ἐπὶ
304 2074 335 2100 τὸ
350 2073 474 2109 φρίττειν
493 2074 710 2108 μεταϐαλόντων,
734 2075 789 2102 τῶν
808 2075 838 2101 δὶ
867 2083 917 2102 κα-

130 2122 261 2154 κουργεῖν
283 2119 394 2147 εἰδότων
424 2121 464 2151 εἰς
491 2120 635 2155 χηραμοὺς
662 2121 846 2151 καταδύντων,
867 2121 915 2148 καὶ

129 2167 184 2193 τῶν
197 2166 309 2200 ἀγαθῶν
330 2165 515 2200 σκιρτώντων,
532 2167 571 2198 ὡς
596 2167 668 2202 μετὰ
691 2167 795 2202 πολλῆς
823 2168 916 2199 ἀδείας

131 2212 190 2245 ἐξὸν
205 2213 298 2240 ἐκεῖνα
314 2214 414 2246 ποιεῖν,
437 2213 471 2239 δι’
487 2210 525 2240 ὦν
539 2213 573 2240 ἂν
587 2213 779 2250 εὐπορώτεραι
793 2214 916 2248 γένοιντο

131 2258 233 2291 πόλεις,
250 2259 363 2294 εἰρήνης
385 2259 500 2294 βαθείας
516 2259 715 2291 ἀπολαύουσαι,
730 2261 747 2294 ἥ
770 2260 802 2295 δὴ
815 2261 915 2296 ἒκρείτ-
930 2273 954 2303 D

129 2311 184 2329 των
197 2303 319 2337 ἀτεχνῶς
337 2304 385 2330 καὶ
398 2303 529 2340 εὐπορίας
553 2304 674 2339 ἀπάσης,
693 2305 805 2340 ἀνεψιὸς
829 2306 915 2341 αὐτῷ,

129 2346 160 2373 οὖ
187 2349 278 2383 μικρῷ
305 2348 424 2384 πρόσθεν
450 2349 639 2384 ἐμνήσθημεν,
668 2350 776 2382 πολλοῖς
803 2351 916 2378 ἐπέθετο

129 2394 253 2428 τρόποις,
277 2394 412 2430 Τούρκοις
426 2396 474 2422 καὶ
494 2397 620 2428 Λατίνοις
634 2396 731 2423 ἑαυτὸν
751 2397 842 2432 μίξας.
864 2398 916 2423 Εὐ-

130 2441 179 2471 θὺς
194 2439 240 2468 οὖν
260 2442 350 2469 πάντα
363 2443 501 2478 συνέχεεν,
516 2443 570 2470 ἀπὺ
585 2441 706 2479 γαλήνης
718 2444 793 2478 αί-γὶς
807 2445 915 2478 φανεὶς,

129 2486 206 2514 οὔπω
225 2488 280 2514 τῶν
307 2489 479 2524 πραγμάτων
492 2491 537 2516 ἐπὶ
553 2490 670 2522 κρείττω
692 2491 844 2525 παγέντων.
861 2489 916 2517 Ἦν

129 2532 158 2558 δὲ
173 2533 234 2564 ταῖς
259 2533 386 2565 ἀπειλαῖς
410 2535 538 2569 φοϐερὸς,
566 2535 613 2561 καὶ
640 2535 697 2566 τοῖς
717 2535 808 2570 ἔργοις
838 2535 916 2562 οὐδὲν

129 2575 220 2614 ἦττον,
246 2579 294 2606 ᾶτε
311 2579 393 2614 ξένην
419 2580 489 2616 έχων
511 2581 654 2616 στρατιὰν,
672 2582 790 2608 καὶτῶν
815 2583 918 2618 ἐπιχω-

132 2623 198 2658 ρίων
223 2625 338 2656 πολλοὺς
347 2645 361 2658 ,.
386 2627 441 2653 καὶ.
463 2627 587 2663 κατέχων
622 2628 741 2663 φρούρια
775 2629 828 2655 ὑπδ
866 2629 915 2656 τοῦ

129 2670 233 2704 πατρὸς
266 2670 341 2706 αὖτῷ
377 2672 509 2707 δεδομένα
522 2680 537 2689 ⁰”
554 2674 603 2701 καὶ
633 2674 779 2702 συνελόντα
815 2676 915 2708 εἰπεῖν,

130 2715 201 2750 πλὴν
232 2716 279 2742 τοῦ
307 2717 383 2752 παρὰ
408 2717 487 2752 λόγον
518 2718 714 2754 θρασύνεσθαι,
735 2712 788 2748 ἷιαὶ
814 2721 915 2753 ἀδίκως

132 2761 222 2796 μάχης
240 2762 373 2797 ὑπάρξαι,
397 2764 472 2790 τᾶλλ’
487 2765 537 2792 οὐκ
553 2765 655 2801 ἀγενὴς
668 2765 717 2798 ὢν,
739 2766 796 2793 οὐδ’
815 2767 916 2801 ἀμέτο-

129 2814 176 2840 χος
191 2807 395 2842 μηχανημάτων
409 2808 456 2836 καὶ
479 2810 627 2841 ποικιλίας.
643 2810 758 2838 Πάντων
784 2809 831 2839 οὗν
844 2812 914 2838 ἁπε-

128 2851 284 2893 γνωκότων,
310 2853 357 2879 καὶ
374 2854 618 2888 συμὸουλευόντων
637 2855 713 2891 αὐτῷ
737 2856 861 2892 φεύγειν,
875 2857 915 2888 ὡς

128 2896 159 2922 οὐ
174 2896 327 2925 δοκούντων
342 2899 456 2927 δυνατὸν
473 2901 541 2936 πρὸς
565 2901 703 2938 τοσαύτην
719 2902 853 2938 σύρροιαν
867 2903 914 2930 ἀνα-

971 1653 1080 1680 mcutite
1095 1657 1147 1681 est.
1164 1653 1234 1681 Cum
1247 1655 1320 1682 enim
1337 1663 1385 1688 pro
1399 1662 1449 1682 sua
1464 1655 1588 1689 ipsorum
1606 1657 1693 1684 salute
1707 1662 1761 1684 tre-

970 1707 1046 1727 mere
1058 1700 1231 1735 habuisseut,
1247 1701 1266 1728 ii
1290 1702 1382 1736 potius
1394 1701 1575 1730 comedebaut
1592 1702 1721 1734 minores.
1736 1703 1758 1731 si

969 1746 1015 1781 qui
1033 1746 1154 1781 majores
1166 1744 1323 1780 evaseraut,
1341 1749 1379 1775 uti
1401 1748 1428 1775 in
1443 1747 1529 1782 captis
1543 1747 1665 1782 piscibus
1678 1748 1757 1776 solet.

969 1791 1043 1825 Quos
1060 1793 1132 1820 enim
1147 1800 1246 1829 sageua
1258 1794 1368 1822 clamos
1385 1794 1494 1827 habeat,
1514 1795 1585 1821 haud
1598 1802 1676 1822 suam
1690 1794 1759 1822 satis

973 1838 1091 1866 scientes
1120 1843 1235 1871 sortem,
1268 1840 1385 1874 majores
1414 1840 1464 1874 ipsi
1496 1840 1660 1868 munitiores
1692 1841 1759 1869 alios

968 1884 1123 1918 comedunt,
1137 1892 1206 1920 quos
1225 1885 1299 1920 ipsos
1323 1893 1419 1914 rursus
1446 1886 1606 1920 grandiores
1634 1887 1679 1914 alii
1703 1889 1759 1915 sint

968 1932 1136 1961 comesturi:
1158 1932 1287 1967 hancque
1303 1932 1425 1966 modum,
1443 1933 1573 1961 Mercurii
1590 1938 1657 1967 rete,
1673 1939 1704 1961 ut
1720 1933 1760 1961 sic

967 1975 1074 2008 dicam,
1094 1980 1222 2011 tauquam
1235 1976 1262 2003 in
1283 1984 1328 2010 eo,
1360 1985 1441 2013 quam
1456 1978 1484 2005 in
1506 1978 1574 2006 mari
1604 1974 1760 2014 expeditius

967 2027 1090 2050 ventrem
1123 2023 1272 2057 impleturi,
1294 2023 1417 2051 trahunt.
1457 2024 1526 2052 Cum
1547 2032 1612 2060 ergo
1635 2025 1758 2053 universi

968 2068 1060 2096 hostes
1085 2068 1163 2096 abeo
1179 2072 1208 2096 ut
1223 2073 1356 2096 terrerent
1383 2069 1557 2097 interrorcm
1584 2070 1634 2104 ipsi
1647 2078 1759 2105 ageren-

968 2120 1012 2142 tur
1023 2134 1031 2147 ,
1049 2115 1228 2149 hominesque
1245 2115 1361 2143 nocendi
1391 2117 1487 2144 artem“
1503 2117 1575 2144 docti
1604 2116 1631 2143 in
1648 2116 1758 2143 latibula

967 2168 997 2188 se
1012 2161 1303 2194 subducerent,.bouis
1315 2162 1424 2189 interim
1436 2162 1625 2197 gestientibus,
1641 2162 1712 2196 quod
1727 2170 1758 2190 ea

966 2207 1096 2242 deinceps
1108 2212 1165 2235 tuto
1176 2207 1321 2235 admodum
1333 2213 1463 2243 praestare
1472 2212 1595 2244 possent,
1616 2215 1648 2236 ex
1659 2209 1758 2242 quibus

967 2254 1049 2282 urbes
1064 2254 1165 2282 divitiis
1179 2259 1341 2290 augeantur,
1350 2255 1431 2282 altam
1443 2258 1553 2290 agentes
1563 2262 1658 2289 pacem
1673 2274 1681 2286 ,
1695 2262 1757 2289 quae

967 2305 995 2329 et
1013 2300 1070 2336 ipsa
1096 2301 1199 2328 divitiis
1213 2301 1343 2328 omnibus
1359 2301 1455 2328 melior
1479 2304 1542 2327 est:
1561 2300 1755 2331 consobrinus,

967 2348 1043 2382 cujus
1055 2348 1135 2382 paulo
1149 2348 1274 2383 superius
1291 2348 1363 2375 facta
1391 2352 1433 2375 est
1447 2348 1560 2379 mentio,
1572 2346 1672 2375 Turcis
1684 2355 1714 2374 se
1725 2354 1758 2375 ac

969 2393 1072 2421 Latinis
1087 2394 1216 2425 miscens,
1229 2394 1324 2421 multis
1338 2394 1362 2421 ei
1374 2394 1463 2421 modis
1481 2394 1616 2429 negotium
1634 2393 1755 2421 facessit.

969 2439 1071 2467 Statim
1082 2447 1148 2475 ergo
1163 2439 1288 2467 confudit
1298 2440 1400 2470 omnia.
1417 2447 1465 2467 ceu
1482 2439 1563 2467 turbo
1588 2448 1602 2466 a
1620 2439 1754 2474 tranquil—

967 2485 1045 2512 litate
1060 2493 1214 2520 emergens,
1229 2492 1291 2513 cum
1305 2485 1422 2512 necdum
1444 2491 1488 2512 res
1503 2484 1616 2512 lirmiori
1634 2489 1709 2512 statu
1726 2485 1752 2511 iu

967 2532 1039 2561 bono
1057 2532 1198 2560 haberent.
1214 2531 1279 2559 Erat
1307 2538 1389 2566 porro
1428 2531 1511 2558 minis
1532 2531 1707 2562 tremendus;
1724 2539 1755 2559 ac

967 2586 1055 2614 neque
1071 2586 1115 2606 res
1129 2578 1161 2606 ad
1178 2582 1308 2606 terrorem
1326 2578 1446 2605 minores
1459 2583 1548 2609 erant,
1566 2578 1639 2613 quod
1652 2585 1752 2606 novum

967 2626 1081 2654 haberet
1093 2625 1277 2659 conscriptum
1304 2624 1428 2657 militem,
1446 2624 1594 2660 pluresquo
1620 2624 1753 2658 indigena!

967 2673 1001 2700 ab
1029 2679 1062 2699 eo
1076 2675 1190 2704 starent,
1205 2678 1237 2698 ac
1256 2670 1350 2698 relicta
1367 2678 1383 2698 a
1396 2676 1473 2706 patre
1496 2670 1619 2705 praesidia
1638 2673 1752 2697 teneret.

966 2718 1055 2752 Atque
1070 2722 1100 2745 ut
1118 2717 1201 2744 verbo
1218 2716 1320 2749 dicam,
1333 2721 1446 2751 excepta
1461 2716 1508 2743 illa
1535 2724 1589 2744 non
1609 2724 1625 2744 e
1645 2717 1752 2744 ratione

967 2764 1091 2796 audacia,
1105 2767 1186 2799 atque
1200 2767 1230 2791 ut
1255 2763 1348 2798 iujusti
1376 2763 1445 2790 belli.
1466 2767 1562 2790 auctor
1585 2768 1668 2798 esset,
1694 2770 1753 2791 erat

967 2809 1068 2844 alioqui
1080 2816 1133 2837 non
1145 2809 1285 2843 degeneris
1296 2809 1393 2842 animi,
1407 2816 1457 2837 nec
1464 2815 1529 2837 vero
1537 2817 1635 2844 expers
1647 2810 1752 2845 peritia:

965 2855 1070 2884 bellicae
1084 2862 1116 2883 ac
1129 2855 1291 2890 prudentiae.
1310 2854 1379 2883 Cum
1393 2862 1459 2890 ergo
1472 2863 1568 2884 omnes
1581 2856 1609 2884 iu
1623 2856 1751 2892 desperat-

967 2902 1069 2931 tionem
1084 2901 1184 2935 adacti,
1216 2902 1306 2938 rugam
1323 2901 1513 2936 consulerent,
1530 2906 1659 2939 tanquam
1675 2902 1756 2930 vide-
