1938 3083
117 165 171 198 213

516 166 712 196 THEODORI
750 167 909 197 DESPOTI
944 168 1137 199 LAUDA'l‘lO
1159 169 1364 199 FUNEBRIS.

1686 167 1739 199 ‘th

118 225 223 258 ἑτέροις
239 223 359 254 ἐκείνους
372 223 422 257 ζῇν
437 222 637 255 ὑποπτεύοντες
654 224 740 250 αἴτιον
754 225 903 251 σκανδάλου

960 230 1012 251 Lum
1039 225 1109 259 quod
1136 225 1296 252 scandalum
1313 223 1431 252 creaturi
1459 223 1627 254 viderentur.
1644 231 1694 259 pro
1710 233 1742 251 eo

117 269 295 305 γενήσεσθαι.
316 268 435 300 Ἐκεῖνος
448 269 477 295 δὲ
495 269 619 296 πιστεύει
638 269 698 304 μὲν,
712 269 819 297 οἴκοθεν
832 271 902 306 ἔχων

117 316 148 342 τὸ
165 314 260 345 πιστὸς
274 311 357 340 εἶναι’
372 313 385 340 ὃ
402 313 456 349 γάρ
476 321 518 345 τις
539 314 606 348 ἔχει.
622 314 724 347 δίδωσι,
747 316 794 342 καὶ
805 317 819 342 ὅ
833 317 901 350 ἐστι,

117 360 257 395 λογίζεται
272 360 318 386 καὶ
333 359 396 391 τοὺς
410 360 519 392 λοιποὺς
537 358 621 388 εἶναι·
636 362 722 388 πείθει
736 363 765 389 δὲ
780 363 828 389 καὶ
840 364 904 390 ἑαυ-

116 406 174 439 τὶν,
197 407 243 432 καὶ
263 406 371 438 ἄλλους,
393 406 540 441 λογισμοὺς
561 408 713 442 προτείνων
735 409 903 445 ἀναντιῤῥή-

113 461 189 484 τους.
206 453 240 485 ὣς
256 453 308 479 κᾶν
334 451 491 487 βουληθεῖεν
507 454 609 481 ἐκεῖνοι
636 455 722 482 κακόν
738 464 766 482 τι
790 456 901 491 δρᾶσαι,

115 500 166 526 οὐκ
181 500 213 526 ἄν
231 508 295 525 ποτε
319 498 461 533 δυνηθεῖεν
472 507 480 515 ·
495 499 542 526 καὶ
560 500 606 527 διὰ
630 501 710 528 τοῦτο
731 501 792 528 οὐδὲ
810 501 904 537 βουλή-

119 554 223 573 σονται.
246 545 342 580 Ἐξέϐη
357 546 380 572 δ’
395 545 491 581 ὥσπερ
505 547 586 579 αὐτὸς
601 547 712 582 ὲνόμισέ
724 556 753 574 τε
768 548 816 575 καὶ
829 549 904 583 ἰσχυ-

120 591 221 626 ρίζετο.
237 592 293 618 Καὶ
305 591 386 618 τοῦτο
401 593 463 627 τρία
481 593 560 620 ταυτὶ
580 595 858 630 προσμαρτυρήσειεν
870 596 904 622 ἂν

119 636 204 672 αὐτῷ,
221 637 404 670 ἀξιοπιστίαν,
424 638 548 674 ἀνδρίαν,
574 639 721 674 φρόνησιν·
739 641 778 676 τῷ
792 642 905 668 πιστεῦ-

120 691 177 715 σαι,
194 683 233 718 τῷ
246 684 397 719 θαρρῆσαι,
415 685 454 720 τῷ
468 685 559 717 καλῶς
584 686 781 721 στοχάσασθαι.
799 687 904 715 κτᾶται

118 730 264 765 τοιγαροῦν
274 731 405 767 στρατιὰν
417 731 565 767 τοσαύτην,
576 732 627 760 οὐκ
635 734 747 769 ἄπειρον
764 734 815 769 μὲν
822 743 904 769 τραυ-

121 777 225 810 μάτων,
240 777 346 812 ἀγαθὴν
364 777 391 804 δὲ
417 778 452 804 τὰ
471 778 600 813 πολέμια,
618 780 701 814 μηδὲν
724 781 903 816 προσαναλώ-

117 830 166 853 σας
181 821 196 857 ἢ
219 825 283 858 τρία
300 823 400 855 ταῦτα,
423 823 536 859 γνώμης
551 825 682 859 ὀξύτητα.
699 826 824 862 γλώττης
847 828 903 854 δει-

117 868 229 903 vitam,
251 870 360 905 τρόπων
378 872 552 907 χρηστότητα
565 880 572 888 ⁸
595 872 711 900 ἕκαστον
729 874 823 909 χρῆμα
839 874 903 902 ἀκέ-

115 921 212 942 νωτον.

154 1002 247 1036 Ἕχων
259 1011 290 1037 γε
308 1003 399 1030 τοίνυν
415 1005 515 1037 αὐτοὺς
530 1007 597 1042 πρὸς
615 1009 648 1042 τῇ
666 1008 717 1042 τῆς
732 1009 904 1046 Πελοποννή-

115 1056 163 1074 σου
179 1049 303 1083 δυνάμει,
323 1050 351 1076 οὐ
372 1052 479 1087 σμικρᾷ
496 1052 542 1078 καὶ
557 1053 712 1089 καθἀὑτὴν
729 1055 806 1090 οὔσῃ,
817 1065 904 1090 προσ-

115 1093 205 1129 θήκην
232 1095 273 1120 ὅτι
297 1096 442 1130 μεγίστην,
459 1097 523 1132 ῥᾷον
539 1098 555 1132 ἡ
576 1107 616 1129 τις
636 1098 669 1125 ἂν
685 1099 811 1134 ἐνόμιζεν
827 1100 856 1128 εὖ
871 1102 904 1128 τὰ

114 1140 189 1166 surdi
208 1140 270 1167 νοῦν
282 1141 386 1168 διέθετο
412 1143 510 1169 πάντα.
527 1143 556 1169 Εἰ
575 1146 628 1179 γὰρ
645 1144 675 1179 δὴ
693 1148 740 1172 καὶ
761 1147 847 1181 μικρά
861 1156 904 1179 τις

115 1187 233 1222 ὲπιΰολὴ
248 1188 277 1214 τὸ
293 1189 346 1215 πᾶν
364 1189 453 1223 ἰσχύει
469 1190 611 1224 πολλάκις,
628 1193 643 1226 ή
662 1194 779 1228 τοσαύτη
797 1194 846 1228 μὲν
865 1195 904 1229 τῷ

118 1233 229 1267 πλήθει,
244 1233 315 1268 καλὴ
330 1235 358 1261 δὲ
375 1236 422 1261 καὶ
437 1237 470 1271 τῇ
483 1235 538 1263 τῶν
549 1236 707 1271 πολεμικῶν
721 1238 862 1275 ἐμπειρίᾳ,
879 1240 905 1265 τί

117 1279 168 1305 οὐκ
185 1279 218 1306 ἂν
233 1279 297 1314 ἔδρα
311 1289 318 1312 ;
339 1280 376 1306 Οὐ
392 1281 456 1316 γὰρ,
473 1281 563 1309 καίτοι
580 1283 640 1309 καθ’
666 1283 780 1316 ἑαυτοὺς
800 1285 904 1320 προθύ-

121 1332 189 1357 μους
204 1331 234 1350 τε
247 1325 295 1351 καὶ
318 1325 438 1358 ἀγαθοὺς
455 1326 626 1360 στρατιώτας
641 1327 732 1360 ὄντας,
750 1329 780 1355 οὐ
803 1330 904 1364 προσέ-

119 1369 181 1396 θετο
212 1370 326 1405 ποιῆσαι
351 1371 465 1403 τούτους
493 1372 635 1407 βελτίους·
662 1374 720 1400 ἀλλ’
750 1374 905 1410 ἐπηύξησεν

121 1416 223 1448 αὐτοῖς,
240 1416 336 1452 ὥσπερ
351 1417 397 1444 οὖν
411 1417 442 1445 τὸ
458 1419 527 1455 πρὸς
549 1420 633 1446 αὐτὴν
652 1420 776 1456 φίλτρον,
791 1421 862 1449 οὕτω
876 1423 905 1450 δὲ

121 1462 169 1489 καὶ
183 1463 217 1490 τὰ
229 1464 400 1499 χρηστότερα
413 1465 513 1497 πάντα,
529 1465 617 1500 λέγων
632 1467 679 1493 καὶ
693 1467 854 1500 ὑποδεικνὺς
872 1470 906 1496 τὰ

123 1509 258 1543 πρακτέα.
277 1510 332 1537 Καὶ
345 1509 421 1546 δηλοῖ
445 1512 480 1538 τὰ
496 1511 529 1538 δι’
547 1512 637 1538 αὐτῶν
661 1513 759 1549 ἐκείνῳ
779 1522 905 1549 πεπραγ-

953 272 1025 306 quod
1042 271 1103 299 aliis
1120 272 1243 299 moribus
1258 272 1392 308 viverent.
1412 270 1546 298 Caeterum
1563 270 1608 298 ille
1619 278 1742 298 commo-

953 318 1001 345 dat
1011 318 1122 352 quidem
1135 318 1224 350 fidem,
1237 317 1283 352 qui
1297 325 1313 346 a
1325 325 1354 344 se
1364 318 1422 352 ipse
1435 317 1514 344 ﬁdem
1530 317 1651 344 haberet.
1665 315 1743 348 Quod

954 363 1016 398 quis
1031 364 1104 390 enim
1121 363 1210 396 habet,
1227 363 1307 390 etiam
1322 363 1379 395 dat,
1405 370 1439 390 ac
1452 361 1524 396 quod
1544 364 1586 388 est
1603 362 1671 393 ipse,
1693 361 1745 388 hoc

953 410 1024 438 alios
1039 418 1147 445 quoque
1159 410 1317 437 existimat:
1346 417 1408 437 cum
1429 415 1494 435 vero
1506 407 1569 439 sibi.
1598 412 1655 434 tum
1683 406 1745 433 aliis

954 455 1062 486 suadet,
1078 455 1244 482 firmissimis
1261 455 1398 482 rationum
1415 454 1575 485 momentis,
1590 461 1624 479 ne
1650 452 1672 480 si
1701 459 1746 479 ve-

955 501 1015 533 lint,
1033 508 1114 535 posse
1125 507 1172 528 eos
1186 500 1251 535 quid
1271 499 1332 527 mali
1352 499 1461 530 facere;
1482 505 1569 534 eoque
1586 498 1644 525 fore
1662 501 1691 523 ut
1718 500 1746 523 et

955 547 1042 574 nolint
1055 567 1062 579 ,
1080 547 1227 581 evenitque
1238 545 1441 578 uti.censuerat
1454 545 1511 580 ipse
1528 552 1560 572 ac
1573 544 1723 571 allii-morat
1737 552 1744 576 ;

955 600 1016 628 quas
1032 600 1096 620 sane
1115 600 1159 620 res
1187 592 1237 619 tria
1252 593 1309 619 haec
1325 591 1363 618 illi
1381 591 1489 618 abunde
1502 591 1620 623 astruit;
1646 594 1744 617 aucto-

955 641 1062 667 ritatem
1076 639 1109 666 ad
1123 638 1217 670 fidem,
1234 638 1433 670 fortitudinem,
1465 637 1648 671 prudentiam,
1667 636 1743 671 quod

955 685 1082 713 habuerit
1099 685 1191 718 fidem,
1212 684 1283 718 quod
1303 684 1441 715 fiduciam.
1478 684 1550 718 quod
1569 683 1637 710 bene
1654 683 1748 716 c'ouje-

955 731 1049 759 ctarit.
1065 731 1140 758 Adeo
1150 738 1215 765 ergo
1227 729 1528 758 numerosum‘militem
1537 734 1689 764 comparat.
1704 729 1747 756 ni—

953 777 993 804 hil
1008 777 1085 804 illum
1100 777 1242 804 vulnerum
1256 777 1350 804 rudem
1363 796 1370 807 ,
1385 776 1456 803 bello
1472 780 1565 803 autem
1586 775 1746 809 cumprimis

954 827 1153 857 opportunum,
1169 829 1230 848 cum
1248 826 1344 855 praeter
1363 821 1420 848 hate
1435 820 1487 847 tria
1499 838 1506 850 .
1534 819 1622 846 nullos
1641 818 1748 853 posuis«

955 873 996 896 set
1010 873 1146 903 sumptus,
1165 875 1292 901 sagacem
1308 867 1442 895 animum.
1461 867 1558 900 linguai
1577 865 1633 891 vim
1651 884 1659 896 ,
1685 871 1746 890 mo—

956 923 1016 942 rum
1034 915 1194 946 bonitatem,
1211 914 1369 941 thesaurum
1386 913 1465 948 plane
1486 911 1593 947 singula
1611 910 1747 937 inexhau-

956 964 1041 987 stum.

988 1006 1056 1034 Cum
1070 1006 1162 1040 itaque
1177 1011 1291 1040 excepta
1322 1005 1503 1040 Peloponnesi
1518 1004 1628 1036 virtute,
1644 1011 1705 1038 qua:
1722 1007 1749 1029 ct

957 1052 1017 1087 ipsa
1032 1060 1078 1087 per
1089 1060 1119 1080 se
1131 1059 1185 1080 non
1201 1052 1307 1079 molica
1321 1056 1405 1084 «sset,
1421 1050 1548 1078 maxime
1560 1057 1608 1077 eos
1636 1049 1749 1075 haberet

957 1097 1124 1125 accessionis
1139 1098 1210 1129 loco,
1229 1096 1324 1131 majori
1337 1103 1419 1130 supra
1439 1103 1549 1122 omnem
1561 1093 1749 1122 existimatio-

958 1149 1020 1169 nem
1040 1142 1180 1175 facilitate,
1196 1142 1264 1169 bene
1276 1150 1309 1169 ex
1323 1141 1414 1168 animo
1441 1140 1534 1167 omnia
1550 1139 1748 1167 constituebat.

959 1188 1075 1222 Quando
1091 1188 1164 1215 enim
1179 1188 1285 1215 modica
1301 1195 1411 1222 quoque
1422 1187 1546 1214 accessio
1561 1193 1615 1213 non
1631 1193 1694 1212 raro
1706 1188 1749 1211 ιο-

959 1240 1016 1262 tum
1030 1240 1151 1269 pratstat,
1165 1234 1230 1269 quid
1244 1242 1297 1261 non
1314 1239 1388 1260 tanta
1403 1233 1458 1265 illa,
1477 1233 1572 1267 reique
1592 1231 1660 1258 adeo
1674 1231 1750 1258 belli-

957 1288 998 1309 ca:
1013 1283 1108 1316 peritia
1124 1286 1266 1316 praestans,
1285 1279 1444 1308 confectura
1465 1279 1544 1305 erat?
1559 1277 1652 1312 Neque
1676 1276 1749 1302 enim

958 1334 1114 1361 quanquam
1141 1335 1189 1362 per
1199 1335 1229 1354 se
1258 1326 1363 1353 alarres
1390 1333 1422 1352 ac
1453 1323 1558 1352 strenui
1575 1327 1665 1355 erant,
1679 1322 1750 1349 omi-

959 1375 1043 1405 sit.ut
1058 1374 1184 1402 meliores
1201 1373 1316 1401 ediceret
1329 1373 1410 1407 ;quin
1425 1372 1491 1404 imo,
1506 1372 1543 1398 uti
1560 1367 1659 1398 eorum
1675 1369 1702 1396 in
1722 1376 1752 1395 se

960 1427 1092 1453 amorem,
1109 1420 1148 1448 sic
1160 1424 1186 1448 et
1198 1419 1308 1447 meliora
1321 1419 1414 1446 omnia
1428 1418 1467 1446 eis
1480 1417 1591 1444 adauxit
1603 1436 1611 1448 .
1625 1422 1679 1450 qua
1692 1421 1753 1442 ver--

961 1467 1013 1499 bis.
1027 1474 1081 1501 qua
1103 1466 1187 1494 rebus
1202 1471 1373 1496 monstrans.
1390 1472 1452 1500 qua:
1466 1463 1538 1491 facto
1554 1471 1624 1497 opus
1637 1466 1730 1496 essent
1743 1469 1750 1486 :

961 1513 1135 1547 produntque
1145 1520 1193 1548 per
1201 1520 1249 1540 eos
1267 1513 1299 1539 ab
1310 1512 1355 1539 illo
1369 1515 1443 1547 gesta
1456 1519 1463 1544 ;
1479 1517 1634 1545 quanquam
1645 1508 1685 1535 eis
1697 1514 1750 1534 nor.

124 1556 204 1590 μένα,
218 1556 243 1583 εί
259 1557 358 1592 καλιμὴ
372 1558 401 1584 τὸ
413 1558 468 1584 πᾶν
484 1558 575 1590 αὐτοῖς
588 1559 748 1593 ἀνατίθημι.
762 1560 823 1591 Πῶς
834 1562 905 1596 γάρ;

961 1560 1052 1587 omnia
1069 1563 1181 1594 accepta
1198 1558 1298 1586 refero.
1320 1559 1371 1591 Qui
1385 1558 1477 1585 enim?
1493 1557 1589 1584 Nonne
1613 1556 1685 1582 enim
1703 1555 1753 1581 ho-

122 1602 157 1629 Οὐ
173 1603 227 1638 γὰρ
241 1602 380 1637 δυσμενῶν
395 1601 452 1630 εἷλε
466 1603 569 1635 πόλεις,
584 1604 633 1636 τὰς
649 1606 699 1639 μὲν
727 1606 908 1641 πολιορκήσας

121 1657 151 1674 τε
169 1649 217 1675 καὶ
243 1649 506 1684 παραστησάμενος.
530 1649 580 1682 τὰς
607 1650 629 1677 δ’
645 1651 772 1678 αὐτοϐοεὶ
795 1651 834 1687 τῷ
858 1661 906 1679 ποι

122 1695 209 1730 λέμῳ,
225 1696 273 1726 τὰς
289 1695 401 1728 πλείους
416 1696 443 1722 δὲ
461 1696 508 1723 καὶ
529 1697 674 1731 φθασάσας
691 1697 742 1732 τὴν
758 1699 808 1733 τῆς
828 1707 910 1734 στρα-

112 1741 184 1772 ”τιᾶς
197 1740 307 1774 ἐφοδον,’
329 1742 377 1768 καὶ
400 1742 465 1776 πρὶν
486 1742 534 1768 τοῦ
548 1742 655 1778 ταύτην
678 1743 762 1777 ἐγγὺς
783 1745 909 1778 γενέσθαι

125 1787 344 1822 πσραδοθείσας;
367 1781 412 1814 Οὑ’
423 1787 543 1820 δεδιότας
567 1789 653 1823 ἔδειξε
668 1790 732 1822 τοὺς
755 1791 911 1826 δεδιττομέ-

124 1842 203 1867 νουςς
220 1834 257 1859 Οὐ
271 1833 361 1860 πάντα
376 1833 452 1860 ταῦτ’
469 1834 556 1862 ὲποίει
575 1835 639 1867 τοὺς
653 1835 798 1871 δυσμενεῖς
811 1836 911 1872 θρασυ-

124 1879 254 1913 νομένους
279 1879 340 1910 ταῖς
369 1879 421 1914 πρὸ
449 1879 498 1914 τῆς
519 1880 602 1907 αὑτοῦ
629 1882 783 1916 παρουσίας
809 1883 910 1914 νίκαις,

125 1925 333 1960 κατεπτηχότας
354 1925 499 1958 φαίνεσθαι
527 1927 576 1953 καὶ
598 1929 911 1963 κατῃσχυμμένους,ἆτε

125 1971 157 2005 δὴ
174 1972 221 1997 τοῦ
235 1972 354 2006 ϐράδους
371 1973 475 2004 αὐτοῖς,
492 1973 540 1998 καὶ
555 1973 610 1999 τῶν
625 1973 668 2007 ἔφ’
686 1971 728 2005 οἷς
747 1975 818 2009 μέγα
833 1975 914 2010 ἐφρό-

124 2026 197 2050 νουν,
213 2018 280 2052 πρὸς
295 2019 454 2046 τούναντίον
469 2019 631 2054 τραπέντων
644 2028 652 2052 ;
665 2021 703 2047 Οὐ
718 2021 910 2058 παρῃτοῦντος

127 2064 164 2091 οὗ
192 2065 398 2100 προσεκύνουιη
426 2066 483 2092 υύκ
510 2065 673 2092 ἀπεδίδοσαν
700 2066 811 2094 ἅπαντα
828 2068 912 2102 {pud

125 2111 286 2147 προσθήκης
308 2112 342 2138 τὰ
359 2112 525 2146 ἡρπαγμένσ
541 2121 548 2143 ;
564 2113 601 2139 Οὐ
628 2113 728 2147 φόρους
755 2114 913 2148 προσεδίδο-

126 2166 186 2189 σαν,
205 2158 228 2184 οἳ
251 2158 299 2184 καὶ
326 2157 393 2193 ὄναρ
405 2158 479 2184 τοῦτ’
505 2158 616 2190 ἰδόντες,
640 2159 790 2194 ἀπεπήδων
807 2160 842 2187 ἂν
864 2162 914 2195 τῆς

125 2203 229 2237 κλίνης,
247 2203 284 2237 τῷ
300 2204 497 2239 ἀπροσδοκήτῳ
515 2204 659 2239 βληθέντες
672 2213 679 2238 ;
690 2205 728 2232 Οὐ
742 2205 823 2233 τοῦτο
838 2206 914 2241 ἥδιον

959 1607 1041 1634 stium
1049 1606 1123 1640 cepit
1132 1607 1213 1633 urbes
1222 1605 1308 1632 ialias
1316 1605 1422 1639 quidem
1441 1612 1471 1631 ex
1477 1603 1622 1638 pugnando
1636 1611 1669 1630 ac
1688 1609 1752 1631 cunt

959 1653 1112 1680 obsedisset
1119 1659 1132 1685 ‘;
1144 1652 1213 1679 alias
1225 1652 1286 1686 ipso
1301 1651 1360 1678 belli
1372 1652 1504 1681 clamore,
1515 1657 1547 1677 ac
1557 1646 1645 1684 prima
1661 1649 1751 1676 statim

961 1699 1129 1734 irruptione;
1151 1698 1242 1733 plures
1257 1704 1367 1732 quoque
1382 1704 1444 1724 cum
1455 1696 1605 1724 exercitum
1622 1695 1753 1722 invaden-

961 1748 1014 1772 tem
1029 1748 1221 1776 occupassent.
1235 1751 1268 1770 ac
1285 1742 1400 1770 necdum
1424 1742 1536 1776 propius
1549 1742 1670 1773 admoto,
1691 1747 1752 1767 sese

960 1790 1138 1823 dedidissent,
1149 1790 1162 1817 Ὶ
1175 1789 1271 1817 Nonne
1281 1790 1378 1817 solitos
1387 1794 1490 1816 terrere
1505 1789 1531 1815 in
1543 1793 1676 1815 terrorem
1688 1785 1755 1821 egit!

961 1836 1056 1864 Nonne
1069 1837 1102 1864 iis
1117 1836 1247 1863 omnibus
1267 1835 1357 1868 ﬁebat.
1374 1839 1404 1862 ut
1417 1834 1462 1869 qui
1479 1838 1542 1861 ante
1570 1833 1630 1868 ejus
1645 1833 1672 1860 in
1686 1839 1753 1866 pro—

963 1881 1079 1908 vinciam
1102 1881 1260 1912 adventum,
1275 1888 1308 1908 ex
1330 1880 1470 1915 prioribus
1484 1879 1608 1907 victoriis
1634 1879 1754 1907 insolen-

963 1927 1048 1954 tiores
1062 1927 1226 1958 evasissent,
1248 1926 1356 1953 attoniti
1379 1926 1509 1960 deinceps
1526 1925 1689 1959 confusique
1716 1927 1755 1952 vi-

963 1973 1105 2004 derentur.
1117 1972 1219 2007 quibus
1232 1972 1344 2000 audacia
1359 1972 1416 2004 illa,
1431 1980 1464 1999 ac
1478 1972 1582 2007 quibus
1595 1972 1756 2000 attollebant

963 2018 1082 2050 animos.
1096 2019 1124 2046 in
1141 2018 1312 2046 contrarium
1323 2017 1476 2046 cederent?
1502 2017 1598 2046 Nonne
1623 2018 1755 2053 depreca-

965 2064 1066 2092 bantur
1077 2064 1090 2091 ?
1104 2063 1202 2092 Nonne
1213 2064 1415 2092 venerabantur
1429 2064 1441 2091 ’ἒ
1453 2064 1549 2091 Nonne
1561 2068 1636 2098 rapta
1663 2065 1755 2092 omnia

964 2117 1026 2137 cum
1045 2110 1202 2138 accessione
1217 2109 1388 2138 reddebant?
1409 2109 1506 2137 Nonne
1525 2110 1638 2144 insuper
1653 2109 1755 2144 pende—

965 2157 1031 2184 bant
1045 2158 1156 2189 tributa.
1188 2158 1235 2193 qui
1249 2162 1278 2185 ut
1293 2157 1321 2184 in
1335 2157 1442 2185 somnis
1460 2157 1603 2189 vidissent,
1630 2157 1757 2191 inexspe-

964 2206 1039 2229 ctato
1052 2203 1110 2229 visu
1125 2202 1223 2234 territi,
1232 2209 1247 2230 e
1259 2206 1346 2230 strato
1359 2201 1531 2237 prosilissent
1541 2201 1553 2228 ἲ
1564 2200 1659 2228 Nonne
1668 2201 1757 2228 dulci-

127 2250 219 2279 αὐτοῖς
244 2249 282 2281 ὡς
310 2249 442 2277 κινδύνων
470 2250 644 2278 ἀπαλλάττον
669 2251 686 2287 η
716 2251 746 2278 τὸ
772 2252 908 2287 εἰληφέναι

967 2255 999 2276 us
1014 2248 1066 2275 boc
1081 2248 1229 2282 habebant,
1245 2256 1302 2283 quo
1313 2252 1406 2276 essent
1425 2255 1440 2274 ιι
1464 2246 1593 2283 periculis
1607 2247 1755 2279 immunes,

126 2295 262 2328 πρόσθεν;
277 2295 334 2322 Οὐκ
349 2295 488 2322 ἐδούλευον
506 2295 567 2330 μεθ’
595 2295 698 2329 ὅπλων,
712 2293 753 2328 οἷς
777 2304 807 2330 γε
821 2296 913 2332 ληίζε‹

125 2340 189 2368 σθαι
206 2340 256 2376 τὴν
275 2340 415 2376 ἡμετέραν
437 2342 483 2370 καὶ¹
505 2341 568 2368 ἄνευ
584 2342 675 2369 ὅπλων
689 2342 844 2378 πανήγυρις
869 2351 912 2374 τις

126 2386 232 2418 tum;
260 2386 317 2414 Καὶ
333 2386 429 2413 σιωπῶ
450 2387 499 2422 τὴν
527 2387 678 2422 πρίγγιπος
703 2388 912 2423 ὑπερηφανείαν

127 2432 177 2468 τὴν
193 2431 307 2467 πολλὴν,
334 2432 425 2465 αὐτοῖς
449 2433 505 2464 τοῖς
536 2430 706 2468 πράγμασιν
725 2434 911 2470 ἑλεγχθεῖσαν.

125 2477 163 2503 Οὐ
179 2478 234 2514 γὰρ
248 2476 281 2513 ἧν
307 2478 469 2513 ἀκροϐατῶν
484 2486 491 2511 ;
508 2479 558 2514 οὐχ
574 2479 644 2515 ὑπὲρ
671 2480 780 2514 νεφῶν;
800 2481 857 2507 Οὐκ
873 2481 913 2512 είς

125 2523 275 2559 τοῦσχατον
289 2525 390 2559 ἀφῖκτο
409 2523 570 2556 ἀλαζονείας
582 2525 692 2560 ἀπάσης
707 2534 714 2558 ς
739 2526 808 2554 Ἀλλ’
822 2527 837 2553 ὁ
857 2535 913 2552 τοι-

125 2570 205 2601 οῦτος
221 2569 272 2605 μιν
293 2570 351 2600 τοῖς
366 2569 508 2605 λογισμοῖς
521 2571 569 2598 καὶ
591 2572 649 2603 τοῖς
669 2571 771 2606 λόγοις,
791 2572 913 2605 τοιοῦτος

126 2614 154 2642 δι
170 2616 227 2647 τοῖς
248 2617 380 2651 σχήμασι,
400 2617 448 2643 καὶ
468 2617 552 2644 πᾶσιν
577 2615 618 2649 οἷς
640 2617 673 2644 ἂν
695 2613 914 2653 φαίνοιτο’μέγα

129 2662 237 2697 φρονῶν
262 2662 418 2697 ἄνθρωπος,
447 2664 503 2694 τοῖς
530 2663 624 2698 ἔργοις
648 2663 740 2694 ἄλλοις
767 2663 914 2697 δέδεικται,

127 2708 188 2734 οὐδὲ
205 2708 304 2735 πολλοῦ
331 2708 378 2735 τοῦ
399 2709 503 2744 μεταξὺ
530 2709 685 2743 γεγονότος.
716 2709 834 2744 Ὀλίγοις
858 2711 914 2746 γὰρ

128 2752 261 2788 ἐντυχὼν,
289 2751 327 2780 ὢν
352 2762 425 2786 τινες
452 2755 495 2790 ἐφ’
522 2754 663 2790 ίππαρίων
689 2757 828 2791 πονηρῶν,
851 2757 914 2783 τότε

129 2798 246 2833 πρώτως
269 2797 348 2834 οἶμαι
375 2800 573 2835 γυμνώσαντες
597 2801 644 2827 ἐπὶ
658 2802 721 2833 τοὺς
743 2802 857 2837 ἐχθροὺς
884 2803 915 2829 τὺ

129 2843 218 2877 ξίφος,
236 2845 250 2870 ὁ
262 2845 376 2883 θρασὺς.
404 2847 418 2872 ὁ
438 2846 550 2881 γαῦρος,
572 2848 585 2874 ὁ
601 2847 694 2881 πολὺς,
721 2849 791 2882 μετὰ
809 2848 915 2875 πολλῶν

131 2890 237 2917 ίπτῑέων
252 2891 348 2925 ἐπιὼν,
365 2892 412 2919 καὶ
428 2893 535 2925 πολλοῖς
551 2893 675 2924 ὁπλίταις
694 2894 915 2929 περικυκλούμ;-

963 2303 1044 2330 quam
1058 2295 1130 2330 quod
1143 2296 1218 2331 prius
1229 2296 1412 2330 acceperant?
1426 2294 1522 2322 Nonne
1537 2293 1694 2320 serviebant
1705 2294 1757 2320 sub

963 2341 1058 2374 armis,
1074 2342 1175 2376 quibus
1188 2341 1277 2370 fuerat
1291 2341 1359 2369 festa
1372 2341 1430 2369 dies
1439 2344 1468 2367 ut
1478 2339 1519 2367 vel
1528 2339 1647 2367 inermes
1654 2343 1756 2366 terram

965 2393 1086 2416 nostram
1103 2388 1273 2423 diriperent?
1295 2388 1380 2416 Porro
1401 2387 1469 2415 sileo
1484 2386 1616 2422 principis
1642 2386 1756 2413 multam

964 2434 1129 2469 superbiam,
1141 2435 1247 2462 abunde
1272 2443 1304 2463 ex
1337 2435 1418 2462 rebus
1440 2437 1608 2467 coargutam.
1622 2432 1717 2460 Nonne
1734 2433 1757 2459 is

964 2481 1093 2508 extremis
1104 2481 1195 2516 digitis
1208 2488 1240 2508 ac
1252 2480 1322 2508 fastu
1332 2479 1494 2507 incedebat?
1505 2477 1602 2507 Nonne
1611 2486 1694 2514 supra
1708 2486 1757 2505 nu-

964 2527 1012 2555 bes
1023 2529 1035 2554 “!
1048 2527 1144 2555 Nonne
1160 2531 1334 2561 promoverat
1347 2525 1381 2553 ad
1394 2532 1529 2553 summam
1546 2524 1756 2560 arrogantiam?

965 2574 1013 2602 Ille
1023 2574 1203 2602 nihilominus
1213 2573 1254 2601 sic
1269 2573 1353 2600 animi
1368 2572 1457 2600 sensi:
1469 2580 1502 2600 ac
1527 2572 1618 2600 verbis
1632 2572 1737 2599 habens
1746 2592 1753 2604 ,

961 2620 1006 2648 'sic
1017 2627 1083 2647 vero
1096 2619 1199 2650 verbis.
1216 2618 1364 2646 inﬂexione
1381 2626 1413 2646 ac
1427 2618 1535 2650 habitu.
1563 2618 1754 2652 omnibusque,

967 2665 1066 2699 quibus
1083 2665 1144 2699 quis
1174 2665 1294 2693 animum
1320 2669 1468 2693 tumentem
1494 2664 1601 2699 prodat,
1619 2664 1691 2692 alius
1722 2671 1755 2691 ex

967 2710 1048 2737 rebus
1070 2710 1193 2744 proditus
1204 2714 1255 2742 est.
1271 2717 1323 2737 nec
1343 2711 1369 2738 id
1400 2710 1486 2738 multo
1508 2709 1639 2744 deinceps
1663 2710 1756 2745 elapso

968 2760 1099 2790 tempore.
1117 2755 1215 2783 Paucis
1229 2755 1364 2790 siquidem
1380 2755 1491 2783 obviam
1520 2754 1622 2788 factus,
1638 2763 1755 2790 quorum

966 2807 1025 2829 erat
1039 2803 1200 2836 equisonum
1215 2801 1304 2837 aliqua
1329 2809 1438 2834 manus,
1455 2808 1487 2828 ac
1509 2809 1604 2829 eorum
1614 2803 1660 2836 qui
1685 2809 1758 2829 nun-

967 2856 1049 2882 quam
1065 2848 1134 2876 forte
1145 2848 1264 2883 gladium
1281 2849 1307 2876 in
1323 2848 1415 2876 hostes
1442 2848 1620 2876 strinxissent
1634 2869 1641 2882 ,
1667 2848 1756 2876 audax

968 2894 1023 2927 ille,
1039 2895 1084 2923 ille
1101 2902 1242 2930 arrogans,
1260 2894 1506 2930 illejactabundus,
1519 2896 1565 2931 qui
1578 2895 1662 2923 multo
1682 2894 1757 2930 cquli
