1938 3083
170 148 223 180 215

751 152 957 186 MANUELIS‘
974 154 1196 186 PI‘LIEOLOGI

1747 156 1804 188 216

171 213 197 235 te
217 207 369 236 instructus
386 208 536 242 invaderet,
554 210 701 246 multisque
716 212 837 247 undique
848 212 964 248 armatis

1023 213 1065 244 νός
1089 221 1119 238 τε
1139 212 1187 239 καί
1213 208 1494 247 περιστοιχιζόμενος,
1523 212 1571 238 καὶ
1595 211 1706 250 θαρρῶν
1728 214 1815 240 πολυ-

154 249 358 282 ὀἰτευιιιίιιειιε
369 262 402 282 ac
412 255 532 284 vallatus
546 263 630 291 esset,
647 265 847 292 numerosaque
864 258 910 285 illa
924 265 970 284 ca-

170 299 306 333 taphracti
318 300 414 327 militis
441 301 558 329 cohorte
586 307 778 337 praesumeret,
805 311 855 331 nec
871 311 969 331 manus

169 346 279 380 quidem
295 347 427 374 sustinuit
442 355 599 381 conserere,
612 349 659 377 sed
672 354 699 377 et
709 354 774 385 puto
788 350 863 385 prior
878 350 970 377 omni-

171 390 223 417 bus
267 391 386 426 arripuit
417 392 522 426 fugam,
552 401 615 421 cum
648 395 763 422 net-dum
803 402 987 436 congressus‘

170 441 260 470 esset,
291 441 474 472 opportunum
505 439 654 472 arbitrans,
671 444 700 467 ut
741 440 843 468 lancem
873 448 906 468 ac
919 448 970 468 cn-

171 483 211 511 sis
241 483 300 510 loco
332 484 459 512 stimulos
495 492 528 512 ac
555 485 688 513 scuticam
717 486 869 513 adhiberet.
898 486 970 513 Sane

171 530 217 558 ubi
229 538 329 565 equum
341 530 456 558 habenis
467 535 541 559 retro
557 531 716 564 inﬂexisset,
731 536 843 567 tergnqu
852 532 970 559 evertis-

172 578 214 601 set
231 574 384 602 volentibus
412 575 529 610 insequi,
547 576 617 604 haud
647 576 723 610 prius
739 584 753 603 a
766 576 830 612 fuga
853 577 968 604 destitit.

171 627 253 654 quam
270 627 332 648 cum
350 628 422 648 unus
438 627 574 653 nostrum,
593 630 647 649 non
672 623 757 650 hastae
776 623 898 657 cuspide,
922 624 969 651 sed

174 666 302 693 manibus
324 667 454 701 cepisset.
477 666 528 694 Hie
554 675 620 694 vero
636 668 718 702 quis?
733 668 802 696 Nnm
823 668 877 695 dux
892 676 970 696 exer-

171 712 265 740 citus?
279 713 508 748 Haudquaquam.
523 714 664 749 Siquidem
678 715 751 743 enim
766 715 875 743 Achaiae
890 716 965 750 prin-

170 766 235 793 ceps
263 766 297 786 eo
316 759 409 794 praelia
437 760 565 788 manibus
598 769 666 788 usus
691 766 775 792 εεεοι.
793 762 831 788 uti
845 766 872 789 et
884 761 969 789 armis

171 804 288 832 habebat
304 805 435 838 uti,haud
452 807 487 833 ab
500 806 565 838 alio,
583 811 661 841 puto,
676 815 759 842 quam
777 807 810 834 ab
831 808 969 836 exercitus

172 851 252 882 duce,
265 851 414 886 capiendus
428 851 535 879 fuisset.
550 852 614 879 Erat
640 854 743 887 quippe
757 853 796 880 vir
807 853 888 888 plane
899 858 968 881 stre-

171 904 244 924 nuus
259 904 292 924 ac
308 896 406 930 fortis;
431 905 527 932 nempe
558 898 673 926 Raoum.
692 899 717 927 ls
732 899 804 926 enim
821 907 883 926 cum
897 899 967 935 apud

171 950 218 970 me
234 951 352 976 merens,
366 948 422 971 tum
439 944 486 971 ubi
497 943 714 979 Peloponnesum
721 945 847 980 petisset,
862 945 966 972 clarum

172 989 302 1016 omnibus
331 989 382 1016 viri
396 989 491 1023 optimi
503 989 640 1023 specimen
653 990 779 1024 praebuit.
793 989 862 1022 Quia
877 994 967 1016 tamen

171 1033 217 1060 ille
234 1033 302 1060 nihil
333 1039 407 1061 retro
422 1033 669 1068 aspiciensﬁotus
685 1035 712 1061 in
745 1034 835 1069 fugam
861 1033 968 1061 'etIusus

174 1085 242 1110 erat,
263 1079 334 1107 haud
348 1080 500 1107 iicuitduci
532 1081 679 1112 exercitus,
702 1085 732 1107 ut
742 1081 850 1108 deserto
873 1080 968 1108 ordine

174 1126 283 1162 longius
308 1126 509 1161 insequeretur.
540 1125 610 1154 Num
629 1134 694 1154 vero
710 1127 770 1161 quis
787 1132 911 1154 nostrum
926 1126 969 1153 vir

171 1172 282 1204 nobilis,
297 1175 344 1198 aut
357 1172 470 1199 omnino
487 1171 566 1200 fortis
581 1173 735 1200 dedititium
762 1166 879 1206 accepit?
892 1170 931 1198 Ne
942 1171 980 1207 itl_

172 1217 298 1251 quidem:
314 1225 393 1245 nemo
419 1218 533 1250 talium;
556 1225 589 1245 ac
616 1225 704 1252 neque
729 1225 841 1252 prorsus
870 1217 969 1251 aliquis

172 1263 286 1298 spiritus
303 1264 417 1296 habens,
432 1264 479 1292 sed
494 1265 541 1300 qui
560 1265 625 1292 tuba
641 1264 754 1292 haberet
771 1263 874 1299 agenda
900 1270 968 1298 pne»-

173 1318 294 1343 monere,
309 1319 340 1338 ac
354 1311 528 1343 caduceator,
542 1319 604 1338 cum
622 1311 740 1346 turpiter
767 1310 911 1338 dedititius
925 1309 970 1338 ille

177 1357 246 1384 nihil
262 1361 360 1392 praeter
377 1357 459 1384 vitam
476 1362 596 1392 rogaret.

209 1403 344 1431 Caeterum
358 1404 468 1439 ingenui
483 1411 594 1439 quoque
601 1411 634 1430 ae
649 1403 756 1431 nobiles
765 1404 888 1438 quidam,
905 1410 967 1431 enm

175 1455 273 1484 prater
290 1449 422 1477 decorum
438 1458 519 1478 omne
536 1451 562 1477 in
581 1451 701 1477 hostium
720 1448 785 1478 tunc
803 1451 901 1478 castris
915 1450 969 1477 mi-

175 1496 306 1528 litarent,
325 1497 397 1531 quod
421 1500 448 1524 et
463 1496 561 1524 habeat
578 1497 797 1527 admirationem.
815 1501 843 1525 et
857 1497 907 1532 ipsi
925 1504 971 1524 ca-

175 1543 213 1578 pti
227 1549 302 1571 sunt.
320 1544 404 1571 Plane
417 1552 480 1570 vero
492 1552 572 1571 secus
585 1543 740 1578 oportebat,
756 1544 850 1571 multis
861 1544 894 1571 de
906 1551 971 1571 cau-
983 1555 1007 1588 ο

177 1589 226 1617 sis.
239 1588 306 1616 Nam
325 1596 375 1616 nos
401 1589 534 1623 sanguine
553 1589 765 1624 contingebant;
786 1597 833 1617 eos
844 1590 971 1617 demeru-

176 1644 300 1669 eramus,
314 1644 376 1663 cum
406 1636 445 1664 illi
459 1637 565 1671 priores
581 1636 649 1664 nihil
671 1637 875 1669 contulissent;
892 1643 971 1664 acce-

176 1688 273 1717 perant
290 1690 344 1710 non
361 1683 486 1710 modicos
504 1683 624 1710 honores
640 1683 732 1715 ;ultro
751 1691 781 1710 se
799 1686 971 1710 sacramento

168 1729 393 1761 ‘obstrinxerant,
408 1729 489 1764 cujus
505 1729 665 1764 religionem
683 1729 768 1755 etiam
786 1729 870 1756 homo
896 1728 971 1755 ferus

177 1780 334 1803 revereatur
353 1783 385 1803 ac
398 1776 462 1802 velit
475 1775 626 1810 integrant:
641 1774 892 1807 olfenderant,cnm
904 1774 971 1801 nihil

177 1822 295 1849 ﬁnissent
308 1821 384 1854 hesi;
399 1829 448 1859 prp
460 1828 493 1848 eo
509 1826 539 1848 ut
556 1821 654 1848 darent
683 1828 792 1855 poenas,
808 1828 871 1847 cum
890 1820 970 1847 nobis

177 1873 250 1896 esset
265 1868 293 1894 in
307 1871 433 1902 promptu
455 1867 567 1900 ulcisci,
589 1867 723 1894 auxilium
741 1867 833 1901 potius
848 1866 972 1894 secundo

181 1918 373 1949 impetrarant,
389 1921 423 1941 eo
439 1914 480 1942 eis
499 1913 570 1941 bello
594 1913 706 1946 infesto,
740 1920 795 1948 quo
814 1921 876 1941 eum
891 1913 972 1948 paulo

180 1965 253 1996 post,
273 1959 346 1987 bello
366 1960 393 1986 in
412 1967 464 1988 nos
479 1959 609 1992 conﬂato,
624 1960 736 1994 turpeid
749 1960 822 1990 factu
836 1967 868 1987 ac
882 1963 970 1992 atrox,

180 2013 278 2034 manus
306 2005 409 2032 auxilio
431 2005 593 2040 junxerunt.
619 2004 702 2032 Plane
737 2012 826 2040 opera:
852 2005 971 2040 pretium

180 2056 250 2084 erat,
265 2055 332 2080 utet
349 2051 433 2078 vitam
449 2051 546 2079 nostrix
564 2058 647 2078 causa
665 2056 844 2085 spernerent;
862 2051 881 2078 ii
896 2058 972 2084 vero,

179 2107 242 2126 cum
254 2099 291 2126 ita
305 2105 397 2133 operte
413 2098 530 2133 pretium
544 2102 626 2129 esset.
643 2097 712 2124 nihil
725 2097 860 2131 ejusmodi
875 2099 901 2124 in
915 2096 974 2124 ani-

181 2153 256 2173 mum
269 2145 441 2176 indueentos,
450 2143 519 2171 nihil
533 2144 586 2172 nisi
598 2151 686 2179 nugas
696 2145 789 2170 omnia
802 2143 971 2178 cogitabant,

182 2200 246 2220 cum
262 2191 304 2218 vir
317 2192 436 2226 quisque
455 2190 577 2226 sapiens,
596 2199 631 2218 ne
649 2191 792 2217 minimum
807 2190 872 2224 quid
889 2190 974 2224 negli-

182 2240 301 2274 gendum
327 2241 473 2273 putaturos
498 2240 580 2264 esset.
611 2236 760 2269 Carterdm,
786 2237 830 2264 cui
850 2236 971 2271 plurium
988 2230 1010 2256 D

182 2285 311 2317 aliorum,
328 2291 479 2319 eorumque
496 2282 679 2318 majorum
693 2282 842 2310 clariorum
857 2287 974 2317 tropaeo-

182 2339 243 2360 rum
255 2331 427 2363 accessione,
439 2330 491 2357 hoc
504 2337 625 2364 quoque,
635 2329 807 2364 splendidum
820 2328 886 2355 illud
902 2329 975 2356 exci-

183 2385 269 2406 tatum
300 2383 385 2408 esset,
402 2377 523 2411 ingenue
535 2383 568 2403 ac
584 2375 728 2403 clementia
747 2375 801 2402 illis
811 2379 903 2408 utens,
921 2375 971 2402 do-

185 2433 259 2453 mum
271 2425 347 2452 abire
362 2423 520 2460 permisit;‘
535 2430 693 2458 quanquam
721 2422 788 2449 nihil
805 2422 873 2457 grati
889 2421 972 2448 animi

184 2475 364 2500 monumento
383 2470 418 2497 ab
432 2470 472 2498 eis
497 2474 674 2504 accepturum
693 2473 826 2504 speraret.
843 2467 976 2501 Quamvis

184 2519 257 2547 enim
271 2527 304 2546 ex
316 2517 352 2545 iis
368 2524 428 2552 quae
442 2517 636 2551 praecesisscnt
651 2516 723 2542 haud
736 2516 851 2542 obseura
866 2514 975 2541 futuro-

184 2573 246 2593 rum
273 2563 349 2592 notio
379 2562 541 2594 haberetur,
574 2562 619 2589 ille
644 2561 824 2589 nihilominus
848 2568 862 2586 ιι
878 2565 974 2586 natura

184 2616 374 2647 comparatum
389 2609 504 2640 habens,
522 2613 552 2636 ut
569 2609 660 2636 bonus
673 2613 764 2641 esset,
780 2608 852 2634 haud
870 2606 921 2633 sibi
935 2605 975 2633 fa-

185 2659 277 2686 cii-bat
293 2657 372 2691 satis,
386 2655 441 2684 nisi
453 2656 529 2690 ipsos
544 2663 653 2690 quoque
669 2655 762 2682 hostes
775 2655 973 2681 demereretur.

186 2706 383 2738 Quamobrem,
401 2703 453 2731 etsi
477 2703 615 2730 anteriora
631 2701 736 2736 liquido
757 2701 849 2728 futura
872 2700 976 2727 indica-

187 2756 259 2784 rent,
273 2751 332 2786 ipse
347 2755 437 2778 tamen
468 2749 495 2777 id
518 2749 608 2776 solum
633 2748 775 2783 spectabat
798 2747 872 2782 quod
893 2747 976 2773 hone-

189 2802 261 2825 stum
276 2800 360 2829 esset,
374 2804 406 2823 ac
427 2803 461 2823 ne
486 2803 516 2822 re
536 2795 589 2822 ulla
604 2802 620 2821 a
634 2794 735 2822 decoro
751 2793 904 2820 decederet.
922 2792 975 2819 Eos

208 2850 271 2870 orro
296 2843 343 2878 qui
369 2842 433 2869 boni
458 2849 521 2869 esse
542 2845 698 2873 renuereut,
729 2841 841 2867 timebat
863 2839 973 2874 quidem

190 2886 270 2924 “quain
289 2888 443 2920 minimum,
454 2895 536 2924 quam
551 2887 667 2915 maxime
679 2891 768 2915 autem
782 2886 973 2914 miserabatur.

1022 258 1115 293 χειρίᾳ
1130 259 1179 284 καὶ
1199 257 1299 293 σιδηρᾷ
1313 257 1446 292 φάλαγγι,
1461 257 1520 284 οὐᾶ
1535 257 1601 291 γοῦν
1616 258 1816 293 συμπλακῆναι

1021 303 1083 329 τότε
1107 303 1228 338 ὑπέστη·
1256 303 1314 329 ἀλλ’
1338 301 1416 338 οἶμαι
1439 303 1487 330 καὶ
1514 303 1569 331 τῶν
1594 303 1682 330 ἄλλων
1703 304 1816 339 πρῶτος

1021 349 1158 383 ἐτράπετο
1179 349 1233 384 πρδ
1248 349 1297 384 τῆς
1311 349 1487 384 συμπλοκῆς,
1502 349 1577 384 ὤραν
1602 347 1673 377 εῖναί
1694 350 1719 376 oi
1736 351 1817 384 νομί-

1023 402 1072 427 σας
1087 395 1148 422 ἀντὶ
1159 395 1274 430 δόρατος
1300 396 1347 422 καὶ
1360 395 1454 430 ξίφους
1467 395 1591 431 κέντροις
1602 403 1631 421 τε
1643 395 1690 421 καὶ
1700 395 1816 429 μάστιγι

1021 441 1260 476 καταχρήσασθαι.
1283 441 1340 468 Καὶ
1354 444 1444 468 τοίνυν
1458 442 1490 468 ὲκ
1510 441 1633 467 τούπίσω
1648 442 1708 471 ταῖς
1722 440 1815 472 ἡνίαις

1022 489 1067 515 τὸν
1095 489 1178 514 ῐππον
1207 487 1337 523 στρέψας,
1368 488 1430 520 δοὺς
1458 488 1493 514 τὰ
1516 487 1592 514 νῶτα
1614 488 1670 518 τοῖς
1701 486 1815 514 διώκειν

1023 533 1208 569 βουλομένοις,
1223 534 1237 560 ό
1251 534 1280 560 δὲ
1298 534 1423 568 ἔφευγεν,
1437 534 1490 564 ἕως
1511 531 1567 560 εἷλε
1580 533 1675 560 τοῦτόν
1688 541 1731 564 τις
1752 534 1825 559 ταῖν

1021 581 1123 615 χεροῖν,
1138 580 1197 606 ἀλλ’
1222 580 1272 606 οὐκ
1292 581 1390 615 αἰχμῇ.
1413 579 1498 611 Οὗτος
1522 579 1550 606 δὲ
1565 579 1625 611 τίς;
1643 579 1674 605 '0
1692 586 1815 613 στρατη-

1021 628 1089 661 γός;
1112 627 1248 662 Οὐδαμῶς
1261 635 1267 642 ·
1281 627 1305 653 εί
1322 628 1377 661 γὰρ
1402 626 1505 662 ἐχρῆτο
1524 626 1583 652 ταῖν
1596 625 1698 660 χεροῖν,
1715 623 1814 659 ὥσπερ

1020 673 1105 709 ἐχρῆν
1124 673 1243 705 καὶτοῖς
1264 672 1369 704 ὅπλοις,
1387 673 1400 699 δ
1417 673 1466 706 τῆς
1489 672 1603 706 ’Δχαῖας
1630 672 1685 697 τότ’
1706 671 1813 706 ἄρχων,

1021 720 1060 754 μὴ
1074 720 1106 747 ἂν
1132 720 1214 746 αὐτὸν
1231 717 1308 754 οἶμαι
1323 719 1394 745 ἑλεῖν
1410 718 1514 754 μηδένα
1539 718 1634 752 ἕτερον
1652 717 1707 743 τῶν
1726 717 1816 743 ἀπάν-

1019 775 1074 792 των
1085 766 1139 801 πρὸ
1150 765 1198 792 τοῦ
1212 765 1264 799 τῆς
1275 765 1410 799 στρατιᾶς
1423 765 1569 800 ἡγεμόνος.
1580 763 1636 790 Ἦν
1652 764 1706 798 γὰρ
1720 764 1813 790 πάντα

1020 812 1123 845 ἀγαθός
1139 812 1186 838 καὶ
1202 812 1327 846 ἀνδρεῖος
1340 820 1347 828 ·
1367 809 1466 837 Ῥαοῦν
1479 809 1534 844 γὰρ
1550 807 1584 845 ἦν
1601 809 1615 835 ό
1630 809 1747 844 χρηστός
1760 816 1769 825 ο
1782 808 1814 840 ὅς

1021 857 1070 883 καὶ
1085 857 1151 891 παρ’
1167 857 1228 891 ἐμοὶ
1256 857 1346 890 μένων
1364 855 1417 888 ἐτι,
1434 855 1481 881 καὶ
1499 855 1625 881 ἐνταυθοῖ
1652 861 1809 888 παραγεγο-

1021 903 1073 934 νὼς
1088 904 1184 930 οὐδένα
1200 903 1308 938 λέληθε,
1333 902 1470 938 βέλτιστος
1495 901 1543 929 ὥν.
1568 901 1644 927 Ἐπεὶ
1659 900 1682 926 δ’
1708 901 1814 932 ἐκεῖνος

1022 950 1132 986 πτερῶν
1145 950 1241 983 ἐδεῖτο,
1259 950 1466 985 ἀμεταστρεπτὶ
1484 948 1606 987 φεύγων,
1630 949 1680 975 οὐκ
1694 948 1757 983 ἐξῆν
1773 947 1814 982 τῷ

1023 996 1171 1030 στρατηγῴ
1203 996 1314 1031 μακρὰν
1334 996 1474 1026 ποιεῖσθαι
1494 997 1543 1029 τὴν
1568 994 1672 1026 δίωξιν,
1700 993 1815 1020 καταλι-

1022 1044 1100 1069 πόντι
1113 1042 1163 1077 τὴν
1178 1042 1267 1074 τάξιν.
1284 1041 1354 1069 Ἀλλ’
1373 1042 1549 1076 αἰχμάλωτος
1563 1041 1667 1072 ἐκεῖνος
1677 1038 1813 1074 γεγονὼς.

1022 1090 1076 1116 τινὶ
1088 1090 1144 1116 τῶν
1164 1088 1231 1124 παρ’
1253 1089 1320 1124 ἡμῖν
1338 1088 1469 1123 εὐγενῶν,
1484 1088 1500 1124 ἦ
1515 1087 1571 1114 τῶν
1586 1087 1718 1122 ἀνδρείων
1742 1085 1814 1118 ὅλως

1022 1136 1130 1170 ἐγένετο
1143 1145 1150 1168 ;
1169 1135 1304 1169 Οὐδαμῶς
1314 1143 1321 1150 ·
1339 1134 1428 1161 οὐδενὶ
1444 1133 1506 1161 οὗτε
1526 1133 1581 1160 τῶν
1593 1132 1734 1170 τοιούτων,
1749 1130 1813 1158 οὔτε

1022 1181 1077 1207 τῶν
1091 1181 1160 1212 ὅλως
1176 1179 1346 1217 μετεχόντων
1358 1179 1535 1214 φρονήματος
1544 1185 1551 1192 ·
1569 1177 1639 1205 ἀλλὰ
1650 1178 1688 1213 τῷ
1702 1178 1736 1212 τῇ
1750 1176 1814 1203 σάλ-

1024 1235 1103 1262 πιγγι
1118 1229 1152 1262 τῇ
1168 1227 1284 1262 στρατιᾷ
1303 1226 1339 1252 τὰ
1363 1224 1489 1260 πρακτέα
1505 1225 1667 1260 σημαίνοντι
1691 1221 1813 1258 αἰσχρῶς

1023 1274 1105 1301 αὐτὴν
1122 1273 1235 1307 ἔδωκεν,
1255 1273 1388 1302 ἱκετεύων
1407 1271 1478 1307 ὑπὲρ
1496 1271 1547 1306 τῆς
1560 1271 1633 1306 ζωῆς
1650 1270 1746 1306 μόνης.

1060 1409 1097 1436 Ob
1116 1408 1169 1443 μὴν
1184 1407 1252 1434 ἀλλὰ
1267 1407 1314 1434 καὶ
1337 1406 1458 1441 εὐγενεῖς
1473 1414 1546 1438 τινες
1567 1406 1676 1442 ἄνδρες,
1692 1405 1767 1441 παρά
1782 1405 1813 1431 τὸ

1024 1455 1165 1489 προσῆκον
1181 1454 1254 1481 ἇπαν
1269 1453 1345 1484 ὅντες
1365 1453 1426 1479 τότε
1451 1452 1514 1479 καθ’
1532 1452 1622 1487 ἡμῶν,
1639 1452 1784 1486 ἑὰλωσανῖ·
1799 1451 1814 1478 ὃ

1025 1502 1057 1536 δὴ
1073 1501 1121 1528 καὶ
1146 1501 1260 1535 παρεῖχε
1277 1498 1442 1532 θαυμάζειν.
1471 1499 1632 1524 Τοὺναντίον
1653 1497 1708 1532 γὰρ
1728 1497 1813 1532 ἐχρῆν

1024 1546 1134 1573 πολλῶν
1145 1545 1238 1572 ἕνεκα.
1255 1544 1359 1576 Τίνων;
1376 1543 1567 1579 Προσήκοντες
1579 1540 1651 1578 ἦσαν
1666 1543 1734 1578 ἡμῖν
1750 1541 1812 1568 καθ’

1022 1593 1094 1629 αἷμα
1106 1601 1112 1608 ·
1129 1591 1160 1619 εὖ
1176 1591 1329 1618 πεπόνθασι
1345 1590 1411 1626 παρ’
1427 1589 1517 1626 ἡμῶν,
1534 1589 1623 1624 μηδὲν
1636 1595 1814 1624 προειοενεγ-

1013 1642 1119 1671 ⁷κόντες
1132 1647 1139 1654 ·
1152 1639 1236 1673 τιμῆς
1249 1637 1410 1664 ἀπέλαυσαν
1423 1636 1453 1662 οὐ
1469 1636 1590 1671 σμικρᾶς
1601 1643 1610 1650 ο
1624 1635 1722 1670 ὅρκου;
1737 1634 1814 1661 ἑκου-

1023 1688 1098 1718 σίους
1119 1685 1269 1720 παρέσχον,
1285 1683 1332 1716 οὓς
1345 1683 1399 1710 κᾶν
1410 1682 1481 1717 ἀνὴρ
1495 1683 1625 1717 ἀγροῖκος
1643 1677 1813 1716 ὀμωμοκὼς,

1021 1732 1123 1768 ῂδέσοη
1135 1739 1164 1757 τε
1174 1730 1333 1762 διαπαντὸς,
1344 1729 1391 1755 καὶ
1403 1729 1566 1764 διετήρησεν
1577 1727 1699 1761 ἀκριϐῶς
1711 1735 1718 1742 ·
1729 1734 1816 1761 προσ-

1023 1779 1218 1814 κεκρούκασιν,
1237 1777 1401 1813 ἠδικημένοι
1415 1775 1476 1812 μηδ’
1491 1774 1594 1802 ὁτιοῦν.
1612 1775 1686 1801 ’Δντὶ
1711 1774 1760 1800 τοῦ
1776 1773 1815 1800 δί-

1022 1835 1075 1862 κην
1089 1825 1194 1857 δοῦναι,
1215 1823 1316 1859 παρδν,
1340 1824 1365 1850 oi
1380 1822 1409 1849 δὲ
1421 1823 1468 1849 καὶ
1493 1821 1620 1857 βοηθείας
1636 1818 1716 1852 αὖθις
1736 1819 1816 1862 ἐτύγ-

1023 1879 1105 1907 χανον
1119 1869 1185 1905 παρ’
1206 1869 1297 1905 ἡμῶν,
1318 1868 1364 1895 ὑπ’
1379 1867 1484 1895 ἐκείνου
1511 1866 1723 1902 πολεμούμενοι,
1745 1861 1767 1899 ᾧ
1781 1872 1813 1898 γε

1025 1918 1124 1954 μικρὸν
1141 1917 1254 1952 ὕστερον
1271 1915 1334 1942 καθ’
1348 1914 1427 1950 ἡμῶν
1446 1914 1632 1949 συνεμάχουν,
1657 1912 1771 1947 σῑσχρόν
1785 1920 1812 1937 τι

1023 1964 1071 1991 καὶ
1084 1963 1191 1989 ἀνόσιον
1215 1962 1288 1997 μάλα
1308 1960 1439 1996 δρῶντες.
1462 1960 1537 1986 Ἔδει
1554 1959 1603 1992 μὶν
1619 1958 1674 1994 γὰρ
1698 1957 1746 1983 καὶ
1762 1956 1812 1990 τῆς

1024 2011 1096 2045 ζωῆς
1112 2009 1184 2043 ὑπὲρ
1198 2008 1278 2046 ἡμῶν
1292 2007 1394 2039 αὐτοὺς
1409 2006 1556 2041 ἀλογῆσαι,
1580 2005 1678 2033 τούτου
1693 2005 1793 2039 δεῆσαν
1804 2011 1813 2020 ⁵

1023 2057 1049 2084 οἱ
1064 2056 1104 2090 δὲ,
1122 2056 1217 2091 μηδεν,
1233 2054 1271 2086 ὡς
1286 2054 1370 2086 ἔοικε,
1387 2053 1528 2088 προσῆκον
1544 2051 1757 2086 ἐνθυμηθέντες,
1771 2049 1816 2076 οὑ-

1024 2104 1068 2131 δὶν
1088 2103 1105 2139 ἢ
1121 2102 1205 2137 λῆρον
1227 2101 1317 2129 πάντα
1339 2099 1487 2134 ἐνόμισαν·
1505 2096 1543 2125 ὧν
1564 2099 1613 2124 καὶ
1630 2097 1814 2132 σμικρότατον

1024 2149 1075 2176 οὐκ
1091 2149 1125 2176 ἂν
1141 2147 1313 2182 ὑπεροπτέω
1338 2146 1426 2172 ἐδόκει
1441 2145 1495 2171 οὐδ’
1510 2144 1613 2179 ότιροῦν
1636 2143 1700 2170 νοῦν
1715 2143 1814 2178 ἔχοντι.

1031 2195 1102 2222 Ἀλλ’
1118 2191 1141 2228 ᾧ
1156 2194 1204 2221 καὶ
1219 2193 1299 2220 τοῦτο
1316 2194 1345 2219 τὸ
1360 2192 1488 2226 λαμπρὸν
1512 2191 1575 2226 ἔστη
1595 2187 1729 2225 τρόπαιον
1746 2189 1815 2224 πρὸς

1025 2241 1133 2273 πολλοῖς
1155 2240 1203 2267 καὶ
1217 2239 1325 2274 μείζοσι
1339 2239 1387 2265 καὶ
1406 2237 1546 2264 καλλίοσιν
1565 2236 1679 2269 ἑτέροις,
1695 2234 1815 2269 εὐγενῶς

1024 2287 1071 2313 καὶ
1087 2286 1290 2321 φιλανθρώπως
1314 2284 1408 2316 αὐτοῖς
1432 2283 1619 2319 χρησάμενος,
1645 2280 1737 2308 οῐκαδε
1751 2280 1816 2307 τού-

1024 2341 1087 2364 τους
1103 2332 1195 2359 εῐασεν
1219 2330 1361 2363 ἀπελθεῖν,
1378 2330 1469 2357 καίτοι
1496 2329 1581 2365 μηδὲν
1606 2327 1726 2359 ἐλπίζων
1750 2327 1815 2362 παρ’

1025 2377 1116 2405 αὐτῶν
1132 2376 1277 2411 εὔγνωμον
1301 2375 1506 2411 ἀπολήψεσθαι.
1522 2374 1552 2401 Et
1566 2373 1621 2410 γὰρ
1643 2372 1735 2400 καὶτὸ
1752 2371 1817 2406 μέλ-

1024 2425 1071 2450 λον
1086 2423 1170 2457 σαφὶς
1191 2423 1301 2458 ὑπῆρχε
1325 2423 1381 2453 τοῖς
1400 2421 1452 2456 ἤδη
1474 2419 1694 2455 πεπραγμένοις,
1718 2417 1787 2444 ἀλλὰ
1802 2418 1816 2444 ό

1024 2470 1154 2504 πεφυκὼς
1171 2469 1274 2504 ἀγαθὸς
1299 2465 1370 2495 εἶναι
1393 2468 1444 2494 οὑκ
1459 2467 1566 2503 ἠγάπα,
1581 2467 1606 2492 εί
1626 2466 1664 2500 μὴ
1689 2464 1737 2491 καὶ
1752 2464 1814 2495 τοὺς

1025 2517 1141 2552 ἐχθροὺς
1153 2515 1183 2542 εὖ
1202 2516 1337 2550 ποιήσειε.
1352 2514 1408 2542 Καὶ
1421 2514 1465 2540 διὰ
1479 2512 1571 2544 τοῦτο,
1588 2511 1643 2538 τῶν
1666 2510 1816 2545 προλασόν-

1026 2572 1081 2590 των
1098 2562 1193 2597 σαφῶς
1215 2561 1369 2596 δηλούντων
1382 2560 1456 2591 ὅπως
1471 2553 1562 2585 ἔσται’
1574 2558 1608 2585 τὰ
1631 2556 1692 2592 μετ’
1713 2557 1814 2588 ικεῖνα,

1026 2608 1131 2640 ἐκεῖνός
1158 2616 1189 2642 γε
1206 2607 1275 2641 πρὸς
1291 2607 1372 2641 μόνον
1391 2605 1489 2632 ἔϐλεπι
1502 2604 1535 2630 τὸ
1560 2603 1654 2636 καλὸν,
1671 2603 1719 2629 καὶ
1744 2602 1770 2628 τι
1784 2601 1816 2628 ἂν

1027 2655 1147 2689 πράξας,
1163 2654 1201 2689 μὴ
1217 2652 1382 2687 παρεξελθοι
1397 2651 1446 2678 τοῦ
1462 2659 1493 2683 γε
1508 2649 1689 2685 καθήκοντος.
1704 2648 1774 2679 Τούς
1786 2655 1815 2673 τι

1026 2701 1076 2727 οὐκ
1090 2699 1233 2730 ἐθέλοντας
1250 2698 1371 2732 ἀγαθοὺς
1389 2695 1459 2724 εἶναι
1473 2695 1568 2722 ἱδεδίει
1584 2696 1633 2730 μὲν
1644 2695 1682 2725 ὡς
1701 2694 1815 2728 ﬁmo-ta,

1025 2746 1100 2781 ὴλέει
1116 2746 1144 2772 δὲ
1160 2743 1209 2777 ὡς’
1222 2745 1354 2780 μάλιστα.
1377 2743 1472 2770 Βίαιον
1494 2742 1549 2776 γάρ
1570 2750 1597 2768 τι
1623 2741 1654 2767 τδ
1671 2739 1794 2774 πεφυκός
1807 2746 1815 2756 ο

1027 2793 1081 2819 κᾶν
1094 2793 1184 2819 ὲκετνο
1200 2791 1268 2826 πρός
1282 2800 1308 2817 τι
1325 2789 1461 2826 καθέλκῃ,
1475 2789 1505 2815 οὺ
1524 2788 1638 2815 δύναταί
1652 2795 1696 2818 τις
1717 2785 1816 2822 ῥᾳδίως

1028 2838 1219 2866 ἀνθίστασθαι.
1239 2837 1359 2863 Ἐκεῖνον
1383 2835 1412 2862 δὲ
1437 2835 1468 2862 τδ
1495 2834 1619 2870 πεφυκὸς
1642 2833 1683 2864 εἰς
1714 2831 1816 2866 ἀγαθὸν

1029 2882 1113 2918 εἷλκε,
1131 2883 1177 2911 καὶ
1205 2884 1311 2919 προσῆν
1333 2883 1350 2919 ἡ
1368 2882 1417 2909 τοῦ
1433 2881 1569 2918 βελτίονος
1589 2879 1656 2913 ἕξις.
1673 2879 1773 2914 ’Δμφω
1787 2877 1816 2904 δὲ
