1938 3083
157 123 209 157 217

550 124 749 154 'TIiEODOBl
775 123 954 154 DESPOT/E
976 123 1171 155 LAUDATlO
1187 126 1393 157 FUNEBRIS.

1735 123 1793 158 218

158 179 236 206 ταυτὶ
259 178 511 214 συνδεδραμτκότι,
528 181 655 215 κατεῖχεν
670 180 793 215 ἀκριϐῶς
817 181 846 206 ἐν
860 179 900 214 τῷ
918 177 948 206 εὖ

1013 179 1066 208 iam
1096 186 1195 209 natura
1215 179 1281 217 quid
1312 183 1463 210 violentum
1484 187 1543 215 est;
1560 190 1609 209 nec
1622 185 1651 208 ut
1667 183 1729 217 quis
1742 181 1795 209 ali-

162 226 250 252 ποιεῖν
267 226 372 256 πάντας
392 225 547 260 βούλεσθαι.

1005 234 1059 262 quo
1071 228 1135 255 velit
1147 229 1266 260 trahere,
1278 229 1305 256 in
1319 228 1462 256 adversam
1476 234 1579 264 partem
1594 229 1672 262 facile
1683 228 1795 255 inflexe-

160 274 204 301 rit.
226 273 363 301 'l‘rabebat
390 274 435 301 illa
453 275 479 301 in
493 276 605 307 bonum,
628 275 723 310 illique
745 273 805 309 ejus
816 274 940 311 ponderi,
954 276 1077 303 melioris
1092 277 1202 305 habitus
1217 278 1330 306 cumulo
1370 277 1529 310 accedebat,
1556 284 1618 311 quae
1648 277 1728 304 ambo
1755 278 1795 307 sic

160 325 298 353 conserta,
324 321 351 348 in
367 323 508 356 proposito
536 322 694 350 demerendi
719 329 816 350 omnes
829 321 948 357 perfecte
969 323 1108 351 tenebant.

195 368 263 404 Περὶ
281 368 309 395 δὲ
325 369 380 395 τῶν
398 369 648 405 αὐτομολησάντων
673 370 713 402 είς
734 371 798 401 τοὺς
820 370 946 405 ἐχθροὺς,

160 415 207 441 καὶ
225 415 296 449 μετὰ
309 415 364 442 τῶν
378 415 470 442 λύκων
485 416 522 448 ὡς
537 417 626 442 εἰπεῖν
641 416 806 450 γενομένων,
827 416 875 443 καὶ
888 416 950 443 ὲπι-

160 460 320 495 θυμούντων
337 461 388 496 μὲν
411 455 515 488 ἐσθίειν
530 462 581 493 τὰς
599 462 654 488 τῶν
669 461 815 497 ὁμοφύλων
831 462 948 497 σάρκας,

161 505 307 533 ἐσθιόντων
333 507 363 534 δὲ
377 508 426 538 τὰς
446 508 526 541 ιδίας,
543 508 570 534 τί
589 508 623 535 ἄν
647 517 691 540 τις
713 508 809 542 λέγοι;
838 508 953 543 Μακρὸν

163 552 297 580 τάκείνων
322 553 488 587 διεξελθεῖν
505 554 554 581 καὶ
577 554 682 589 βέλτιον
705 554 794 581 ταῦτα
811 554 953 589 παραδρα-

163 601 225 634 μεῖν
237 599 310 635 ἦπερ
323 600 493 628 ἐπιτίθεσθαι
506 601 676 638 μελαγχολίᾳ
688 602 837 637 νοσήσασιν
849 601 954 636 ἀνθρὼ-

162 644 238 677 ποις.
255 645 345 676 Ὀλως
366 645 404 678 δὲ,
420 646 500 681 εἴπερ
515 646 545 673 οὐ
567 646 651 674 καλὸν
672 645 706 682 ἦν
721 646 839 676 ἐκείνοις
855 646 889 673 τὰ
902 645 953 672 κά-

162 699 244 717 κιστα
258 691 432 726 δεδρακέναι,
457 692 519 719 οὐδὲ
535 693 600 726 ἐμοὶ
619 692 708 728 δήπου
725 692 859 728 φέρεσθαι
882 692 954 719 κατὰ

162 736 217 763 τῶν
231 737 396 772 ἀνθρώπων.
421 738 492 773 Ἐρῶ
513 738 554 771 δὲ,
571 739 599 764 τί
613 737 647 764 tu
658 739 756 764 πεῖσαν
773 737 873 770 αὐτοὺς
890 737 954 764 καθ’

162 783 244 818 ἡμῶν
259 783 456 818 θρασύνεσθαι,
482 785 566 819 μηδὲν
582 785 710 818 ἐγκαλεῖν
730 784 844 819 ἔχοντας
858 803 865 816 ,
889 783 906 818 ἢ
923 783 955 810 τὸ

164 829 204 864 μὴ
219 830 308 856 οέλιιν
323 829 458 865 ἂρχεσθαι
474 830 519 864 ὑφ’
534 827 565 857 οὗ
581 839 613 865 γε
627 830 734 858 δίκαιον
750 827 796 866 ἦν.

203 924 276 951 Ἴστσ
300 931 353 950 που
377 923 422 950 τὸν
442 923 552 958 Πέρσην
579 924 695 956 ἐκεῖνον,
711 923 758 950 τὸν
783 923 954 960 Παγιαζίτην

163 971 247 1005 λέγω.
263 967 319 997 τδν¹
331 971 429 1002 Ἀσίας
444 970 579 1006 ἄρχοντα,
592 971 638 998 τὸν
651 971 787 1006 Εὐρώπης
805 972 912 1006 κύριον,
926 971 956 1004 ὃς

162 1016 304 1052 ἁφόρητός
314 1025 358 1048 τις
369 1016 417 1049 ὢν,
431 1017 493 1043 οὐδὲ
508 1017 627 1051 φορητὸν
641 1017 746 1052 ἠγεῖτο,
763 1017 882 1052 ἄρχοντὰ
894 1026 956 1044 τινα

163 1061 333 1097 Χριστιαν⁵.ν
355 1061 550 1097 ὀνομάζεσθαι.
571 1061 658 1093 Οὗτος
675 1061 710 1098 ἦν
731 1063 748 1097 ὴ
768 1062 872 1089 τούτων
890 1062 957 1098 θρα-

164 1108 253 1142 σύτης
263 1115 270 1124 ·
288 1108 386 1135 τούτου
398 1109 432 1144 τῇ
447 1108 561 1142 δυνάμει
576 1099 752 1144 θᾶρῤοῦντες,
770 1109 819 1136 καὶ
840 1110 909 1144 πρός
925 1117 957 1143 γε

163 1153 207 1181 ἔτι
222 1155 255 1189 τῇ
270 1153 423 1190 δυσμενείᾳ
441 1154 497 1181 τῶν
520 1154 716 1188 γιιτονοὺντων
731 1156 798 1190 ἡμῖν
821 1156 957 1189 Λατίνων,

164 1201 223 1232 τοῖς
248 1201 311 1228 καθ’
330 1200 410 1235 ἡμῶν
436 1201 598 1236 ἐπεχείρουν
611 1209 619 1217 '
635 1201 703 1228 ἀλλὰ
723 1201 777 1237 μὴν
803 1203 852 1230 καὶ
876 1200 963 1234 οὗτος*

166 1246 250 1277 αὐτὸς
274 1247 287 1273 ό
313 1246 533 1280 δυσμενέστατος
561 1247 624 1282 θὴρ,
642 1248 812 1285 ἀμφοτέροις
836 1248 956 1284 θαρῤῶν,

165 1292 225 1323 τοῖς
241 1291 321 1326 ἡμῶν
344 1291 458 1318 ἐπέθετο
474 1292 620 1328 πράγμασι
631 1301 639 1308 ⁸
656 1293 703 1320 καὶ
719 1293 828 1329 θατέρῳ
843 1294 959 1329 θάτερον

169 1338 254 1372 μέρος
268 1337 315 1364 καὶ
335 1338 466 1372 ὴκονᾶτο,
481 1338 530 1365 καὶ
543 1338 721 1374 παρωξύνετο
742 1341 813 1367 κατὰ
825 1340 890 1372 τοὺς
903 1339 959 1366 τῶν

166 1384 269 1418 χοίρων
285 1383 407 1415 ὀδόντας.
877 1415 883 1420 ,

205 1426 268 1455 Εἶεν
277 1429 284 1437 ⁸
297 1428 428 1464 βούλομαι
436 1429 465 1456 δὲ
477 1429 592 1457 καθόλου
605 1430 684 1465 λόγον
694 1431 791 1464 εἰπεῖν,
824 1432 870 1459 τὸν
885 1432 960 1459 δεῖνα

168 1474 274 1502 καὶτὸν
289 1475 365 1502 δεῖνα
378 1475 569 1512 παραδραμών
579 1484 586 1492 ·
603 1477 675 1512 φημὶ
692 1477 734 1512 δὴ,
754 1477 818 1509 τοὺς
843 1479 961 1513 αὐτομο-

168 1521 285 1552 λοῦντας
310 1521 493 1556 Χριστιανοὺς
515 1523 637 1549 τουτοισὶ
649 1523 709 1554 τοῖς
725 1523 788 1550 καθ’
803 1524 882 1558 ήμῶν
895 1524 960 1551 ἀσε-

168 1568 231 1594 6έσι
249 1568 409 1601 περιφανῶς
440 1568 605 1602 μαίνεσθαι·
623 1569 725 1603 μᾶλλον
749 1569 778 1596 δὲ
803 1570 850 1597 καὶ
874 1570 960 1606 χείρω

171 1614 260 1641 ποιεῖν
275 1613 330 1640 τῶν
353 1613 551 1649 βεϐλαμμένων
573 1614 623 1646 ’τὰς
639 1615 753 1650 φρένας.
777 1615 894 1642 Ἐκεῖνοι
912 1616 962 1652 μὲν

171 1661 238 1696 γὰρ,
252 1661 300 1687 ἑὰν
314 1660 361 1687 καὶ
377 1659 453 1695 ξίφος
473 1660 566 1687 ὧσωσι
582 1661 644 1688 καθ’
657 1662 758 1694 αὐτῶν,
775 1661 838 1688 οὔτε
853 1662 902 1694 τὰς
914 1663 963 1689 ad-

170 1708 227 1734 τῶν
242 1707 331 1742 ψυχὰς
346 1707 479 1741 ἔϐλαψαν,
493 1707 540 1734 καὶ
555 1707 652 1743 μίσους
665 1708 715 1743 μὲν
725 1708 861 1744 οὐδαμῶς,
870 1709 963 1740 ἐλέους

171 1753 202 1780 δὲ
214 1754 290 1789 παρὰ
305 1753 360 1780 τῶν
374 1752 503 1788 ὁρώντων
516 1753 627 1789 τύχοιεν
640 1754 674 1781 ἂν
685 1761 693 1769 ⁶
708 1754 822 1786 τούτους
836 1755 865 1781 δὲ
877 1755 963 1790 πολλὴ

171 1801 281 1836 ἀνάγκη
306 1801 384 1836 μῖσος
408 1800 481 1835 ἔχειν
506 1800 535 1827 ἐν
558 1799 756 1836 σωφρονοῦσιν,
781 1800 899 1828 ἐθελοντὶ
913 1802 964 1833 τὰς

171 1847 279 1873 ἑαυτῶν
289 1845 452 1881 μολύνοντας
461 1846 551 1882 ψυχὰς
565 1846 611 1873 διὰ
624 1846 721 1873 πασῶν
731 1847 785 1873 τῶν
799 1848 960 1883 αίσθήσεων.

178 1893 362 1929 Ἐπιθυμοῦσι
373 1893 430 1928 γὰρ
443 1893 543 1929 εὑρεῖν,
559 1891 596 1920 ὧν
610 1893 681 1929 ἕνεχ’
696 1890 764 1930 ἧκον
774 1893 806 1920 τὸ
821 1893 962 1929 καταρχὰς

172 1941 214 1971 εἰς
233 1940 296 1971 τοὺς
321 1940 371 1974 τῆς
389 1940 509 1971 πίστεως
534 1938 669 1974 ἐχθρούς
685 1939 800 1966 πλοῦτόν
823 1948 852 1966 τε
879 1940 962 1974 λέγω,

172 1987 327 2019 καὶδόξαν,
341 1986 389 2014 καὶ
406 1986 457 2013 ὅσα
470 1995 503 2020 γε
527 1986 566 2021 τῷ
591 1986 654 2021 τῇδε
669 1986 720 2021 βίῳ
744 1986 866 2022 τερπνά·
890 1986 964 2021 ἀμή-

171 2042 254 2069 χανον
277 2033 307 2060 δὲ
332 2031 438 2060 τούτων
465 2033 578 2068 τυχεῖν.
609 2032 648 2067 μὴ
676 2033 751 2068 ἡδεῖς
779 2034 963 2068 φαινομένους

171 2079 300 2112 ἐκείνοις,
318 2080 387 2114 πρὸς
398 2078 445 2110 οὓς
457 2087 489 2112 γε
506 2079 701 2114 ηὐτομόλησαν
710 2087 718 2094 ·
734 2079 806 2114 ἡδεῖς
816 2078 844 2106 δὲ
858 2080 963 2111 τούτοις

171 2126 318 2160 φαίνεσθαι
342 2125 373 2151 οὐ
397 2125 451 2152 τῶν
467 2124 653 2159 ἐνδεχομένων
678 2125 746 2157 ἐστὶ,
772 2125 809 2160 μὴ
828 2125 963 2161 πρότερον

173 2174 281 2200 ἅπαντα
292 2170 558 2207 διαπραττομένους,
572 2168 612 2202 οἷς
621 2171 721 2196 ἐκεῖνοι
734 2171 872 2205 χαίρουσι·
884 2171 964 2197 τοῦτο

171 2218 201 2245 δέ
221 2219 279 2244 ἐστι
297 2218 406 2248 πάντως
430 2216 608 2252 βαρϐαρικῶς
623 2225 651 2243 τε
675 2215 737 2252 ζῇν,
753 2217 801 2243 καὶ
823 2209 965 2252 ἀθεμίτοις

172 2263 306 2297 πράξεσιν
323 2262 415 2290 ἑκοντὶ
441 2263 490 2294 τὰς
514 2262 620 2289 ἑαυτῶν
645 2262 772 2296 μολύνειν
796 2263 896 2298 ψυχάς.
913 2262 964 2296 ,Τὰ

171 2308 277 2340 τούτοις
291 2309 346 2343 ἄρα
358 2308 541 2343 συμϐαίνοντα
556 2310 590 2336 τὰ
614 2310 671 2340 τοῖς
687 2310 862 2345 μαινομένοις
875 2310 962 2346 ὑπερ-

170 2356 318 2390 ηκόντισε·
346 2356 394 2383 καὶ
431 2355 529 2390 μίσους
549 2357 601 2390 μὶν
626 2356 668 2382 ὅτι
692 2356 804 2388 πολλοῦ,
827 2356 921 2388 ἐλέους
935 2356 965 2383 δὲ

172 2401 278 2433 οὐδενὸς
294 2401 364 2434 ἄξιοι
391 2402 458 2436 πᾶσι
474 2402 665 2437 κριθήσονται,
682 2402 721 2437 τῷ
738 2411 768 2429 τε
788 2401 885 2438 γνώμῃ
906 2403 964 2433 τοῖς

173 2448 269 2478 κακοῖς
292 2448 406 2478 ἑαυτοὺς
439 2448 584 2479 ἐκδιδόναι,
611 2447 650 2483 τῷ
675 2457 705 2474 τι
721 2449 771 2484 τὴν
794 2449 885 2484 ψυχὴν
902 2448 964 2475 ἀντὶ

174 2493 220 2530 τοῦ
237 2494 364 2529 σώματος
378 2493 523 2529 βλάπτειν·
539 2494 571 2520 τὺ
584 2495 611 2521 δὲ
630 2495 740 2522 πάντων
753 2495 962 2530 σχετλιώτατον,

171 2526 214 2566 δτι
239 2526 336 2574 τὸμὲν
357 2526 406 2571 τας
425 2540 515 2575 ψυχὰς
538 2540 703 2575 προδιδόναι,
729 2526 786 2568 καί.
797 2541 847 2576 τὴν
873 2540 964 2567 αὐτῶν

171 2577 449 2638 ξτιμὴννκαθυερίσαι,
465 2587 512 2613 καὶ
526 2588 580 2613 πᾶν
593 2587 626 2613 τδ
640 2587 731 2621 γένος,
745 2588 820 2614 πᾶσα
835 2587 943 2622 ἀνάγκη
953 2595 961 2602 ·

172 2628 233 2670 μηθ’
250 2628 287 2658 ὧν
303 2632 332 2658 δὲ
346 2632 432 2659 ταῦτα
447 2632 582 2667 πράττειν
601 2633 782 2668 προάγονται,
806 2633 823 2667 ἢ
837 2632 899 2659 οὐδὲ
913 2632 964 2668 τὴν

175 2676 287 2713 πρώτην
304 2677 396 2710 αὐτοῖς
409 2679 618 2712 παραγίγνεται,
634 2678 650 2713 ἢ
665 2675 716 2705 οίῑκ
734 2678 781 2705 ἐπὶ
798 2677 896 2714 μακρῷ
910 2686 962 2704 πα-

178 2723 300 2756 ραμένει,
314 2724 417 2750 ὁπόταν
439 2726 488 2752 καὶ
507 2725 707 2760 παραγένηται.
726 2725 808 2752 Ὅθεν
823 2725 871 2751 καὶ
885 2724 963 2760 δίκην

177 2768 353 2803 πομφόλυγος
378 2769 461 2801 ὀξέως
488 2769 560 2804 ἄγαν
577 2769 817 2814 ὑπερφυσώμενοι,
836 2770 910 2803 λέγω
933 2769 963 2796 δὲ

176 2813 239 2845 τούς
253 2822 286 2849 γε
301 2814 446 2847 δοκοῦντας
468 2816 545 2851 παρὰ
564 2817 620 2848 τοῖς
637 2816 748 2844 ἀσεϐέσι
768 2817 861 2852 χώραν
878 2817 962 2852 εὑρη-

179 2860 253 2888 κέναι
282 2861 438 2898 καλλίστην,
467 2862 552 2897 ὀξέως
576 2863 647 2898 ἄγαν
669 2863 716 2891 καὶ
736 2863 960 2900 διαρῤήγνυνται,

1033 371 1103 404 Quid
1119 373 1260 400 enimvero
1290 373 1324 400 de
1339 372 1372 400 iis
1389 373 1481 400 dicere
1501 375 1617 406 spectat.
1632 371 1677 406 qui
1694 371 1726 398 ad
1745 371 1795 398 bo-

999 420 1080 447 stium
1111 424 1201 447 castra
1229 420 1425 456 perfugissent.
1457 427 1489 447 ac
1510 427 1571 446 cum
1598 419 1682 453 lupis,
1711 423 1740 446 ιιι
1756 418 1794 445 ita

1000 465 1099 498 dicam,
1112 473 1299 499 versaremur,
1319 467 1366 502 qui
1398 467 1508 500 quidem
1527 466 1669 501 gentilium
1683 472 1794 493 suorum

1003 518 1103 538 carnes
1122 511 1268 540 comedere
1292 516 1436 547 cuperent.
1463 519 1581 546 suasque
1597 511 1649 546 ipsi
1667 510 1796 537 comede—

1005 557 1083 584 rent?
1094 557 1233 585 Prolixum
1248 563 1321 585 esset
1336 558 1370 586 ab
1379 559 1419 585 eis
1431 562 1585 593 perpetrata
1602 557 1714 588 referre,
1726 564 1797 591 pra!-

1006 608 1115 638 statque
1141 603 1279 636 omittere,
1293 611 1377 638 quam
1404 603 1444 632 sic
1467 608 1526 630 atra
1544 603 1598 630 bile
1609 603 1797 630 laborantibus

1006 648 1276 677 insultare.Prorsus
1287 657 1351 677 vero
1368 653 1398 677 ut
1411 657 1499 685 neque
1515 650 1554 676 illi
1569 657 1660 684 operm
1677 649 1795 683 pretium

1009 695 1144 722 habebant
1157 696 1275 730 pessima
1295 700 1417 731 patrare,
1437 696 1478 724 sic
1499 704 1548 724 nec
1563 703 1614 730 ego
1637 695 1750 722 habeam
1768 698 1798 721 ut

1009 742 1036 769 in
1053 743 1115 770 illos
1126 743 1211 771 ferar.
1242 742 1335 770 Dicam
1363 751 1439 776 vero,
1468 743 1542 770 unde
1567 742 1613 769 ille
1636 742 1676 769 eis
1688 742 1797 768 animus

1009 788 1167 821 coaluisset,
1192 793 1221 816 ut
1247 789 1274 816 in
1304 796 1355 816 nos
1380 789 1418 815 ita
1443 788 1652 820 insolescerent,
1671 787 1717 822 qui
1730 786 1797 814 nihil

1011 834 1212 862 criminandum
1240 835 1385 867 haberent,
1414 842 1496 870 quam
1517 833 1590 869 quod
1609 833 1714 861 nollent
1737 833 1798 867 eius

964 879 986 906 Β
1000 881 1079 908 subdi
1093 881 1217 917 imperio,
1235 882 1279 909 cui
1296 882 1362 916 jure
1375 881 1474 909 subditi
1488 884 1590 909 essent.

1045 927 1127 955 Scitis
1139 927 1217 962 plane
1230 927 1341 955 Persam
1358 927 1434 954 illum
1445 947 1451 959 ,
1472 927 1624 959 Bajazetcm
1641 925 1716 957 dico,
1728 923 1799 952 Asia:

1009 973 1200 1006 imperantem,
1221 979 1265 1000 ‘ac
1284 972 1400 1007 Europae
1426 973 1568 1000 dominum
1583 991 1590 1003 ,
1617 970 1752 1006 utgravis
1767 977 1800 997 ac

1009 1019 1191 1046 intolerabilis
1203 1019 1348 1052 exsistens,
1358 1026 1392 1046 ne
1406 1018 1546 1046 ferendum
1559 1017 1670 1052 quidem
1683 1016 1710 1043 in
1721 1016 1801 1043 Chri-

990 1071 993 1074 '
1010 1065 1106 1092 stianis
1140 1065 1270 1099 principis
1292 1072 1390 1092 nomen
1412 1067 1532 1099 putaret.
1551 1062 1600 1090 llic
1612 1063 1667 1090 illis
1681 1062 1799 1090 addebat

1011 1109 1128 1138 animos.
1145 1110 1210 1144 Ejus
1226 1110 1286 1137 freti
1305 1110 1494 1145 potentiamec
1508 1116 1563 1136 non
1577 1108 1731 1136 vicinorum
1747 1115 1800 1135 no-

1011 1155 1054 1183 bis
1067 1156 1227 1183 Latinorum
1245 1156 1338 1184 hostili
1356 1156 1465 1183 feritate
1477 1176 1485 1187 .
1503 1156 1605 1183 nostris
1619 1155 1801 1182 imminebant

1011 1202 1094 1230 rebus
1111 1212 1118 1230 :
1136 1203 1182 1230 sed
1202 1207 1229 1230 et
1245 1201 1382 1230 ferissima
1400 1201 1488 1230 bellua
1502 1202 1628 1236 utrisque
1658 1199 1799 1232 ﬁdens,‘in

1013 1256 1066 1277 nos
1084 1249 1249 1282 invadebat;
1279 1249 1420 1284 ambchue
1435 1253 1539 1285 partes,
1554 1252 1658 1283 partem
1674 1247 1800 1280 alteram,

1014 1293 1183 1329 ringentinm
1200 1301 1345 1329 porcorum
1362 1301 1449 1327 moro,
1465 1293 1586 1322 vicissim
1616 1293 1754 1320 acuebant
1768 1299 1801 1319 ac

1013 1340 1170 1367 irritabant.

1049 1431 1095 1459 Sic
1111 1439 1174 1458 vero
1195 1431 1278 1458 habet
1292 1431 1388 1466 (porro
1417 1431 1491 1459 lubet
1518 1431 1644 1458 universe
1657 1430 1759 1463 dicere,
1772 1434 1802 1457 ut

1013 1482 1173 1514 praeteream
1185 1476 1337 1512 singulos);
1356 1477 1451 1510 habet,
1467 1477 1591 1511 inquam,
1604 1480 1634 1503 ut
1650 1474 1801 1504 Christiani

1015 1525 1042 1551 in
1059 1523 1209 1551 infidelium
1231 1522 1312 1550 nobis
1327 1522 1445 1549 hostium
1462 1522 1560 1549 castris
1578 1521 1697 1556 perfugae
1720 1519 1803 1556 liqui-

1013 1570 1048 1597 do
1065 1570 1154 1597 insani
1171 1569 1237 1600 sint,
1255 1574 1337 1602 atque
1356 1568 1425 1595 adeo
1439 1568 1475 1596 iis
1487 1559 1624 1596 deterio'ra
1651 1567 1801 1602 agant,qui

1013 1615 1079 1642 laeso
1093 1614 1208 1643 cerebro
1239 1618 1305 1641 sunt
1323 1614 1425 1641 insani.
1448 1614 1487 1640 illi
1503 1614 1624 1648 iquippe,
1645 1614 1688 1640 vel
1705 1613 1727 1641 si
1743 1613 1802 1648 gla-

1013 1662 1089 1689 dium
1105 1661 1133 1688 in
1147 1667 1177 1688 se
1191 1660 1313 1695 adigant,
1329 1659 1400 1687 nihil
1424 1664 1514 1687 tamen
1534 1659 1654 1687 laeserint
1675 1658 1800 1687 animas:

1013 1707 1170 1742 nullumque
1182 1707 1243 1734 inde
1256 1706 1421 1735 contrahant
1437 1706 1544 1738 odium,
1557 1705 1604 1732 scd
1621 1705 1735 1732 multam
1751 1712 1802 1740 po-

1015 1754 1068 1782 tius
1097 1754 1303 1782 miserationcm
1330 1753 1486 1781 videntibus
1512 1752 1633 1780 faciant:
1650 1759 1713 1779 cum
1731 1751 1799 1779 illos

1013 1800 1127 1828 omnino
1165 1808 1276 1828 necesse
1307 1800 1343 1828 sit
1372 1800 1442 1834 apud
1472 1799 1580 1826 sobrios
1598 1805 1723 1833 quosque
1749 1797 1802 1826 sibi

1014 1846 1107 1875 odium
1122 1847 1250 1879 conflare,
1268 1847 1314 1882 qui
1329 1849 1428 1881 sponte
1455 1854 1504 1882 per
1518 1853 1614 1874 sensus
1633 1852 1729 1873 omnes
1745 1845 1804 1871 ani-

1015 1900 1074 1920 mas
1093 1900 1158 1920 suas
1174 1892 1309 1927 polluant.
1327 1891 1364 1919 Ea
1385 1892 1457 1919 enim
1473 1891 1571 1926 oppido
1590 1892 1707 1926 cupiunt
1721 1889 1800 1918 inve-

1014 1940 1085 1972 nire,
1098 1946 1317 1975 quorum-causa
1331 1947 1346 1966 a
1362 1939 1501 1974 principio
1517 1938 1551 1965 ad
1567 1937 1630 1966 fidei
1647 1938 1739 1965 hostes
1756 1937 1804 1964 dc-

1015 1986 1103 2014 fccere
1117 1994 1124 2019 ;
1142 1993 1240 2020 nempe
1263 1985 1385 2017 divitias,
1404 1989 1430 2012 et
1443 1984 1571 2023 gloriam,
1587 1992 1619 2011 ac
1632 1984 1654 2011 si
1669 1991 1723 2018 qua
1738 1987 1804 2011 sunt

1014 2031 1186 2060 delectabilia
1204 2032 1287 2067 huius
1306 2031 1369 2059 vita:
1386 2041 1393 2058 :
1410 2031 1468 2058 ﬂeri
1483 2035 1574 2058 autem
1587 2037 1640 2057 non
1653 2032 1754 2064 potest,
1773 2033 1803 2056 ut

1015 2080 1072 2106 hazc
1111 2079 1145 2106 ab
1175 2078 1228 2106 illis
1251 2083 1469 2113 consequantur,
1498 2078 1550 2105 nisi
1578 2084 1607 2105 se
1633 2077 1668 2104 iis
1710 2081 1803 2112 gratos

1014 2132 1179 2160 componere
1214 2126 1357 2157 studeant.
1387 2125 1440 2153 nisi
1459 2124 1688 2160 pratstcntomnia
1700 2115 1807 2159 quibus

1015 2171 1052 2198 illi
1081 2170 1212 2205 gaudent;
1247 2170 1273 2197 id
1298 2175 1388 2197 autem
1425 2170 1498 2197 haud
1527 2169 1642 2196 omnino
1665 2168 1738 2195 aliud
1754 2169 1801 2199 sit,

982 2237 1003 2264 Β
1017 2224 1098 2251 quam
1117 2224 1194 2244 more
1213 2217 1321 2244 barbari
1347 2217 1449 2248 vivere,
1481 2224 1513 2243 ae
1528 2221 1626 2250 sponte
1643 2223 1672 2242 se
1688 2214 1801 2243 nefariis

1017 2263 1174 2290 actionibus
1202 2263 1405 2290 contaminare.
1422 2262 1488 2295 Qute
1503 2259 1569 2296 ergo
1584 2261 1637 2288 illis
1661 2261 1800 2294 accidunt,

1015 2309 1095 2349 longe
1112 2310 1146 2337 iis
1165 2314 1229 2337 sunt
1250 2310 1398 2342 deterioral
1413 2317 1473 2344 qua:
1491 2309 1616 2341 furiosis,
1636 2316 1802 2343 summoque

1013 2357 1142 2383 omnibus
1152 2356 1225 2388 odio,
1237 2357 1310 2383 nulla
1324 2360 1414 2384 autem
1430 2355 1604 2383 miseratione
1614 2353 1800 2389 prosequendi

1013 2402 1166 2433 videantur.
1182 2407 1238 2429 tum
1252 2403 1316 2437 quia
1331 2409 1380 2430 sua
1396 2409 1426 2429 se
1442 2401 1582 2428 voluntate
1594 2400 1674 2428 malis
1688 2400 1800 2433 dedant,

1015 2453 1073 2475 tum
1093 2449 1156 2483 quia
1179 2448 1302 2483 corporis
1323 2448 1384 2475 loco
1400 2448 1500 2474 laedant
1525 2447 1664 2474 animam:
1682 2453 1714 2474 ac
1729 2446 1801 2481 quod

1014 2494 1140 2522 omnibus
1160 2494 1424 2522 miserabilissimum
1450 2493 1585 2526 videatur,
1603 2493 1676 2528 quod
1687 2492 1801 2520 omnino

1014 2548 1155 2569 necessum
1168 2540 1285 2568 habeant
1296 2545 1325 2567 ut
1335 2540 1448 2574 perdant
1457 2540 1566 2574 quidem
1579 2540 1696 2570 animas,
1706 2546 1800 2565 suum-

1014 2589 1204 2623 queipsorum
1230 2588 1373 2619 honorem,
1391 2594 1424 2614 ac
1445 2594 1532 2622 genus
1565 2586 1722 2613 universum
1737 2592 1802 2620 pro-

1014 2635 1064 2663 bro
1078 2634 1205 2662 alliciant.
1218 2634 1367 2667 Caeterum,
1383 2641 1443 2669 quae
1456 2633 1489 2661 ad
1504 2633 1561 2660 haec
1571 2632 1693 2667 impellat
1706 2639 1800 2666 causa,

1009 2681 1056 2707 ,Vel
1075 2688 1089 2707 a
1117 2680 1253 2714 principio
1280 2680 1353 2707 nulla
1382 2680 1509 2712 exsistat,
1534 2679 1576 2706 vel
1597 2683 1627 2706 ut
1652 2678 1801 2714 aliquando

1014 2725 1162 2758 exstiterit,
1174 2725 1246 2753 haud
1271 2726 1419 2754 admodum
1440 2725 1478 2753 sit.
1497 2725 1638 2754 duratura.
1659 2725 1802 2759 Quamob-

1013 2779 1071 2800 rem
1104 2771 1186 2799 cliam
1209 2771 1242 2799 ad
1267 2771 1354 2799 instar
1373 2771 1452 2799 liullze
1468 2771 1523 2800 cito
1539 2771 1624 2800 inllatl
1645 2778 1678 2799 ac
1693 2776 1800 2798 tumen-

1014 2821 1074 2850 tes;
1088 2815 1145 2851 qui,
1161 2816 1274 2852 inquam
1285 2836 1292 2849 ,
1307 2817 1397 2845 locum
1413 2817 1551 2852 optimum
1568 2823 1600 2844 ae
1611 2815 1710 2844 fortem
1726 2815 1797 2849 apud

1014 2863 1136 2892 infideles
1150 2863 1222 2891 nacti
1236 2863 1381 2899 videntur;
1395 2863 1450 2892 cito
1464 2863 1672 2899 dirumpuntur,
1687 2861 1797 2890 inaucec
