1938 3083
125 163 177 195 225

515 157 717 190 THEDDORI
737 154 918 188 DESPOTJE
940 153 1135 185 LAUDATlO
1146 153 1353 185 FUNEBRIS.

1694 152 1748 186 223

125 219 217 255 φωνην
243 217 424 252 ἐδυνήθησαν,
453 216 557 251 ταύτην
581 216 614 250 δὴ
643 213 756 250 πρώτην
781 211 926 247 ἀφέντες,.

981 209 1083 242 umptis
1102 209 1216 241 animis.
1229 215 1292 236 sero
1307 208 1414 235 tandem
1426 207 1527 242 virque
1535 207 1612 236 licuit
1624 216 1749 243 rumpere

125 263 407 299 Διακεφωνήκαμεν,
424 262 542 298 ἐϐόησαν
559 262 690 292 ἃπαντας.

160 354 269 382 Τούτων
293 353 325 388 δὴ
364 352 615 388 συναθροισθέντων
656 348 810 386 τηνικαῦτα
849 349 911 384 μεθ’

126 401 204 436 ἡμῶν
218 401 253 437 (ὣ
273 400 335 431 πῶς
355 400 444 428 πάντα
465 398 603 434 συνέρρει,
620 399 668 424 καὶ
690 398 759 431 πρὸς
773 396 860 432 αὐτὴν
874 396 912 428 ὡς

128 447 159 474 ἂν
173 456 214 479 τις
229 446 302 473 εἴποι
320 446 371 481 τὴν
388 446 511 481 κορυφὴν
524 445 681 480 τῆςηάκμῆς
689 444 834 471 ἀνεϐίϐασε
849 444 912 474 τοὺς

127 493 256 528 φόδουςῑ)
289 493 385 528 νέηλυς
415 493 447 519 ὲκ
474 491 627 527 Σηλυϐρίας
654 491 835 525 παραγίνεται
864 488 913 516 καὶ

118 539 256 574 ,βασιλεὺς
274 540 288 565 6
304 539 472 574 ἀδελφιδοῦς.
490 537 577 564 Τοῦτο
599 538 627 564 δὲ
656 536 691 564 αὖ
713 537 787 572 ἡμᾶς
802 536 850 562 ἐπὶ
864 544 911 562 το-

129 586 222 612 σοῦτον
239 585 378 620 συνέχεεν,
392 585 455 612 ὅσον
476 585 524 612 καὶ
538 584 722 619 ἀπειρηκέναι
739 583 911 614 παντάπασι,

129 632 178 659 καὶ
194 632 324 667 δεηθῆναι
336 631 484 665 διαθηκῶν,
495 631 509 658 δ
528 632 617 658 ποιεῖν
629 631 737 664 ἀνάγκη
758 630 834 656 πᾶσα
850 630 914 662 τοὺς

129 678 177 714 τὴν
205 679 301 706 ἐλπίδα
327 679 376 713 τῆς
403 678 476 713 ζωῆς
503 677 738 712 ἀποδεσληκὸτας.
764 675 822 702 Καὶ
842 672 914 711 ἦμεν

128 726 211 761 ἄρνες
226 726 254 752 ὲν
270 725 346 760 μέσῳ
359 724 460 756 λύκων,
477 723 557 751 τοῦτο
568 723 601 758 δὴ
616 722 647 749 τὺ
664 722 704 757 τῷ
717 722 825 757 Σωτῆρι
844 730 915 757 χρη-

130 773 262 807 ματισθὲν
287 772 358 807 πρὸς
382 772 446 803 τοὺς
472 770 614 806 μαθητὰς,
628 769 778 801 πατοῦντες
797 769 847 803 μὲν
866 769 915 800 τὰς

128 818 184 844 τῶν
199 817 305 853 ὲχθρῶν
323 817 458 851 κεφαλὰς,
471 816 561 851 ὄφεών
574 825 604 842 τε
621 815 822 850 καὶήκορπίων
839 815 915 842 ἄντι·
930 832 933 833 ν

129 873 197 899 κρυς
212 864 296 891 τόπον
312 863 509 895 διασωζόντων,
526 864 574 890 καὶ
591 862 728 898 μηδεμίαν
743 863 810 896 παρ’
824 862 916 888 αὐτῶν

131 910 315 945 ὑπομένοντες
331 910 445 945 βλάϐην,
458 910 551 936 πίστει
573 910 755 945 πορευόμενοι
774 908 822 936 τοῦ
837 909 918 935 δύνα-

131 964 179 990 μιν
195 956 302 991 ἔχοντος
320 955 431 987 σώζειν.
459 955 641 991 Ὑποδέχεται
663 955 696 990 δή
721 964 767 989 μοι
782 956 829 982 τὸν
844 955 922 987 ἀδελτ

130 1001 182 1034 φδν
200 1002 214 1028 6
232 1001 286 1036 Θήρ
312 1001 419 1032 ἐκεῖνος
446 1000 503 1027 οὔτ’
522 1001 660 1036 ἀσμένως,
678 999 735 1036 εἶχε
757 1000 812 1036 γὰρ
843 1000 923 1034 μετό-

128 1047 213 1074 πισθε
238 1047 318 1074 κότον
341 1046 413 1082 ὄφρα
441 1046 540 1082 τελέσῃ
561 1047 590 1073 ἐν
622 1046 751 1082 στήθεσιν
772 1043 922 1077 οἷσιν,οῦτ’

130 1093 224 1127 ἀηδῶς
240 1092 271 1118 τό
287 1100 319 1126 γε
337 1091 427 1118 δοκεῖν
440 1099 447 1107 ·
467 1090 603 1126 ᾐσχύνετο
616 1091 682 1126 γὰρ,
699 1092 723 1118 εἰ
748 1092 795 1117 καὶ
821 1091 860 1126 μὴ
873 1092 923 1123 τὰς

130 1137 204 1171 πρδς
219 1136 265 1163 τὸν
281 1136 398 1171 ἀδελφὺν
420 1137 597 1171 ὑποσχέσεις,
611 1136 669 1163 ἀλλ’
685 1137 761 1172 ἡμᾶς
776 1145 818 1170 τε,
830 1137 878 1164 καὶ
892 1137 924 1163 τὸ

128 1183 209 1216 δόξαι
230 1183 299 1217 μηδὲ
325 1182 392 1217 γοῦν
408 1182 477 1217 πρὺς
492 1182 568 1218 ὥραν
588 1182 697 1217 ἰσχύσαι
716 1182 762 1209 τὸν
786 1182 826 1209 ίὸν
849 1181 925 1210 ἔνδον

131 1230 295 1264 κατασχεῖν,
312 1229 372 1255 ἀλλ’
389 1229 491 1256 αὐτίκα
506 1229 603 1256 τοῦτον
616 1230 730 1264 apem.

171 1273 251 1302 Οὕτω
266 1274 415 1309 τοιγαροῦν
438 1274 624 1309 διακείμενος,
640 1275 777 1310 βούλευμα
797 1275 905 1310 δέχεται
916 1283 926 1293 ο

133 1319 187 1346 οὒκ
204 1318 259 1354 ὲρῶ
272 1327 303 1353 γε
322 1319 376 1345 ὑπὸ
391 1318 475 1345 τίνων
487 1326 494 1334 ·
515 1318 586 1348 ἔστω
607 1319 635 1345 δὲ
651 1319 704 1346 ὑπὸ
720 1319 768 1346 τοῦ
785 1319 925 1355 δαίμονος,

133 1366 165 1392 ὃν
185 1365 232 1391 ἐπὶ
248 1363 404 1399 τῆέαὺτοῦ
428 1363 520 1400 ψυχῆς
543 1364 662 1400 ἔφερεν·
687 1365 852 1394 ἀποκτεῖναι
876 1366 927 1402 μὲν

135 1411 222 1446 ἡμᾶς,
239 1410 286 1438 καὶ
304 1409 356 1446 τὴν
372 1411 512 1446 ἡμετέραν
527 1412 620 1439 πᾶσαν
633 1410 724 1439 οἰκίαν
735 1432 744 1445 ,
764 1413 926 1440 ἀποκτεῖναι

132 1457 165 1482 δὲ
178 1457 241 1488 τοὺς
264 1457 319 1483 τῶν
337 1456 460 1483 εὐσεϐῶν
479 1456 623 1492 ἄρχοντας.
648 1457 736 1484 Τοῦτο
756 1458 811 1493 γὰρ
833 1457 927 1492 βουλό-

138 1511 221 1537 μενος
247 1502 401 1539 πόρρωθεν,
418 1503 479 1530 τότε
499 1503 554 1529 δεῖν
577 1502 656 1538 ᾠήθη
677 1503 882 1538 διαπράξασθαι
896 1504 927 1531 τὸ

137 1549 206 1583 ἄγος
217 1557 225 1564 ·
246 1549 279 1575 tv‘
293 1549 330 1580 ὡς
348 1549 462 1583 ἔφασκε,
484 1548 531 1576 τὸν
550 1549 639 1585 χῶρον
653 1549 736 1576 αὑτοῦ
757 1550 929 1585 καθάραντας
941 1557 964 1587 c

138 1592 173 1618 ὲκ
199 1592 255 1618 τῶν
281 1592 419 1624 ἀκανθῶν,
433 1593 509 1628 ἡμᾶς
528 1592 560 1628 δὴ
584 1592 683 1627 λέγων,
698 1592 746 1629 ιξῇ
770 1595 827 1626 τοῖς
849 1594 927 1621 τοῦδε

140 1636 221 1663 παισὶ
245 1636 282 1671 μὴ
303 1638 366 1669 τοὺς
385 1637 470 1669 πόδας
487 1638 579 1665 αὐτῶν
596 1638 755 1673 αἱμάττειν,
772 1640 802 1666 ιν
814 1639 854 1674 τῷ
872 1640 928 1666 τῶν

140 1681 315 1717 Χριστιανῶν
342 1682 551 1718 κατορχείσθαι.
583 1683 705 1716 Ἐκεῖνος
733 1684 783 1719 μὲν
813 1684 929 1712 τοιαῦτα

139 1727 315 1755 Ξΰουλεύετο·
328 1729 367 1763 τῷ
382 1727 406 1755 δ’
422 1729 541 1764 ἀληθινῷ
558 1729 675 1765 δεσπότῃ
690 1730 737 1756 καὶ
750 1730 782 1756 οὗ
799 1729 930 1765 μισθωτῷ

141 1774 254 1809 ποιμένι
271 1775 301 1801 οὐ
319 1775 406 1801 ταῦτα
422 1777 487 1811 περὶ
498 1776 552 1802 τῶν
560 1775 714 1811 ’προὸἁτων
726 1778 826 1805 ἐδόκει.
840 1777 930 1804 Ἐκεῖ-

142 1830 189 1852 νος
215 1821 264 1855 μὲν
284 1822 338 1856 γὰρ
356 1821 395 1857 τῷ
416 1822 573 1857 στρατηγῷ,
589 1823 718 1858 εὐνοῦχος
738 1823 761 1850 δ’
781 1820 858 1856 οὗτος
883 1822 928 1860 ἦν,

92 1885 100 1891 .
141 1866 328 1902 προσέταττεν
351 1867 426 1902 ἡμᾶς
449 1868 555 1895 ἀνελεῖν
576 1866 705 1905 νύκτωρ,
729 1871 776 1896 καὶ
798 1870 930 1905 μηδαμῶς

142 1913 231 1945 ἄλλως
245 1913 369 1947 πρᾶξαι·
391 1914 416 1940 εί
430 1913 459 1940 δὲ
484 1915 534 1949 μὴ,
548 1914 699 1950 ἠπείλησεν
714 1915 790 1952 αὐτῷ
813 1915 930 1944 θανάτου

142 1959 280 1995 τιμήσειν.
304 1959 375 1986 Ἀλλ’
393 1961 407 1987 6
427 1960 494 1991 ϐιὸς
521 1961 670 1988 ἐπέταττεν
695 1961 770 1997 αὐτῷ
797 1962 931 1997 μηδαμῶς

96 2008 101 2011 ⁷
142 2006 225 2033 τοῦτο
251 2005 365 2041 πρᾶξαι.
390 2006 445 2032 Καὶ
470 2006 595 2040 γέγονεν,
621 2004 709 2041 οἶμαι,
736 2007 932 2042 παραπλήσιον

142 2052 182 2087 τῷ
203 2059 269 2078 ποτε
294 2051 363 2086 ὑπὲρ
377 2052 425 2086 τῆς
451 2052 560 2088 Σάρρας
574 2051 762 2088 γεγενημένῳ.
780 2053 812 2079 '0
829 2052 862 2087 δὴ
878 2061 932 2087 μα-

144 2098 200 2125 θὼν
214 2100 228 2125 6
247 2100 357 2133 φονεὺς,
374 2098 434 2125 ἀντὶ
450 2098 498 2124 τοῦ
515 2098 609 2129 κακῶς
636 2098 749 2134 ποιῆσαι
771 2098 817 2125 τὸν
843 2099 934 2134 παρή-

144 2152 221 2175 mw,
238 2144 252 2170 6
266 2143 294 2170 δὲ
318 2143 394 2178 αὐτῷ
409 2144 456 2169 καὶ
472 2143 586 2178 χάριτας
601 2142 738 2176 ὡμολόγει
759 2142 808 2177 τῆς
825 2141 934 2176 ἀγαθῆς

147 2189 317 2224 μελλήσεως,
334 2188 458 2223 φάσκων,
474 2187 512 2219 ὡς
528 2186 610 2219 εὐθὺς
630 2186 727 2220 εἰπὼν,
749 2187 856 2222 σφοδρῷ
878 2195 933 2213 τινι

965 260 1073 286 vocem,
1088 255 1158 281 hanc
1175 255 1291 289 primatu
1311 254 1451 281 mittentes
1463 274 1471 286 ,
1486 255 1674 282 clamaverunt
1690 263 1748 282 om-
1770 266 1772 268 >

966 306 1015 326 nes
1028 307 1034 325 :
1052 300 1262 334 Desperaviimu.

1001 344 1070 372 Cum
1100 352 1165 379 ergo
1199 345 1216 371 ii
1237 346 1263 372 iu
1296 345 1368 372 hunc
1394 345 1505 372 modum
1531 352 1585 372 una
1608 346 1749 373 nobiscum

965 390 1122 424 congregati
1136 395 1241 424 essent,
1266 392 1294 425 (ο
1314 392 1452 426 quomodo
1463 390 1634 418 conﬂuebant
1647 389 1750 421 omnliu.

966 436 1049 471 inque
1065 444 1202 464 summum
1218 437 1287 464 aciei
1317 437 1468 472 cuspidem,
1483 443 1511 463 ut
1535 437 1575 464 sic
1590 437 1698 471 loquar,
1717 438 1750 463 ti-

967 490 1057 510 mores
1066 482 1192 510 ferebant
1206 483 1227 518 ι)
1245 483 1317 520 venit
1327 491 1423 511 recens
1432 492 1463 510 ex
1477 483 1752 518 Selybriaimperator

968 536 1063 563 nepos.
1077 528 1133 556 Hoc
1150 537 1234 563 porro
1249 529 1359 557 abunde
1369 530 1409 557 sic
1427 530 1560 561 ceiil'udit,
1578 529 1641 556 utin
1657 529 1753 563 despe—

969 575 1102 602 rationem
1123 575 1236 602 omnino
1265 580 1386 610 cogeret,
1409 583 1441 602 ac
1465 583 1514 602 ceu
1542 577 1681 610 desperata
1699 576 1754 602 vita

968 622 1002 648 ad
1021 626 1246 649 testamentorum
1272 627 1382 656 cogeret
1404 623 1523 650 tabulas.
1554 622 1669 650 Eramns
1692 623 1753 657 agni

968 667 996 694 in
1012 668 1101 695 medio
1113 668 1248 702 luporum.
1263 670 1357 702 quales
1374 668 1482 696 Domini
1505 670 1648 696 oraculum
1666 668 1750 695 disci-

970 713 1048 748 pulos
1059 713 1151 746 habet,
1170 714 1344 749 hostiumque
1360 715 1447 748 capita
1467 715 1554 741 instar
1579 714 1703 748 aspiduzn
1723 721 1754 740 ac

970 758 1145 793 scorpionum
1169 759 1318 792 calcantes,
1335 759 1403 786 nihil
1425 759 1518 787 damni
1542 758 1577 786 ab
1590 758 1630 786 cis
1648 757 1756 786 fereba-

971 812 1043 837 mus,
1059 805 1117 840 ejus
1140 805 1310 833 ambulantes
1335 805 1396 838 llde,
1426 805 1504 838 cujus
1532 808 1574 832 est
1607 804 1754 839 potestatis

971 851 1087 878 salvare.
1103 850 1192 878 Meum
1213 859 1295 885 porro
1314 851 1426 878 fratrem
1443 851 1514 878 haud
1535 851 1613 878 laetus
1624 850 1756 886 ,δυεσὶνὶι

934 890 957 920 Β
972 897 1054 923 homo
1069 897 1158 924 bellua
1175 906 1181 924 :
1195 897 1240 924 cui
1258 897 1388 924 nimirum
1408 896 1462 924 alte
1475 902 1546 924 esset
1565 897 1658 924 animo
1673 903 1754 930 repo-

971 942 1055 975 situm
1071 949 1099 969 ιιι
1111 949 1230 970 Veterem
1239 943 1369 978 deinceps
1380 943 1448 970 iram
1463 943 1641 971 ulcisceretur
1659 947 1760 970 :atne-

972 996 1026 1023 que
1038 989 1187 1020 morosius.
1203 993 1233 1016 ut
1247 990 1402 1017 videbatur.
1415 989 1601 1016 Rever’ebatur
1618 989 1704 1020 enim,
1715 987 1758 1014 sin

975 1034 1060 1061 [actas
1085 1034 1163 1062 fratri
1191 1035 1401 1070 promissiones,
1425 1039 1454 1062 at
1464 1042 1508 1062 me
1532 1035 1641 1066 saltem,
1665 1042 1697 1061 ac
1725 1042 1759 1060 ne

974 1080 1112 1106 videretur
1126 1087 1160 1107 ne
1174 1079 1207 1107 ad
1221 1080 1324 1113 ,horam
1340 1087 1422 1114 posse
1451 1079 1528 1107 intus
1548 1086 1682 1106 venenum
1694 1085 1760 1105 con-

976 1125 1051 1159 dere,
1069 1125 1116 1153 sed
1128 1125 1194 1153 illud
1212 1125 1305 1153 statim
1319 1126 1380 1160 cogi
1398 1132 1535 1152 evomere.

1014 1260 1082 1288 Cum
1107 1261 1147 1289 sic
1171 1261 1263 1296 itaque
1281 1260 1366 1288 animi
1391 1259 1513 1291 haberet,
1534 1258 1677 1286 consilium
1700 1257 1761 1284 init.

979 1307 1069 1336 Nolim
1088 1308 1180 1335 dicere
1196 1315 1250 1342 quo
1269 1311 1390 1334 auctore.
1408 1305 1472 1332 Esto
1487 1305 1584 1339 utejus
1595 1310 1693 1331 auctor
1702 1304 1762 1330 diu-

978 1355 1057 1383 holus
1082 1354 1174 1386 fuerit,
1191 1360 1272 1388 quem
1302 1351 1405 1379 ferebat
1424 1355 1533 1386 pectore
1551 1359 1558 1377 :
1577 1355 1606 1377 ιιι
1634 1350 1763 1376 nimirum

979 1407 1029 1428 nos
1062 1404 1202 1434 totamque
1216 1403 1337 1426 nostram
1357 1398 1470 1433 stirpem
1494 1397 1606 1426 deleret,
1629 1395 1764 1429 simulque

978 1453 1088 1479 omnes,
1108 1445 1162 1481 qui
1178 1444 1300 1472 ﬁdelium
1326 1444 1408 1471 rebus
1430 1446 1591 1478 praeessent,
1613 1440 1763 1468 occideret.

979 1492 1038 1520 lam
1053 1493 1127 1520 enim
1143 1491 1208 1518 olim
1225 1491 1261 1518 ita
1274 1489 1367 1517 animo
1383 1489 1496 1520 habens,
1515 1487 1676 1527 intrandum
1699 1490 1764 1513 tunc

981 1539 1087 1566 [acinus
1111 1538 1228 1573 putavit;
1256 1541 1286 1564 ut
1307 1536 1452 1567 nimirum,
1474 1533 1650 1561 mundataab
1676 1533 1767 1567 spinis

980 1584 1091 1618 regione
1101 1583 1162 1616 (nos
1176 1583 1270 1618 spinas
1282 1580 1458 1616 intelligens),
1473 1581 1534 1615 ejus
1550 1579 1766 1614 liliisincruento

981 1629 1050 1664 pede
1076 1627 1298 1656 Christianorum
1324 1626 1383 1654 solo
1408 1626 1510 1653 saltare
1533 1625 1635 1652 liceret.
1666 1624 1706 1650 Ae
1721 1623 1766 1650 ille

979 1673 1089 1709 quidem
1117 1672 1261 1700 consilium
1297 1671 1348 1698 hoc
1387 1670 1507 1705 agitabat
1532 1678 1540 1702 ;
1565 1676 1648 1696 verus
1676 1673 1766 1695 autem

981 1719 1125 1750 Dominus,
1146 1717 1267 1752 nihilque
1296 1716 1484 1743 mercenarius
1511 1720 1614 1750 pastor,
1639 1721 1719 1741 secus
1733 1715 1768 1740 de

981 1765 1061 1794 nobis
1076 1764 1251 1792 decernebat.
1268 1762 1355 1790 Jussit
1373 1769 1455 1798 porro
1469 1760 1531 1788 duci
1550 1760 1697 1792 exercitus,
1719 1760 1767 1793 qui

981 1811 1126 1839 eunuchus
1140 1814 1212 1842 erat,
1231 1815 1260 1836 ut
1275 1814 1327 1836 nos
1338 1812 1420 1836 noctu
1442 1807 1619 1838 interficeret,
1634 1813 1685 1832 nec
1713 1806 1769 1832 ullo

981 1857 1065 1885 modo
1078 1863 1135 1883 rem
1154 1856 1293 1883 omitteret
1307 1864 1314 1882 :
1328 1854 1372 1882 sin
1389 1859 1491 1884 autem,
1517 1851 1701 1879 comminatus
1726 1857 1769 1878 est

983 1905 1050 1935 fore,
1065 1908 1095 1931 ut
1109 1903 1169 1937 ejus
1181 1901 1262 1937 capiti
1287 1904 1384 1928 staret.
1414 1899 1515 1927 Verum
1533 1899 1662 1932 praecepit
1686 1897 1766 1926 Deus.

982 1957 1012 1980 ut
1027 1959 1061 1979 ne
1075 1950 1189 1981 faceret.
1202 1948 1355 1983 acciditque
1382 1954 1436 1974 non
1456 1946 1583 1973 absimile
1598 1945 1635 1977 ei,
1647 1945 1719 1979 quod
1742 1945 1768 1972 in

983 1997 1086 2025 Sarrha
1099 1996 1164 2024 olim
1177 1994 1378 2023 aceidisset"‘.
1389 1993 1424 2021 Ut
1435 1997 1526 2020 autem
1539 1992 1674 2019 homicida
1684 1991 1771 2019 resei-

983 2044 1034 2076 vit,
1044 2042 1143 2070 nedum
1161 2041 1316 2070 ministrum
1336 2047 1389 2067 non
1397 2039 1579 2072 atlecitptena
1591 2038 1638 2072 qui
1657 2045 1709 2064 non
1721 2037 1770 2064 ob-
1802 2045 1807 2048 λ

984 2092 1095 2117 secutus
1110 2091 1193 2118 esset.
1211 2085 1334 2113 utetiam
1349 2085 1478 2112 habuerit
1496 2083 1609 2119 gratias,
1619 2082 1691 2118 quod
1701 2083 1770 2110 bene

984 2135 1137 2163 distulisset
1151 2141 1159 2160 :
1171 2132 1308 2160 aﬂlrmaus
1322 2138 1384 2158 mox
1399 2130 1462 2158 data
1479 2129 1625 2161 sententia,
1652 2129 1724 2156 haud
1738 2137 1768 2157 se

985 2182 1081 2210 leviter
1095 2180 1132 2208 rei
1145 2178 1323 2215 paenituisse;
1338 2185 1398 2212 qua:
1406 2176 1486 2213 plane
1502 2175 1621 2203 mutatio
1635 2174 1707 2201 haud
1717 2174 1770 2201 alio

146 2235 256 2269 βάλοιτο
275 2234 424 2271 μεταμέλῳ
436 2242 443 2250 ·
459 2234 488 2266 ὃς
504 2241 537 2268 γε
553 2234 603 2269 οὐχ
623 2233 758 2268 ιτέρωϐεν
773 2231 807 2269 ἦν
821 2233 838 2268 ἢ
855 2233 926 2268 παρὲ

984 2227 1075 2258 evenit
1085 2234 1166 2262 quain
1182 2224 1237 2253 Deo
1252 2230 1374 2252 auctore.

145 2281 215 2308 Θεοῦ
235 2281 355 2312 πάντως.

180 2326 236 2354 Ἦν
250 2327 330 2354 ταυτί
345 2335 352 2342 ·
367 2326 415 2353 καὶ
429 2327 443 2353 6
459 2325 556 2360 Αἰθίοψ
570 2325 619 2361 τὴν
643 2324 733 2360 ψυχὴν
748 2324 798 2352 οὐκ
821 2324 934 2352 ἐδύνατο

146 2374 196 2409 τὴν
215 2372 347 2409 μελανίαν
361 2371 545 2406 ἀπονίψασθαι
558 2374 566 2381 ’
586 2370 654 2398 ἀλλὰ
673 2370 783 2405 πρῶτον
799 2370 934 2404 ὲξεμέσας

148 2421 196 2456 τὴν
219 2419 316 2455 ὀργὴν,
331 2418 366 2446 δι’
382 2415 420 2446 ὧν
443 2418 484 2449 είς
511 2417 576 2449 τοὺς
604 2417 758 2452 ἡμετέρους
783 2415 937 2456 ἐξύϐρισεν,

148 2466 268 2501 ικκόψας
285 2466 335 2501 μὲν
345 2464 504 2500 ὀφθαλμοὺς
520 2464 551 2490 ὲκ
567 2463 615 2490 τοῦ
633 2462 777 2496 ναυτικοῦ,
794 2463 940 2498 ἀποκόψας

149 2512 176 2538 δὲ
193 2513 298 2547 χεῖρας,
324 2511 372 2538 καὶ
394 2511 479 2537 πολλά
504 2518 561 2537 τισι
581 2509 635 2536 τῶν
652 2510 681 2536 ὲν
702 2509 775 2536 τέλει
791 2509 941 2544 ἐπαγαγὼν

151 2559 190 2590 εἰς
217 2557 358 2593 αἰσχύνην,
376 2559 424 2585 καὶ
450 2556 538 2593 ταύτῃ
563 2555 608 2583 τὸν
637 2556 687 2582 οὐκ
714 2555 828 2589 εὔλογον
853 2555 941 2590 eum”

150 2605 323 2637 ἀναπαύσας,
345 2603 443 2630 ἔπειτά
465 2611 499 2638 με
523 2603 582 2629 λίαν
606 2602 725 2637 εὐήθως,
738 2601 768 2627 ὃν
782 2601 872 2636 ἠδίκει
893 2602 940 2629 καὶ

151 2650 304 2685 κατῄσχυνε
331 2649 439 2685 μυρίοις
462 2648 642 2684 ἀδικήμασιν,
659 2648 792 2683 ἐπειρᾶτο
813 2647 940 2674 διαλλάτ-

151 2704 219 2728 τειν,
235 2695 332 2731 δώροις
357 2695 529 2730 δεξιούμενός
555 2703 585 2721 τε
615 2694 664 2720 καὶ
691 2693 810 2728 πέμπων
835 2693 939 2726 οῑκαδε,

153 2741 247 2777 ὥσπερ
272 2743 297 2769 οί
321 2742 356 2770 τὰ
380 2742 475 2770 παιδία
498 2740 661 2776 τρωγαλίοις
686 2739 856 2776 ἡμεροῦντες
871 2740 941 2780 μετά

152 2787 202 2819 τὰς
227 2788 334 2824 πληγὰς
359 2788 501 2817 κλαίοντα.
523 2787 553 2815 ὐ
578 2787 713 2822 λογισμὸς
742 2785 941 2821 φανερός-ἴνα

191 2881 225 2896 ⁸³·
241 2881 298 2908 (ξε-ιι
329 2889 372 2913 xx,
389 2880 417 2907 ﬂ.

1024 2316 1073 2344 llis
1087 2317 1124 2344 ita
1136 2316 1233 2350 gestis,
1261 2313 1328 2347 nihil
1348 2317 1440 2339 tamen
1460 2311 1551 2339 animo
1571 2309 1698 2345 Ethiops
1729 2309 1773 2336 ni-

989 2363 1129 2399 gredinem
1146 2361 1239 2390 eluere
1258 2361 1474 2395 potuit:verum
1492 2357 1538 2384 ubi
1560 2357 1678 2391 primum
1704 2357 1772 2383 iram

988 2409 1167 2442 evomuisset,
1182 2407 1364 2443 gravibusque
1379 2405 1485 2440 injuriis
1498 2403 1635 2439 pulsasset
1649 2408 1772 2435 nostros,

990 2455 1130 2485 nonnullis
1142 2453 1348 2483 classiariorum
1366 2450 1505 2482 eﬂodisset
1518 2450 1625 2480 oculos.
1634 2456 1666 2476 ac
1674 2457 1772 2476 manus

989 2506 1170 2538 amputasset,
1188 2500 1310 2534 viriSque
1326 2496 1506 2532 optimatibus
1521 2496 1607 2523 multa
1622 2496 1774 2530 irrogasset

991 2549 1101 2584 probra,
1113 2548 1186 2575 velut
1196 2554 1228 2574 ea
1243 2545 1363 2573 vindicta
1377 2543 1497 2571 alienum
1511 2543 1641 2570 aratione
1651 2541 1774 2568 furorem

993 2583 1129 2627 sedasset,
1144 2593 1229 2621 stulte
1253 2583 1411 2619 admodum
1421 2593 1515 2625 postea
1526 2608 1533 2620 ,
1546 2595 1627 2623 quem
1657 2592 1698 2614 tot
1715 2595 1775 2614 mo-

993 2642 1037 2670 dis
1053 2641 1169 2669 laesisset
1181 2646 1213 2666 ac
1230 2636 1412 2668 contudisset,
1437 2634 1584 2663 conciliare
1609 2633 1774 2664 enitebatur,

994 2686 1157 2716 muneribus
1172 2683 1316 2712 delinitnm
1339 2689 1372 2709 ac
1387 2682 1529 2714 donatum,
1539 2680 1650 2707 domum
1679 2679 1775 2706 remit-

994 2741 1056 2763 tens
1073 2743 1080 2763 :
1097 2738 1226 2768 tanquam
1242 2731 1338 2758 ﬂentes
1351 2729 1414 2765 quis
1431 2734 1532 2763 pueros
1546 2734 1562 2754 a
1579 2726 1674 2762 virgis,
1691 2725 1776 2754 bella-

994 2783 1043 2810 riis
1058 2782 1156 2817 placel.
1167 2778 1233 2814 Ejus
1246 2784 1329 2814 porro
1345 2775 1455 2804 autimas
1468 2773 1542 2802 haud
1557 2773 1694 2802 obscurus
1704 2777 1775 2800 erat.
