1938 3083
172 131 225 166 231

714 120 718 122 ’
739 127 941 160 MANUELIS
962 125 1187 158 mmemor

1755 125 1814 162 232

172 193 281 221 serant,
297 195 359 216 eum
373 192 472 223 pneter
485 187 609 215 omnium
628 193 718 223 spem,
735 189 849 221 excepta
862 190 953 212 tamen

1015 183 1188 218 τεταγμένον,
1215 181 1266 209 οἶικ
1290 181 1413 217 ἐφ’)ασαν
1442 181 1555 215 ἰδόντες,
1573 179 1663 218 οἶμαι,
1683 180 1734 217 τὴν
1760 183 1815 209 Κό-

171 235 267 262 matris
282 242 313 262 ac
331 241 402 267 mea,
432 234 521 261 virum
551 237 695 261 strenuum
729 232 835 260 vident.
865 230 959 266 Neque

170 281 243 308 enim
258 287 420 315 generosum
439 279 489 307 viri
510 280 633 307 animum
649 279 850 310 nesciebamus,
872 278 959 305 hono-

171 327 262 361 risque
276 331 413 354 amantem
442 333 474 353 ac
490 326 622 360 periculi:
638 326 686 353 sed
699 333 788 360 neque
802 333 848 352 res
863 331 960 359 praeter

171 369 370 398 conscientiam
389 375 528 398 evenerat.
546 370 663 398 Eramus
676 378 740 405 ergo
753 370 826 397 velut
843 377 960 405 suspen-

170 425 200 444 sa
219 417 382 449 aura,nl—vcl
402 417 602 451 deprecabilem
631 423 664 444 ac
691 416 798 444 tristem
831 415 959 458 quntium

171 463 341 494 audiremus,
360 462 400 490 vel
427 462 498 497 quod
523 469 617 495 nemo,
639 465 702 488 ante
731 460 769 488 rei
786 465 912 488 eventum
929 467 961 487 ac

171 508 257 544 ipsam
270 516 327 536 rem
340 509 438 541 visam,
459 508 612 535 crediturus
630 507 787 535 videbatur.

204 596 304 624 Multos
327 596 453 631 equidem
470 601 577 631 tempus
594 595 730 628 exhibuit,
753 595 816 631 fuga
840 595 932 631 lapsos
946 603 962 622 ιι

169 644 319 671 tenentium
339 643 475 674 inanibus,
499 642 710 677 compedesque,
734 649 766 670 ac
791 647 914 675 catenas,
936 646 964 669 et

169 696 305 722 carceres,
323 688 389 715 nihil
404 696 501 715 eorum
516 686 658 715 industria:
673 695 705 715 ac
723 685 833 722 ingenio
850 695 962 722 compa-

170 739 239 767 rata,
265 734 393 762 ostendit.
413 733 465 761 Sed
488 738 515 761 ct
537 734 648 769 quidam
677 733 750 762 hunc
773 734 882 762 modum
899 734 963 769 fuga

170 780 249 816 lapsi,
265 782 340 816 ipsos
352 789 461 816 quoque
473 780 669 808 miraculorum
682 785 820 814 auctores,
834 788 884 815 pro
895 788 964 815 prre-

170 828 232 856 sidii
257 828 374 860 ratione,
391 835 446 862 quo
467 828 642 860 tenebantur,
660 827 710 856 visi
732 832 799 856 sunt
819 834 962 863 superare.

1013 230 1115 265 ρινοον,
1145 229 1194 255 καὶ
1219 228 1303 262 δρῶσι
1336 227 1383 254 τὸν
1415 229 1540 262 γενναῖον
1571 227 1648 263 παρὰ
1679 227 1729 260 τὰς
1756 229 1813 255 τῶν

1012 276 1126 303 πάντων
1142 275 1268 306 ἐλπίδαςο
1287 275 1317 301 οὔ
1346 274 1400 310 μὴν
1417 275 1491 310 παρὰ
1506 274 1555 306 τὰς
1572 274 1622 309 τῆς
1642 274 1747 309 μητρὸς
1764 277 1812 303 καὶ

1012 323 1061 354 τάς
1086 323 1235 358 ἡμετέρας.
1254 321 1322 348 Οὔτε
1348 323 1403 356 γὰρ
1424 321 1472 355 τὴν
1499 321 1547 347 τοῦ
1572 321 1668 356 ἀνδρὸς
1688 322 1809 354 γενναιόλ

1011 377 1094 403 τητα,
1110 369 1200 395 καὶτὸ
1216 367 1359 403 φιλότιμόν
1374 377 1402 394 τε
1421 368 1467 394 καὶ
1487 368 1675 402 φιλοκίνδυνον
1691 367 1811 403 ἡγνοοῦε

1014 406 1085 450 μενζ
1110 415 1159 441 καὶ
1188 415 1218 451 τὸ
1245 415 1364 449 πρᾶγμα
1390 414 1440 440 οὐκ
1465 413 1518 447 ἔξω
1537 413 1586 448 τῆς
1611 413 1682 448 ὲμῆς
1700 414 1809 447 ἐγένετο

1013 460 1140 496 γνώμης.
1159 460 1268 495 Ὥσπερ
1287 460 1336 487 οὖν
1360 460 1498 495 μετέωρον
1513 459 1563 495 τὴν
1588 459 1673 495 ἀκοὴν
1688 459 1808 495 εἴχομεν,

1013 507 1215 543 ἣὰπευκταίαν
1240 506 1372 541 ἀγγελίαν
1397 506 1576 546 άκούσεσραι.
1601 505 1618 543 ἢ
1647 506 1679 533 τὺ
1710 506 1809 542 μηδενὶ

1015 554 1212 589 πιστευόμενον
1224 554 1291 588 πρὶν
1309 554 1436 588 γενέσθαι
1455 554 1502 581 καὶ
1515 551 1656 590 θεαθῆναι.

1049 600 1169 632 Πολλοὺς
1187 600 1236 634 μὲν
1252 598 1299 627 οὖν
1313 600 1327 626 ό
1347 601 1446 635 χρόνος
1464 601 1523 632 ’τὰς
1539 601 1635 636 χεῖρας
1652 600 1709 627 τῶν
1727 609 1811 628 κατε-

1014 648 1117 683 χόντων
1124 647 1349 683 διολισθήσαντας
1357 646 1454 680 ἔδειξε,
1467 646 1515 673 καὶ
1523 646 1618 680 πέδας,
1624 647 1676 682 καὶ
1685 647 1808 681 ἁλύσεις,

1016 695 1062 720 καὶ
1071 693 1263 728 δεσμωτήρια,
1273 692 1351 719 οὐδὲν
1363 691 1428 718 ὂντα
1442 692 1512 727 πρὸς
1522 691 1572 727 τὴν
1586 689 1702 718 ἐκείνων
1720 692 1810 726 εὐμη-

1016 739 1131 774 χανίαν·
1158 739 1232 771 τινὲς
1260 738 1290 765 δὲ
1313 738 1487 772 διαδράντες,
1513 738 1562 764 καὶ
1577 737 1641 769 τοὺς
1667 734 1808 772 θαυματο-

1017 785 1112 817 ποιοὺς
1127 785 1311 821 παρενεγκεῖν
1325 784 1423 818 ἔδοξαν
1436 793 1443 801 ·
1460 785 1548 817 οὕτως
1566 785 1686 820 ἰσχυρῶς
1702 786 1805 821 ἐφρου-

1019 829 1200 866 ροῦντο.’Δλλ⁹
1215 831 1242 857 ετ
1252 840 1294 863 τις
1307 831 1357 867 τὴν
1372 830 1516 867 παροῦσαν
1535 831 1663 868 μηχανὴν
1677 833 1807 866 παραϐάς

170 871 206 901 Ut
220 873 284 908 quis
300 877 390 900 tamen
408 872 545 900 TheoJOri
562 876 704 905 conatum,
720 880 782 900 eum
795 877 876 901 aetate
892 873 962 908 prio-

1017 878 1056 904 λοι
1070 879 1131 920 ταῖς
1145 877 1200 905 τῶν
1212 877 1365 914 προτέρων,
1381 878 1510 914 οὐδαμῶς
1527 866 1711 915 άγεγνεστέραν
1725 880 1809 915 εὑρή-

170 921 247 947 ribus
262 919 326 947 velit
343 916 480 951 conferre,
504 918 572 946 nihil
586 919 677 946 minus
692 917 732 946 eis
746 926 909 954 generosum
922 927 966 946 ex-

171 966 292 994 hibuisse
309 965 454 998 invenerit,
476 970 506 992 ut
526 965 672 1000 diligenter
688 965 821 998 attendat,
841 973 903 993 cum
924 970 966 993 te-

173 1018 283 1041 nentem
295 1020 347 1047 qua
361 1012 475 1047 polleret
487 1012 602 1046 malitia,
618 1016 675 1039 tum
690 1004 802 1039 moduni
821 1020 875 1047 quo
891 1017 966 1041 tene-

171 1065 223 1093 rcl;
240 1064 329 1095 utque-
342 1064 443 1092 tertus,
461 1058 581 1087 tenentis
607 1063 724 1086 conatus
750 1066 846 1086 omnes
869 1059 966 1086 inanes

170 1106 331 1134 ostenderit.
348 1105 394 1132 Sic
409 1112 493 1140 porro
509 1105 651 1132 tenebant.
668 1104 735 1132 Erat
750 1104 786 1132 illi
798 1104 910 1138 iubente
927 1109 966 1139 ty-

171 1159 257 1180 rauno
273 1153 356 1180 ﬁxum
372 1151 576 1179 tabernaculum
592 1151 626 1178 ad
648 1151 733 1186 ripam
751 1151 900 1187 cujusdam
913 1152 965 1179 ου-

171 1199 254 1226 minis
270 1207 276 1225 :
292 1205 390 1226 nomen
406 1197 530 1225 ﬂuminis
543 1197 703 1232 Sperchius,
717 1197 853 1232 profundo
864 1198 966 1233 ubique

170 1245 278 1279 gurgite
293 1243 424 1272 deﬂuens.
443 1244 509 1278 Ejus
528 1243 587 1278 ripa
602 1249 658 1271 tota
679 1244 732 1271 late
746 1244 857 1279 regione
871 1252 963 1272 assur-

170 1299 249 1326 gens,
267 1291 339 1326 quod
357 1294 413 1317 tota
437 1289 541 1317 ﬂuento
558 1289 719 1322 ambiretur,
738 1289 781 1317 vix
799 1298 851 1317 non
868 1290 965 1318 insula;

170 1338 287 1374 formam
299 1336 448 1364 exhibebat.
463 1345 470 1363 :
485 1340 620 1363 nocturna
636 1344 699 1363 vero
716 1336 852 1368 custodia,
867 1344 964 1364 multe-

170 1391 234 1412 rosa
244 1383 359 1411 cohorte
370 1387 513 1415 constans,
541 1382 662 1418 undique
674 1382 851 1410 tabernaculo
863 1387 966 1417 turnia-

171 1429 219 1456 Iim
231 1429 328 1461 all‘usa,
348 1433 461 1462 totaque
484 1427 625 1463 angustius
644 1428 704 1455 illas
717 1428 857 1463 diligentia
870 1429 965 1463 praesi-

170 1476 216 1503 dio
230 1479 348 1506 tenente.
368 1476 479 1510 ignique
498 1482 530 1502 ac
550 1475 697 1503 cantilenis
721 1475 828 1510 vigilias
844 1475 962 1506 solante,

1018 932 1071 956 σει,
1096 925 1241 961 θεωρήσας
1267 925 1391 961 ἀκριϐῶς
1404 927 1490 953 τόντε
1516 928 1667 962 κατέχοντα
1682 928 1757 960 ὅστις
1773 926 1808 964 ἦν

1017 970 1064 996 ἐπὶ
1079 970 1209 1006 πονηρίᾳ,
1233 971 1279 998 τόν
1296 980 1326 998 τι
1347 972 1449 1006 τρόπον
1474 969 1496 1007 ᾧ
1521 974 1643 1008 κατεῖχε,
1671 975 1718 1000 καὶ
1734 974 1808 1005 ὅπως

1016 1016 1112 1044 τοῦτον
1129 1017 1212 1044 ἕωλον
1237 1017 1252 1044 ό
1267 1019 1452 1054 κατεχόμενος
1464 1019 1576 1052 ἔδειξεν.
1589 1019 1684 1054 Εἴχετο
1700 1020 1729 1047 δὲ
1746 1021 1806 1047 ὡδί.

1017 1064 1107 1098 Σκηνή
1117 1072 1158 1095 τις
1172 1061 1206 1098 ἦν
1222 1064 1296 1100 αὐτῷ
1308 1065 1451 1100 πεπηγυῖα
1464 1066 1529 1101 περί
1541 1074 1604 1094 τινα
1618 1065 1665 1093 τοῦ
1681 1067 1806 1102 ποταμοῦ

1017 1109 1100 1146 δχοην
1117 1110 1180 1137 κατ’
1197 1111 1334 1146 ἐπιταγὴν
1357 1112 1405 1138 τοῦ
1424 1113 1569 1147 τυράννου,
1586 1111 1617 1141 '0
1632 1110 1662 1140 δὲ
1684 1115 1807 1149 ποταμὸς

1005 1155 1062 1183 -τδν
1077 1156 1225 1192 Σπερχειὸς
1245 1157 1295 1194 (l)I
1312 1155 1399 1194 βαθύν
1415 1167 1476 1186 τινα
1493 1159 1540 1186 τὸν
1557 1159 1623 1194 ῥοῦν
1644 1159 1727 1186 αὐτοῦ
1746 1159 1807 1187 δια·
1856 1193 1861 1198 γ’

1017 1203 1120 1234 παντὸς
1145 1203 1309 1240 ποιούμενος
1323 1212 1330 1234 τ
1356 1205 1372 1240 ή
1395 1205 1462 1242 ὄχθη
1478 1205 1507 1232 δὲ
1526 1206 1596 1241 πρὸς
1612 1206 1684 1246 ὕψος
1696 1207 1805 1244 ἠρμένη

1015 1249 1060 1276 διὰ
1081 1250 1182 1282 παντὸς
1197 1250 1243 1277 τοῦ
1259 1251 1362 1286 χωρίου
1375 1260 1382 1268 ·
1398 1251 1424 1285 δ,
1448 1252 1487 1286 τῷ
1502 1253 1694 1281 κεκλυκῶσθαι
1711 1255 1804 1290 ῥοθίῳ,

1016 1293 1109 1330 ὀλίγου
1122 1294 1237 1324 ἀποδέον
1252 1295 1286 1333 ἦν
1303 1297 1351 1325 τοῦ
1364 1298 1438 1333 νήσῳ
1456 1298 1586 1327 ἐοικέναι.
1609 1297 1642 1327 Ἣ
1655 1300 1684 1327 δὲ
1695 1300 1806 1336 νύκτωρ

1017 1343 1144 1378 φυλακὴ,
1162 1339 1197 1380 ἦν
1222 1344 1251 1371 δὲ
1278 1344 1387 1380 φάλαγξ
1412 1344 1635 1382 πολυάνθρωπος,
1665 1348 1806 1383 στοιχηδδν

1018 1389 1254 1424 περικυκλοῦντες
1268 1390 1318 1426 τὴν
1338 1391 1453 1426 σκηνὴν,
1470 1391 1518 1418 καὶ
1536 1391 1582 1418 τὸν
1596 1392 1685 1427 ὀλίγον
1710 1393 1805 1428 mea»,

1016 1435 1121 1461 ἐκεῖνον
1142 1433 1353 1472 διακατέχοντες
1369 1438 1503 1472 άκριδῶς,
1526 1439 1592 1475 πυρί
1612 1448 1642 1466 τε
1667 1440 1804 1475 χρώμενοι

1016 1481 1064 1508 καὶ
1083 1478 1183 1516 ᾠδαῖς,
1212 1482 1273 1509 οὐδὲ
1301 1483 1367 1517 γοῦν
1387 1484 1457 1518 πρὸς
1480 1484 1557 1520 ὥραν
1582 1486 1739 1514 ἐκάθευδον.
1766 1488 1804 1513 Οὐ

171 1529 206 1548 ne
213 1520 246 1548 ad
259 1521 352 1548 horam
364 1520 473 1555 quidem
486 1527 584 1548 somno
596 1520 762 1556 indulgebat.
776 1519 879 1548 Nedqu
891 1521 962 1548 enlm

1015 1528 1070 1563 γάρ
1084 1528 1208 1563 φυλακάς
1220 1529 1388 1565 ἡγρύπνουν,
1408 1531 1476 1558 ἀλλὰ
1487 1519 1536 1566 τὴν
1550 1531 1628 1559 νύιιθ1
1643 1532 1720 1568 ὃλην,
1733 1533 1805 1560 οὕτω

171 1566 321 1602 vigilabant
338 1566 455 1600 vigilias,
475 1573 570 1593 verum
595 1570 623 1594 et
647 1571 742 1594 noctes
758 1571 838 1599 totas,
856 1566 894 1594 ita
915 1567 962 1602 ju-

171 1613 252 1640 bcnte
274 1616 396 1647 Satrapn,
415 1612 554 1640 ducebant
577 1613 723 1640 insomnes.
741 1612 780 1640 Ac
800 1621 833 1640 ne
854 1614 879 1640 in
902 1613 962 1640 lon-

170 1666 233 1693 gum
249 1666 404 1686 sermonem
420 1658 589 1693 protraham,
608 1662 687 1686 erant
701 1664 728 1686 et
748 1659 853 1694 reliqua
870 1660 962 1687 omnia

170 1712 302 1740 perquam
322 1704 365 1732 his
379 1704 492 1736 similia,
511 1704 532 1731 si
547 1712 600 1739 qua
616 1704 716 1732 nedum
734 1705 852 1732 aliorum
869 1713 963 1733 acces-

170 1751 259 1782 sione,
272 1751 318 1778 Sed
335 1755 362 1778 et
377 1751 434 1785 ipsa
449 1758 496 1786 per
510 1758 539 1778 se
551 1751 671 1785 singula,
683 1751 750 1779 satis
761 1751 794 1778 ad
808 1751 961 1779 custodiam

170 1796 334 1823 videbantur
350 1805 358 1823 :
377 1803 437 1831 qua:
453 1796 545 1823 omnia
563 1796 612 1822 viri
630 1796 712 1824 unius
731 1796 832 1824 virtute
852 1796 962 1824 fuerunt

168 1841 322 1868 exsulllata.
336 1840 498 1876 Quanquam
513 1849 601 1875 neque
612 1841 737 1873 hostibus
750 1842 899 1877 probabilis
922 1842 963 1869 ul-

170 1887 212 1914 lus
227 1887 326 1914 inesset
343 1887 437 1919 timor,
457 1891 488 1913 ut
504 1887 548 1914 ille
563 1895 684 1921 unquam
703 1892 744 1915 tot
761 1888 962 1923 impedimentis

170 1933 327 1968 prohibitus
337 1938 429 1967 posset
439 1933 579 1968 aufugero,
595 1942 644 1961 nec
657 1935 761 1962 nostris
776 1936 888 1962 omnino
904 1941 963 1962 ten-

171 1979 252 2006 tanda
270 1978 331 2014 luga
348 1983 504 2013 putaretur.
521 1978 590 2006 Illud
613 1987 722 2015 quoque
736 1980 799 2015 jure
814 1981 961 2009 admodum

170 2025 380 2052 admirationem
402 2025 519 2058 habeat;
538 2024 604 2052 nulli
620 2025 693 2052 enim
717 2026 752 2053 ab
768 2033 801 2053 eo
823 2032 961 2062 gestorum

170 2071 268 2099 cedere
284 2071 420 2104 videatur,
438 2074 469 2098 ut
477 2078 541 2098 cum
565 2078 637 2106 saepe
652 2071 739 2105 solus,
752 2072 794 2100 vel
803 2073 884 2100 etiam
896 2081 962 2108 pau-

167 2118 210 2151 cis
228 2117 313 2145 sociis
331 2117 425 2152 fugere
443 2116 577 2149 licuisset,
595 2116 669 2148 haud
693 2122 783 2145 tamen
800 2118 962 2145 sustinuerit

169 2163 353 2198 malueritque
366 2182 374 2195 ,
389 2167 437 2191 aut
450 2163 539 2191 redire
551 2163 663 2191 domum
676 2171 739 2194 ctun
754 2164 855 2199 quibus
865 2165 960 2198 exivit,

169 2215 288 2238 autcum
301 2210 341 2237 eis
353 2209 435 2237 mori.

203 2256 311 2283 Nor-unt
333 2263 401 2284 sane
422 2256 544 2285 universi
568 2261 599 2285 ut
622 2257 769 2293 aufugerit,
794 2265 848 2293 qua
876 2266 958 2286 nemo

167 2302 240 2330 alius
257 2302 374 2334 ratione,
390 2303 465 2330 nullo
481 2303 584 2331 amisso
599 2304 641 2331 vel
656 2312 753 2332 eorum
766 2304 813 2339 qui
827 2305 861 2332 ab
873 2305 959 2340 impe-

167 2348 297 2376 dimentis
323 2354 518 2383 sequerentur,
541 2357 573 2377 ac
589 2357 639 2377 nec
658 2350 714 2377 ullo
729 2350 899 2383 desiderato,
913 2351 959 2379 cui

167 2402 287 2429 genuum
314 2394 400 2422 robur
419 2395 512 2423 minus
535 2401 690 2431 suppeteret
717 2397 751 2424 a-l
773 2398 960 2425 necessarium

167 2441 307 2469 incessum
327 2450 335 2468 :
355 2447 440 2477 utque
469 2441 532 2478 fuga
560 2443 653 2478 lapsus
675 2451 726 2471 ceu
745 2444 866 2472 volucris
887 2452 962 2479 quae-

166 2487 240 2520 dam,
252 2486 311 2522 jam
329 2491 392 2515 ante
406 2488 546 2523 profectos
558 2489 594 2517 sit
611 2494 764 2522 assecutus,
779 2495 861 2526 atque
877 2499 909 2518 ea
932 2499 962 2519 re

166 2533 242 2561 inani
258 2541 342 2561 cursu
368 2533 497 2570 fatigatos
518 2540 714 2569 persequentes
732 2536 896 2570 ostenderit,
912 2545 960 2565 eo-

166 2587 284 2615 rumque
299 2578 456 2608 molitiones
472 2588 504 2608 ac
518 2581 645 2613 consilia,
661 2581 732 2609 haud
748 2589 830 2610 secus
843 2590 876 2610 ac
905 2590 961 2610 eo-

166 2632 226 2652 rum
256 2625 356 2661 capitis
396 2626 549 2661 pridianam
580 2627 766 2655 temulentiam
794 2628 960 2656 confuderit:

166 2672 270 2700 subtile
294 2679 360 2700 vero
378 2672 445 2700 illud
471 2673 542 2708 fuga:
566 2674 695 2702 molimen
719 2682 752 2703 ac
767 2675 876 2707 modus,
896 2682 961 2710 quo,

166 2725 249 2753 quem
267 2717 549 2754 parerat,desputum
561 2719 702 2747 ostendit:
720 2725 804 2756 utque
822 2726 911 2748 tolum
932 2722 965 2749 il-

168 2764 213 2792 lud
227 2764 379 2798 inventum,
391 2772 490 2800 resque
504 2765 613 2794 interim
629 2771 717 2801 gesta,
729 2767 870 2802 sapienti-.e
883 2768 964 2803 plena

1013 1572 1110 1600 δοκοῦν
1129 1574 1169 1608 τῷ
1186 1575 1326 1610 σατράπῃ.
1341 1575 1398 1601 Καὶ.
1421 1575 1465 1602 ῐνα
1482 1576 1521 1611 μὴ
1539 1577 1646 1613 μακρόν
1669 1579 1806 1606 ἀποτείνω

1013 1619 1103 1654 λόγον,
1125 1620 1172 1646 καὶ
1198 1620 1284 1647 τᾶλλα
1300 1620 1409 1648 ἅπαντα
1424 1621 1532 1654 τούτοις
1553 1620 1586 1658 ἦν
1610 1624 1734 1658 ἀκριϐῶς
1759 1625 1806 1660 ἐφ-

1013 1666 1126 1701 άμιλλα,
1143 1666 1194 1694 ὅσα
1215 1667 1358 1702 ἐνομίζετο
1383 1668 1453 1703 πρὸς
1476 1669 1601 1705 φυλακὴν
1626 1670 1803 1706 ἐξαρκέσειν·

1013 1712 1063 1748 οὐχ
1090 1713 1165 1745 ὅπως
1186 1713 1245 1748 ἅμα
1264 1715 1485 1750 συντεταγμένα,
1502 1715 1572 1743 ἀλλὰ
1588 1718 1635 1744 καὶ
1651 1717 1805 1754 διῃρημένα

1014 1758 1197 1786 καθέκαστον.
1216 1759 1249 1785 "A
1269 1759 1301 1794 δὴ
1319 1760 1410 1787 πάντα
1431 1761 1537 1796 μάταια
1553 1762 1614 1795 ἐνὸς
1630 1763 1727 1799 ἀνδρὸς
1751 1765 1804 1791 άπ-

1014 1803 1113 1837 έξηνεν
1128 1802 1225 1839 ἀρετή.
1242 1803 1338 1830 Καίτοι
1353 1804 1415 1831 οὔτε
1432 1807 1490 1837 τοῖς
1504 1806 1614 1841 ἐχθροῖς
1628 1807 1658 1834 τὸ
1677 1808 1749 1840 εἰκὸς
1761 1808 1804 1835 λο-

1013 1849 1171 1884 γιζομένοις
1183 1850 1317 1884 φοϐητέον
1330 1848 1403 1877 εἶναι
1419 1851 1509 1879 ἐδόκει
1529 1853 1560 1880 τὸ
1578 1853 1726 1889 δυνηθῆναι
1742 1862 1813 1882 του-’

1012 1897 1068 1923 τονί
1087 1905 1151 1923 ποτε
1167 1896 1320 1932 διαδρᾶναι,
1334 1899 1472 1925 τοσούτων
1490 1899 1576 1926 ὄντων
1601 1901 1656 1927 τῶν
1676 1902 1805 1938 κωλυμάο

1012 1951 1076 1975 των,
1094 1942 1155 1969 οὔτε
1167 1943 1223 1975 τοῖς
1237 1944 1384 1979 ἡμετέροις
1399 1945 1577 1980 ἔγχειρητέος
1592 1947 1606 1974 ό
1621 1947 1743 1983 δρασμὸς
1759 1958 1803 1976 το-

1013 1987 1146 2023 παράπαν
1170 1988 1320 2024 ἑνομίζετο.
1344 1989 1504 2025 Θαυμάσειε
1522 1991 1546 2017 δ’
1569 1992 1602 2019 ἄν
1626 2002 1670 2025 τις
1691 1995 1804 2021 κάκεῖνο

1013 2033 1087 2069 μάλα
1105 2034 1218 2066 δικαίως
1229 2042 1236 2050 ·
1261 2034 1367 2067 οὐδενὸς
1381 2037 1436 2072 γάρ
1461 2037 1572 2064 ἔλαττον
1585 2039 1643 2073 ἔχει
1658 2040 1712 2066 τῶν
1729 2041 1803 2076 αὐτῷ

1012 2080 1262 2116 διαπεπραγμένων
1275 2087 1283 2095 ⁵
1311 2082 1443 2114 πολλάκις
1467 2084 1522 2118 γάρ
1539 2084 1689 2120 δυνάμενος
1709 2087 1801 2121 μόνος,

1012 2127 1029 2162 ἢ
1051 2127 1099 2154 καὶ
1123 2128 1182 2162 μετ’
1204 2128 1304 2162 ὀλίγων
1317 2129 1472 2164 διαφυγεῖν,
1500 2131 1549 2157 οὐκ
1569 2133 1702 2168 ἠνέσχετο
1715 2142 1722 2149 ·
1744 2133 1802 2161 ἀλλ’

1014 2173 1112 2205 εἵλετο,
1128 2174 1144 2209 ἢ
1162 2173 1224 2209 μεθ’
1241 2171 1279 2202 ὢν
1298 2175 1411 2211 ἐξῆλθεν
1423 2177 1576 2210 ἐπανιέναι,
1593 2179 1608 2214 ἢ
1623 2180 1672 2206 σὺν
1687 2180 1802 2212 ἐκείνοις

978 2212 1001 2240 D
1016 2218 1171 2246 ἀποθανεῖν.

1048 2264 1111 2292 Ὅτι
1139 2267 1188 2300 μὲν
1204 2261 1251 2292 οὖν
1266 2263 1414 2301 εἰργάσατο
1438 2268 1484 2295 τὸν
1503 2268 1624 2304 δρασμὸν
1640 2269 1676 2301 ὡς
1700 2270 1752 2297 οὐκ
1769 2272 1803 2298 ἂν

1013 2310 1118 2345 ἓτερος,
1139 2311 1243 2346 μηδένα
1263 2312 1332 2348 μήτε
1347 2314 1401 2339 τῶν
1415 2315 1461 2341 ἐπὶ
1477 2315 1509 2341 τὸ
1535 2319 1714 2352 σκευοφορείν
1737 2317 1804 2344 ἐπο-

1015 2355 1104 2391 μένων
1123 2355 1279 2389 ἀποϐαλὼν,
1302 2358 1371 2392 μήτε
1391 2359 1509 2395 γέροντά
1526 2370 1598 2392 τινα,
1615 2358 1637 2395 ᾦ
1657 2362 1804 2396 τά’γόνατ’

1013 2400 1046 2428 ἂν
1062 2402 1205 2436 ἡπιστεῑτο
1221 2402 1291 2436 πρδς
1310 2403 1360 2438 τὴν
1376 2405 1530 2438 ἀναγκαίαν
1549 2405 1667 2440 βάδισιν,
1684 2407 1731 2433 καὶ
1745 2407 1803 2434 δια-

1011 2447 1088 2481 δρὰς,
1100 2445 1196 2483 ὥσπερ
1209 2448 1363 2484 ὑπόπτερος
1373 2449 1476 2484 ἔφθασε
1485 2451 1549 2483 τοὺς
1564 2452 1800 2486 προαπελθόντας,

1012 2493 1153 2520 καὶτοῦτο
1178 2495 1298 2529 πράξας,
1322 2496 1447 2532 ἀπέφηνε
1471 2499 1533 2530 τοὺς
1543 2498 1697 2538 ’διώκοντάς
1720 2500 1802 2526 αὑτὸν

1010 2541 1074 2577 εἰκῆ
1089 2541 1135 2568 τὸν
1150 2542 1251 2577 δρόμον
1267 2545 1482 2579 πεποιημένους,
1498 2546 1545 2572 καὶ
1563 2546 1613 2578 τὰς
1627 2547 1801 2582 τῶνιὲχθρῶν

1011 2588 1137 2623 μηχανὰς
1161 2587 1257 2625 ὥσπερ
1282 2588 1470 2625 ἑωλοκρασίαν
1496 2592 1611 2627 κατέχεε
1636 2592 1689 2628 τῆς
1711 2593 1801 2620 αὐτῶν

1011 2635 1145 2670 κορυφῆς,
1160 2635 1247 2663 ἅπασι
1261 2636 1340 2671 δῆλον
1351 2644 1357 2652 ·
1373 2637 1558 2673 διηγήσασθαι
1569 2639 1598 2665 δὲ
1613 2640 1662 2674 τὴν
1676 2640 1800 2674 μηχανὴν

1011 2680 1059 2708 τοῦ
1086 2681 1208 2716 δρασμοῦ
1230 2683 1276 2709 καὶ
1305 2683 1350 2710 τὸν
1371 2684 1485 2719 τρόπον,
1501 2684 1535 2711 δι’
1556 2682 1588 2712 οὗ
1611 2687 1802 2714 κατάπτυστον

1012 2726 1124 2759 ἔδειξεν,
1138 2727 1168 2754 ὃν
1182 2728 1276 2764 ἐχρῆν,
1293 2730 1341 2756 καὶ
1354 2729 1393 2761 ὡς
1407 2730 1516 2758 ἐπίνοιά
1529 2739 1560 2758 τε
1576 2733 1652 2759 πᾶσα
1668 2733 1715 2759 καὶ
1732 2733 1804 2768 πρᾶ-

1015 2771 1055 2803 ξις
1081 2772 1098 2806 ἡ
1124 2772 1189 2808 περὶ
1211 2772 1299 2800 ταῦτα
1320 2774 1430 2810 πλήρης
1455 2776 1506 2811 μὲν
1522 2777 1631 2811 σοφίας,
1644 2777 1752 2814 πλήρης
1774 2778 1802 2805 δὲ

198 2859 243 2896 (Ι)
259 2859 352 2889 Schol.
371 2860 436 2889 inin
455 2870 462 2890 :
482 2857 567 2893 ὒῦτός
579 2861 662 2896 ἐστιν,
678 2862 693 2889 ό
707 2862 755 2890 νῦν
781 2862 952 2900 καλούμενος

1015 2865 1081 2898 .λάς.
1097 2865 1145 2894 Est
1156 2867 1205 2895 hoc
1218 2869 1318 2903 [lumen
1334 2871 1404 2905 quod
1415 2855 1644 2908 nuucappellamr
1660 2872 1763 2900 "cllas.
