1938 3083
101 181 158 212 2')?

497 174 702 208 THEODORI
722 170 903 203 DESPOTE
927 168 1122 200 LAUDATIO
1143 166 1346 197 FUNEBRIS.

1676 162 1729 193 298

107 240 211 275 σούσης
229 239 257 266 δὲ
284 239 366 274 μέχρι
385 237 505 268 παντόςί
527 236 559 263 Ὢ
576 235 691 270 νεφέλης
709 233 828 268 ζοφερᾶς
846 233 894 258 καὶ

955 230 1079 257 luratura
1093 229 1098 255 !
1118 228 1140 256 0
1156 218 1338 263 (οίίεἰιιοεοπί
1355 227 1523 259 densamque
1549 224 1662 257 nubem,
1677 232 1729 259 qua

107 281 238 321 παχείας,
253 285 368 320 ἀφείσης
392 283 532 319 χάλαζαν,
550 282 691 318 βλάψασαν
714 276 778 314 ἑξῆς
804 279 893 305 πᾶσαν

110 333 244 369 βλάστην,
263 333 311 359 καὶ
331 331 386 358 πᾶν
412 330 533 366 ὡραῖον,
559 328 607 356 καὶ
627 328 715 362 λήϊον,
731 321 778 352 καὶ
798 325 893 360 φυτὸν,

107 380 158 405 καὶ
174 378 243 408 ὅλως
259 378 320 404 ὅσον
335 377 366 402 ὲκ
380 375 432 409 γῆς
445 376 484 406 είς
503 375 598 410 χρείαν
620 373 636 406 ἦ
655 371 822 407 παραψυχήν
839 371 894 396 ἐστι

105 426 165 454 τοῖς
176 423 334 459 ἀνθρώποις
346 423 353 449 i
367 422 400 448 Ὢ
417 422 533 456 βροντῆς
547 419 747 454 ἀποτροπαίου,
765 417 896 451 σεισὰσης

106 469 173 495 νοῦν
189 467 228 503 τῷ
251 468 383 502 πατάγῳί
407 467 440 493 Ὢ
462 465 596 499 τυφῶνας,
610 463 765 501 ὀφθαλμοὺς
782 462 896 498 καρδίας

105 513 292 549 πηρώσαντος
306 513 312 539 !
331 512 362 538 Ὢ
379 511 522 546 κεραυνῶν
537 510 674 545 φοὸερῶν,
690 509 773 542 ὀξέως
795 509 896 543 φρένας

104 560 332 596 λυμηναμένωνί
361 559 393 585 Ὢ
416 559 580 594 πρηστῆρος
612 558 746 592 ὀλεθρίου,
777 556 897 588 διανοίας

106 606 349 641 ἀποτεφροῦντοςί
370 606 402 632 Ὢ
429 605 547 640 πληγῆς,
569 605 652 640 λῆρον
676 604 821 638 δεικνύσης
845 603 898 629 πᾶν

106 653 290 688 ἀλεξητήριον
307 652 473 688 φάρμακονί
493 652 526 678 Ὠ
541 660 586 686 μοι
604 650 731 681 πένθους,
748 650 833 684 πέρας
849 650 898 675 οὐκ

107 699 235 734 ἕχοντοςί
256 698 287 724 Ὢ
303 698 377 732 ζωῆς
394 698 425 724 οὐ
446 698 580 735 φορητῆς,
597 697 620 723 εί
641 696 678 731 μὴ
696 695 731 723 δι’
746 695 898 726 εὐσέϐειαν,

107 745 148 777 ὡς
175 746 225 772 οὐκ
251 744 289 772 ἐτ’
305 744 334 771 ὃν
357 744 454 778 ἐφετὸν
482 744 512 771 τὺ
541 744 602 779 ζῇν,
626 743 689 779 ἐμοὶ
713 742 764 777 μὲν
781 741 900 776 μάλιστα

109 793 232 819 πάντων·
261 791 358 817 ἔπειτα
385 791 433 817 καὶ
456 791 539 817 πᾶσιν
558 789 693 820 ἐκείνοις,
719 788 818 818 οῖτινές
840 795 898 818 σου,

108 838 171 873 φίλε
189 837 269 870 Θεοῦ,
288 837 338 872 τὴν
355 836 437 871 φύσιν
456 836 493 868 ὡς
509 836 651 871 ἐξαίρετος
672 834 792 870 ᾔδεσανί
812 832 899 858 Τοῦτο

107 882 144 919 ἦν
163 883 217 918 ἄρα
242 883 335 909 ἐκεῖνα
359 881 394 908 τὰ
418 881 559 917 πόρῤωθεν
581 880 721 915 μηνύοντα
746 876 899 913 μεταϐολὴν

111 910 285 965 πραγμάτων
314 928 360 955 ιπι
389 928 423 955 τὰ
453 910 546 963 ςεὲίρω.
580 910 676 961 :Hpeic
699 925 727 952 δὲ
746 910 936 959 ’βλέποντέςΒ

111 976 268 1011 ὲπηδῶμεν,
290 974 449 1010 νομίζοντες
474 973 584 1000 ἔσεσθαι
614 973 645 998 τὺ
669 971 755 998 δεινὸν
773 970 818 999 ἐπὶ
836 969 901 1001 τοὺς

111 1024 249 1059 ἐχθροὺς,
278 1022 357 1049 ἐνίων
383 1022 461 1048 τοῦτο
489 1020 710 1056 μαντευομένων.
734 1018 801 1045 Νυνὶ
816 1018 838 1044 δ’
854 1018 901 1043 ὲκ-

111 1071 210 1101 6ἁντος
226 1069 274 1096 τοῦ
305 1068 392 1096 κακοῦ
417 1067 479 1095 καθ’
507 1067 605 1102 ἡμῶν,
631 1067 677 1093 καὶ
702 1064 899 1100 καθαψαμένου

112 1116 277 1151 περιφανῶς
293 1116 416 1147 πάντων,
435 1114 472 1146 ὡς
496 1114 571 1145 δντος
595 1113 643 1148 μὲν
660 1112 732 1139 οὕτω
759 1111 902 1146 μεγίστου,

109 1163 189 1194 ὄντος
213 1162 241 1189 δὲ
266 1161 339 1189 οὕτω
361 1160 472 1196 πικροῦ,
490 1160 566 1191 δντος
584 1159 613 1186 δὲ
626 1157 805 1194 ἀδιορθώτου,
821 1157 898 1183 οὐδὲν

111 1209 178 1238 ἄλλο
192 1208 320 1235 λείπεται
341 1207 356 1242 ἢ
372 1208 422 1241 ζῇν
438 1208 465 1233 ἐν
485 1205 626 1240 ἀθυμίαις,
640 1203 858 1239 ὀλοφυρομένους
871 1211 901 1229 τε

112 1256 161 1282 καὶ
184 1254 353 1285 πενθοῦντας
370 1253 417 1279 τὸν
439 1253 530 1279 πάντα
557 1252 662 1287 χρόνον.
681 1252 717 1277 Οὐ
745 1251 799 1285 μήν
815 1258 846 1284 γε
868 1249 902 1276 δι’

112 1302 220 1328 ἐκεῖνον
250 1299 341 1331 αὑτὸν,
368 1298 396 1329 ὃς
419 1298 474 1325 τῶν
501 1298 642 1333 ἡμετέρων
655 1296 757 1323 τούτων
775 1295 898 1321 ἀπαλλα-

113 1349 184 1381 γεὶς,
205 1345 349 1380 τελμάτων
364 1352 395 1370 τε
412 1344 460 1370 καὶ
481 1343 563 1377 ζόφου
587 1341 686 1369 πολλοῦ
711 1336 795 1376 μηδὲν
809 1341 903 1376 διαφε-

117 1393 229 1427 ρὸντων,
247 1390 315 1426 πρὸς
337 1390 387 1425 τὴν
411 1389 521 1425 αἰθρίαν
535 1388 643 1423 ἐκείνην
658 1389 707 1423 τὴν
722 1387 840 1422 ἄληκτον
855 1388 902 1413 καὶ

114 1439 164 1474 τὴν
176 1437 272 1473 ἀγήρω
290 1437 362 1471 ζωὴν
379 1435 491 1470 μετέϐη⁸
510 1435 567 1466 πῶς
594 1434 668 1469 γάρ;
697 1433 766 1460 ἀλλὰ
778 1433 811 1459 δι’
827 1433 901 1468 ἡμᾶς

115 1484 225 1516 αὐτοὺς,
241 1483 267 1510 οἳ
282 1483 326 1509 διὰ
352 1482 434 1518 μόνον
456 1481 487 1507 τὸ
513 1481 635 1513 πενθεῖν,
661 1480 700 1512 ὡς
725 1480 809 1511 ἔοικε,
823 1487 905 1505 κατε-

116 1530 281 1565 λείφθημεν.
307 1529 363 1556 Καὶ
388 1529 430 1555 ὅτι
454 1527 532 1555 ταῦθ’
556 1526 643 1557 οὕτως
670 1526 737 1561 ἔχει,
755 1525 903 1561 σκοπῶμεν

118 1577 266 1612 ἀκριὸέστε
272 1584 316 1611 ρον
331 1575 430 1610 ταύτῃ.

159 1623 279 1653 Ἐκεῖνος
308 1621 388 1656 ὴμῶν
413 1620 545 1651 διαστὰς,
570 1619 705 1654 τετύχηκε
741 1619 790 1654 μὲν
817 1619 902 1646 Θεοῦ·

118 1668 308 1703 ἐγγέγραπται
337 1667 365 1693 δὲ
394 1666 433 1701 τῷ
461 1666 515 1693 τῶν
542 1665 686 1701 μακαρίων
711 1665 795 1701 χορῷ,
813 1665 841 1692 ὲν
865 1663 906 1697 οἷς

120 1714 215 1741 πολλοὶ
229 1713 277 1741 καὶ
295 1712 349 1740 τῶν
365 1712 440 1747 αὐτῷ
456 1712 660 1747 προσηκόντων·
683 1712 775 1746 πατήρ
790 1719 819 1737 τε
835 1711 904 1738 πάν-

117 1768 151 1786 τα
179 1759 291 1793 ἀγαθὸς,
320 1758 367 1785 καὶ
395 1758 487 1793 μήτηρ
507 1758 583 1784 οὐδὲν
597 1757 696 1792 ἦττωνυ
710 1757 780 1783 οὕτω
802 1757 854 1792 γάρ
872 1765 905 1792 με

121 1806 211 1833 πείθει
226 1805 339 1842 θαρρεῖν
363 1805 393 1831 τὸ
409 1805 474 1840 παρ’
491 1805 582 1836 αὐτοῖς
609 1804 731 1836 εὐσεόὲς,
748 1804 795 1830 καὶ
808 1805 837 1830 τὸ
851 1803 906 1830 τῶν

122 1852 231 1886 τρόπων
247 1851 334 1883 εὑθές·
350 1851 450 1886 ἀρίστη
472 1859 501 1878 τε
528 1850 687 1885 ἀδελφότης,
703 1851 750 1877 καὶ
765 1850 906 1885 προγόνων

120 1897 226 1933 ὅμιὲος,
243 1897 292 1924 καὶ
309 1896 358 1923 οὐκ
373 1896 460 1930 ὀλίγοι
475 1895 528 1922 τῶν
544 1895 638 1930 φίλων.
659 1896 689 1922 Ei
705 1896 770 1929 γοῦν
789 1897 835 1922 καὶ
852 1896 906 1922 τῶν

120 1943 266 1979 ἐρωμένων
285 1942 365 1978 ἡμῶν
381 1941 561 1977 κεχώρισται,
591 1939 632 1973 οἷς
663 1941 753 1968 συνὼν
775 1941 906 1977 ¹ἡδόμενος

121 1989 245 2022 διετέλει,
262 1988 330 2015 ἀλλὰ
346 1988 377 2014 τὸ
395 1988 514 2015 συνεῖναι
538 1987 633 2013 τοῦτον
652 1987 708 2018 τοῖς
726 1987 838 2021 φύσασι,
855 1987 904 2013 καὶ

122 2035 232 2067 πολλοῖς
245 2035 301 2062 τῶν
313 2034 454 2069 συγγενῶν
475 2033 522 2060 καὶ
541 2033 675 2068 συνήθων,
698 2033 777 2068 ἡμῶν
793 2041 825 2067 γε
839 2033 907 2059 πάν-

121 2091 176 2113 τως
189 2081 238 2117 οὐχ
261 2082 366 2116 ἥττοσι,
391 2080 437 2107 καὶ
453 2080 521 2114 πρός
538 2088 570 2113 γε
594 2079 635 2106 ἔτι
665 2080 721 2110 τοῖς
748 2080 905 2114 μακαρίοις,

123 2127 170 2153 καὶ
189 2128 239 2153 σὺν
255 2126 348 2157 αὐτοῖς
366 2125 403 2160 τῷ
418 2125 490 2161 Θεῷ,
506 2124 598 2159 πολλῷ
621 2124 654 2151 ἃν
671 2124 744 2159 ἥδιον
759 2123 846 2158 τούτῳ
862 2124 908 2158 γέ-

123 2181 195 2199 νοιτο
215 2171 263 2198 τοῦ
287 2172 347 2207 μεθ’
362 2171 441 2206 ἡμῶν
466 2169 546 2202 εἶναι,
561 2170 588 2196 εί
609 2179 640 2204 γε
660 2170 706 2197 καὶ
719 2170 907 2206 παραόάλλειν

124 2218 184 2250 ἐξόν
202 2219 287 2244 ἐστιν.
305 2217 386 2251 Ἡμῖν
412 2218 440 2243 δὲ
463 2217 567 2243 τούτων
592 2217 774 2252 ζημιωθεῖσιν
790 2217 866 2244 οὐδέν
880 2225 906 2243 τι

947 276 1052 311 grando
1075 274 1158 302 missa
1190 273 1307 309 depluit,
1339 280 1419 300 omne
1435 272 1561 306 deinceps
1582 272 1731 306 deprrdens

947 329 1069 356 germen,
1081 327 1244 355 omnemque
1256 319 1385 351 fructum,
1396 326 1428 346 ac
1441 323 1556 353 segetes.
1570 325 1731 352 omnemque

947 368 1085 398 arborem,
1109 375 1140 394 ac
1156 367 1178 393 si
1198 366 1264 401 quid
1282 366 1393 393 omnino
1413 369 1485 393 terra
1502 364 1637 400 germinat
1660 364 1731 398 quod

948 415 1075 442 humana:
1093 414 1153 441 vita:
1169 413 1312 448 refrigerio
1324 412 1375 440 sit!
1390 412 1412 439 0
1428 411 1598 446 deprecabilc
1619 411 1733 441 tonitru,

949 459 1022 494 quod
1039 459 1159 486 animum
1174 458 1280 493 fragore
1295 458 1450 485 concussit!
1467 458 1487 483 Ο
1510 457 1669 492 typhonem,
1688 455 1733 490 qui

949 504 1044 531 oculos
1060 504 1149 531 cordis
1162 503 1288 531 caecavit!
1307 502 1330 530 Ο
1345 503 1478 529 horrenda
1493 501 1618 534 fulmina,
1635 501 1734 536 quibus

950 550 1041 577 statim
1060 558 1136 577 mens
1167 550 1267 577 ohlaesa
1285 550 1339 576 sit!
1364 547 1386 575 Ο
1401 548 1548 576 exitiosum
1566 553 1734 582 praesterem.

950 597 1057 624 animos
1081 597 1293 623 incinerantem!
1310 594 1331 622 0
1347 595 1463 630 plagam,
1487 595 1638 622 remedium
1655 601 1734 620 omne

950 649 1142 674 aven-uncum,
1170 649 1256 676 nugas
1278 641 1484 668 ostendentem!
1507 640 1528 667 Ο
1547 640 1649 667 luctum
1669 639 1735 666 mihi

951 688 1106 715 infinitum!
1128 687 1150 715 Ο
1169 689 1264 719 vitam,
1277 687 1329 715 nisi
1346 687 1406 714 solo
1424 687 1536 722 pietatis
1555 686 1667 718 intuitu,
1686 686 1735 712 mi—

951 736 1023 763 nime
1053 734 1207 768 ferendam,
1234 735 1306 770 quod
1330 735 1402 762 haud
1420 735 1489 762 ultra
1505 735 1531 762 in
1549 734 1619 762 votis
1635 735 1735 761 haben-

951 782 1014 809 duni
1032 782 1068 809 sit
1083 783 1195 816 vivere;
1211 790 1273 810 cum
1289 782 1425 817 pralcipue
1437 782 1515 814 mihi,
1532 787 1587 809 tum
1605 781 1659 808 illis
1675 781 1736 808 uni-

952 829 1052 862 versis,
1084 830 1129 864 qui
1146 835 1232 860 illam,
1252 829 1339 856 amice
1356 828 1415 861 Dei,
1432 828 1551 855 indolem
1566 832 1737 862 perspectam

953 874 1096 907 haberent,
1112 883 1192 909 quam
1214 874 1317 902 eximia
1344 879 1425 901 esset.
1451 874 1516 901 Erat
1535 874 1585 901 hoc
1600 873 1679 909 plane
1694 873 1737 900 illa

950 926 1058 949 OStensa
1069 929 1128 956 quae
1137 922 1256 949 futuram
1274 930 1365 949 rerum
1377 923 1403 949 in
1423 921 1544 948 deterius
1557 921 1737 948 mutationem

951 967 1054 1002 pridem
1071 968 1274 1003 significabant.
1293 968 1347 996 Nos
1358 975 1440 1003 porro
1456 968 1579 996 videntes
1602 967 1737 1002 gestit-ba-

951 1020 1023 1045 mus,
1043 1013 1089 1048 qui
1117 1015 1300 1048 quorumdam
1329 1014 1455 1049 persuasi
1469 1013 1616 1046 vaticiniis,
1636 1013 1738 1040 malum

951 1060 978 1086 in
1005 1060 1099 1087 hostes
1130 1054 1287 1088 tiertendum
1331 1067 1499 1095 putaremus.
1540 1060 1618 1086 Nunc
1647 1063 1738 1087 autem

950 1111 1095 1140 postquam
1111 1105 1176 1133 illud
1193 1107 1219 1133 in
1235 1114 1285 1134 nos
1305 1107 1406 1139 evenit,
1428 1113 1577 1141 omnesque
1595 1106 1695 1140 palam,
1710 1111 1740 1132 ut

951 1152 1022 1186 quod
1040 1153 1075 1179 ita
1102 1153 1263 1186 maximum,
1286 1155 1322 1181 ita
1340 1153 1480 1185 acerbum,
1496 1160 1528 1180 ac
1544 1152 1603 1180 sine
1618 1152 1740 1179 remedio

950 1199 1077 1231 exsistat,
1095 1197 1226 1232 affecerit,
1250 1199 1318 1226 nihil
1345 1199 1417 1227 aliud
1438 1199 1571 1234 reliquum
1592 1203 1643 1231 est,
1658 1206 1739 1233 quam

953 1249 981 1271 ut
998 1244 1121 1279 lugentes
1134 1245 1368 1278 aclamentantcs,
1386 1249 1473 1273 totum
1487 1246 1616 1280 deinceps
1632 1250 1740 1279 tempus

952 1290 979 1317 in
1000 1291 1132 1318 maestitia
1157 1292 1306 1319 vivamus:
1329 1300 1382 1319 non
1398 1292 1508 1327 quidem
1525 1297 1637 1327 propter
1651 1291 1739 1324 illum,

951 1336 999 1370 qni
1019 1336 1053 1364 ab
1081 1337 1207 1366 humanis
1236 1338 1307 1371 istis,
1335 1339 1377 1366 vix
1395 1339 1545 1374 quidquam
1564 1347 1682 1372 acoeno,
1709 1347 1741 1366 ac

954 1382 1037 1408 multa
1049 1382 1174 1418 caligine,
1187 1384 1306 1412 diversis
1317 1385 1463 1418 liberatus,
1477 1386 1509 1412 ad
1526 1385 1739 1413 indefecdhilcni

951 1429 1035 1461 illam,
1050 1436 1082 1456 ae
1099 1430 1168 1457 senii
1188 1432 1308 1458 nesciam
1326 1433 1502 1459 serenitatem
1533 1432 1671 1459 transivit.
1689 1431 1741 1465 Qui

954 1475 1026 1503 enim
1045 1475 1080 1502 ita
1096 1477 1254 1511 possimus?
1269 1478 1319 1505 sed
1338 1483 1448 1514 propter
1461 1487 1511 1507 nos
1525 1479 1610 1514 ipsos,
1625 1479 1672 1514 qui
1685 1479 1742 1506 sola

961 1530 1045 1550 causa
1061 1523 1169 1559 lugendi
1186 1525 1328 1553 videamur
1339 1526 1435 1553 relicti.
1453 1527 1498 1554 Sic
1514 1531 1603 1554 autem
1620 1535 1676 1554 rem
1698 1527 1743 1554 ha-

917 1582 939 1613 c
955 1569 1030 1601 bere,
1047 1578 1094 1605 per
1108 1571 1180 1597 hunc
1193 1571 1302 1598 modum
1313 1573 1468 1600 accuratius
1483 1574 1670 1608 exquiramus.

994 1615 1040 1642 Ille
1063 1616 1097 1642 ab
1115 1616 1234 1643 humana
1249 1618 1449 1645 consuetudine
1465 1619 1611 1653 abiunctus
1623 1640 1630 1652 ,
1659 1619 1742 1647 Deum

960 1663 1127 1689 consecutus
1140 1666 1180 1689 est
1195 1671 1201 1694 ;
1218 1662 1322 1696 fuitque
1334 1662 1482 1697 inscriptus
1495 1664 1635 1692 beatorum
1647 1666 1742 1698 choro,

958 1707 1028 1734 inter
1042 1714 1112 1742 quos
1127 1707 1205 1737 multi
1220 1712 1284 1735 sunt
1304 1708 1509 1743 cjus‘cognati;
1532 1718 1593 1737 cum
1612 1715 1690 1746 pater
1702 1713 1744 1739 vir

958 1752 1088 1786 optimus,
1120 1756 1177 1779 turn
1193 1758 1279 1780 mater
1308 1753 1375 1780 nihil
1394 1753 1438 1781 illo
1464 1755 1593 1782 deterior.
1609 1756 1653 1783 Sic
1669 1757 1742 1784 enim

958 1798 1084 1825 fiduciam
1101 1797 1164 1825 facit
1180 1806 1275 1825 eorum
1291 1799 1388 1833 pictas,
1408 1807 1438 1826 ac
1461 1807 1566 1828 morum
1584 1803 1718 1830 rectitude
1735 1813 1741 1829 :

958 1844 1060 1879 optima
1092 1851 1204 1879 quoque
1232 1843 1348 1871 fratrum
1384 1846 1533 1880 sodalitas,
1561 1855 1593 1875 ac
1626 1856 1741 1876 avorum

958 1891 1051 1923 turba,
1085 1891 1220 1925 amicique
1238 1891 1338 1925 plures.
1359 1891 1521 1927 Quanquam
1540 1901 1605 1930 ergo
1622 1903 1635 1922 a
1653 1896 1742 1929 nobis,

958 1944 1026 1972 quos
1047 1945 1140 1964 amore
1167 1942 1387 1972 prosequemur,
1406 1947 1438 1966 ac
1453 1948 1570 1974 quorum
1588 1941 1744 1970 delectaba-

960 1987 1003 2009 tur
1019 1983 1237 2015 consuetudine,
1261 1983 1344 2011 fuerit
1369 1992 1531 2020 separatus;
1561 1989 1634 2022 quod
1652 1994 1741 2017 tamen

958 2036 1021 2056 cum
1053 2028 1224 2063 parentibus,
1243 2030 1392 2065 multisque
1421 2038 1600 2066 cognatorum
1614 2042 1646 2061 ac
1662 2035 1743 2062 fanu-

959 2075 1078 2114 liarium},
1096 2075 1163 2102 nihil
1177 2076 1290 2103 omnino
1305 2077 1387 2104 nobis
1402 2077 1589 2107 deterioribus
1605 2085 1667 2115 agat
1679 2089 1696 2114 ;'
1709 2082 1741 2108 ad

959 2122 1016 2149 hcce
1042 2129 1107 2149 vero
1124 2129 1185 2150 cum
1202 2122 1298 2155 beatis,
1316 2123 1429 2159 ipsoque
1447 2125 1558 2160 insuper
1582 2127 1647 2158 Deo,
1665 2127 1744 2163 longe

959 2167 1054 2202 utique
1073 2167 1224 2202 jucundius
1255 2168 1363 2203 habeat,
1381 2178 1463 2205 quam
1479 2176 1508 2198 ut
1525 2177 1680 2200 versaretur
1697 2182 1744 2201 no-

959 2213 1075 2245 biscum,
1095 2218 1122 2240 ut
1143 2213 1226 2241 ullam
1242 2215 1281 2242 rei
1300 2217 1534 2251 comparationem
1550 2217 1620 2245 inire
1645 2220 1744 2247 conde-

124 2263 318 2298 παραπλήσιον
336 2262 506 2296 συμϐέϐηκε.
533 2261 611 2292 Τίνος
628 2261 683 2295 γὰρ
699 2260 732 2287 ἂν
748 2262 794 2287 καὶ
816 2261 903 2295 τύχοι·

959 2263 1037 2286 eoat:
1056 2259 1134 2286 nobis
1145 2264 1246 2293 autem,
1263 2261 1309 2294 qui
1325 2261 1422 2288 horum
1433 2261 1582 2290 fecerimus
1594 2264 1743 2298 jacturam,

126 2317 176 2344 μεν
190 2308 303 2343 τάνδρὸς
319 2308 425 2334 ἐκείνου
448 2306 604 2342 βελτίονος;
631 2306 715 2341 Δῆλον
736 2305 773 2337 ὡς
788 2305 905 2337 οὐδενός·

126 2357 184 2388 πῶς
206 2356 270 2391 γὰρ,
288 2355 333 2382 τοῦ
362 2354 486 2390 μηδαμοῦ
507 2354 602 2386 ὄντος
625 2354 694 2380 Ἀλλ’
708 2353 770 2386 οὐδὲ
785 2353 908 2388 λυπηρον

125 2403 220 2437 ἐκείνῳ
238 2401 419 2436 συμϐήσεται,
437 2400 511 2435 ζωῆς
534 2401 584 2434 τῆς
602 2400 756 2434 ἀπεράντου
773 2408 908 2435 μετετχη-

126 2448 196 2479 κότι,
219 2447 267 2474 καὶ
283 2439 362 2481 δόξης
378 2444 424 2478 αὖ,
444 2446 495 2472 καὶ
510 2446 625 2480 τρυφῆς,
648 2444 757 2479 ἀλήκτῳ
772 2444 823 2479 βίῳ
839 2453 908 2479 συμ-

130 2492 292 2520 6αινουσῶν,
312 2490 393 2526 Ἡμῖν
409 2491 433 2517 δ’
449 2490 570 2517 οἰκοῦσιν
586 2491 627 2516 ἐτι
647 2491 677 2516 τὸ
693 2489 782 2524 σῶμα,
803 2489 909 2516 πολλῶν

127 2537 221 2564 κακῶν
247 2537 336 2564 αἴτιον
362 2535 439 2562 εἶπεν
467 2536 500 2562 ἂν
527 2535 652 2568 Πλάτων,
680 2535 787 2566 πολλοῖς
804 2535 909 2570 ἀνάγκη

132 2583 280 2619 μίγνυσθαι
293 2584 350 2615 τοῖς
366 2582 475 2615 δεινοῖς,
488 2578 526 2608 ὧν
545 2581 570 2607 οἱ
590 2581 775 2616 μεταστάντες
787 2581 910 2614 ἀπηλλά-

128 2639 226 2665 γησαν.

163 2763 200 2790 οὐ
216 2762 296 2797 μόνον
308 2761 399 2789 τοίνυν
414 2761 587 2796 ἀπήλλακται
602 2762 767 2797 δυσχερειῶν
780 2762 821 2788 ὅτι
837 2762 913 2789 πλεί-

129 2819 212 2842 στων,
227 2809 260 2840 ἃς
283 2809 391 2842 ἀνάγκη
409 2808 454 2834 τὸν
471 2808 567 2843 θνητὸν
584 2809 754 2842 περινοστεῖν
770 2808 845 2835 τόνδε
869 2808 914 2835 κό-

130 2863 210 2889 σμον·
224 2854 292 2880 ἀλλὰ
306 2854 353 2879 καὶ
382 2853 437 2879 τῶν
452 2853 577 2879 ἐνταυθοῖ
592 2853 684 2880 καλῶν
702 2853 913 2887 ὀνομαζομένων

130 2900 220 2936 πολλῷ
237 2900 400 2934 κρειττόνων
414 2900 558 2934 τετύχηκε.
586 2900 627 2926 Τὰ
652 2901 705 2935 γὰρ
725 2902 782 2927 ἐκεῖ
799 2900 869 2927 καλά
882 2908 911 2926 τε

248 2948 381 2978 Ριτιιυι..
402 2947 460 2977 Gn.
483 2947 579 2977 CLVI.

961 2305 1028 2332 nihil
1042 2305 1175 2339 ejusmodi
1193 2307 1294 2334 evenit.
1312 2306 1378 2333 Nam
1396 2307 1459 2342 quid
1476 2308 1513 2335 rei
1528 2308 1665 2343 possimus
1679 2319 1745 2338 cor.-

960 2351 1048 2385 sequi,
1066 2356 1095 2379 ut
1113 2351 1179 2379 illud
1195 2353 1252 2380 viro
1283 2353 1411 2387 praestet?
1435 2353 1531 2388 Liquet
1552 2356 1663 2383 omnino
1688 2365 1744 2384 non

960 2404 1040 2432 posse
1065 2397 1225 2432 quidquam.
1253 2398 1394 2431 Quomodo
1420 2399 1502 2432 enim,
1528 2407 1588 2427 cum
1616 2402 1683 2429 nihil
1711 2404 1746 2431 sit

963 2442 1036 2469 tale?
1052 2442 1086 2469 At
1107 2450 1194 2478 neque
1210 2444 1287 2470 triste
1303 2443 1367 2478 quid
1385 2443 1423 2470 illi
1439 2444 1580 2477 acciderit,
1595 2446 1641 2480 qui
1657 2447 1746 2475 factus

962 2487 996 2514 sit
1009 2487 1145 2522 particeps
1162 2488 1376 2515 interminabilis
1394 2488 1466 2521 vitaz,
1492 2489 1639 2526 gloriaque
1658 2498 1685 2520 et
1697 2501 1746 2520 vo—

961 2532 1083 2567 luptatis,
1112 2541 1172 2568 qua:
1190 2534 1250 2560 vita:
1269 2533 1306 2560 illi
1325 2533 1502 2562 in-lel‘cctibili
1534 2544 1662 2572 congruae
1680 2538 1745 2566 sint.

942 2574 1046 2606 ~Nobis
1065 2584 1157 2606 autem
1172 2579 1219 2614 qui
1233 2585 1331 2613 corpus
1361 2581 1448 2607 adhuc
1460 2581 1630 2609 domicilium
1649 2583 1748 2610 habea-

950 2633 1035 2657 -mus,
1066 2626 1138 2659 quod
1152 2626 1229 2653 Plato
1240 2627 1359 2661 plurium
1378 2627 1512 2654 malorum
1527 2635 1638 2656 causam
1656 2631 1748 2664 appel-

963 2671 1041 2704 lavit,
1060 2679 1171 2700 necrsse
1197 2673 1232 2700 sit
1250 2673 1342 2700 multis
1355 2673 1489 2707 implicari
1510 2674 1600 2707 malis,
1617 2683 1632 2702 a
1648 2676 1748 2710 quibus

963 2717 1085 2745 defuncti
1096 2718 1197 2745 saeculo
1212 2722 1277 2746 sunt
1289 2719 1409 2746 liberati.

1000 2763 1102 2790 Nedum
1133 2772 1197 2799 erga
1212 2772 1227 2792 a
1243 2765 1376 2793 molestiis
1398 2765 1524 2800 plurimis
1542 2766 1673 2795 liberatus
1697 2772 1747 2802 est,

964 2817 1034 2844 quas
1052 2817 1163 2838 necesse
1183 2816 1224 2839 est
1249 2812 1380 2839 mundum
1399 2813 1470 2840 hunc
1487 2814 1689 2849 corruptibilem
1702 2815 1750 2842 οὺς

966 2856 1069 2890 vagari,
1088 2857 1134 2884 sed
1159 2863 1185 2884 et
1198 2857 1267 2884 bona
1301 2859 1401 2885 nostris
1425 2859 1463 2886 sic
1487 2860 1650 2892 nuncupatis
1671 2861 1751 2895 longe

966 2902 1072 2936 potiora
1083 2902 1196 2938 adeptus
1206 2909 1255 2932 est.
1269 2903 1334 2937 Quae
1358 2905 1429 2933 enim
1445 2913 1502 2933 tero
1515 2907 1560 2933 illo
1568 2906 1679 2941 pulchra
1688 2912 1751 2934 sunt

1518 2952 1552 2982 10
