1938 3083
189 148 242 179 299

786 150 985 181 MANUELIS
1009 150 1235 182 PALIEOIDGI

1766 152 1820 184 300

190 217 221 235 ac
239 208 307 235 bona
338 212 414 235 tanto
439 207 542 235 nostris
569 206 738 242 praecellunt,
769 213 872 242 quanto
889 209 975 236 incor-

1033 210 1078 236 καὶ
1099 209 1189 244 ἀγαθὰ
1217 208 1340 244 τοσούτῳ
1370 208 1484 245 προῦχει
1510 209 1566 236 τῶν
1591 208 1729 242 ἐνταυθοῖ,
1757 210 1821 236 ὅσον

190 255 329 291 Iuptibilia
358 254 524 289 corruptioni
553 251 695 282 obnoxiis:
727 259 886 290 tantumque
912 255 978 283 illud

190 301 502 333 a-ttbommdiscrimen,
521 305 550 328 ut
565 307 653 337 neque
664 301 756 335 lingua
772 301 862 329 doceri
871 305 978 337 possit:

189 354 309 377 mentem
324 355 433 383 quoque
450 348 526 374 carni
540 348 677 382 alligatam
692 348 768 375 intus
784 348 926 375 cadentem
946 355 979 375 ac

190 397 289 424 victam
306 395 437 422 ostendit.
458 394 510 421 Sed
527 399 555 421 et
569 402 602 422 eo
617 402 727 429 quoque
745 394 808 421 vita:
823 394 896 421 illius
911 393 979 421 deli-

189 444 238 472 οἰκ
252 446 391 477 praestant,
407 440 479 476 quod
498 448 512 466 a
527 445 620 469 nostra
642 441 685 468 illa
697 440 814 468 colluvie
825 448 900 475 parte
911 440 976 467 sint.

191 490 242 519 llic
257 490 330 517 cnim
343 496 376 515 ne
389 487 502 515 minima
525 488 637 522 quidem
658 487 753 515 lmtitia
770 490 822 518 est,
842 488 875 513 ad
891 493 978 521 usque

191 539 272 564 linem
294 535 426 569 omnique
447 541 559 569 prorsus
587 533 785 569 injucunditate
816 540 917 560 vacans
946 539 979 560 ac

191 585 328 611 molestia.
360 583 449 616 Atque
465 581 532 608 adeo
548 585 577 608 ut
602 580 749 615 diligenter
763 583 868 607 tantum
884 578 977 606 consi-

189 632 331 661 deremus,
361 628 475 663 liquebit
498 627 588 662 plane,
606 631 635 653 ut
666 626 807 652 molestior
821 633 884 660 pars
896 633 979 660 snpe-

190 677 246 703 rior
263 676 308 703 sit.
325 674 397 707 Quin
427 679 452 700 ct
469 672 538 700 illud
565 671 645 699 nobis
677 671 788 699 cumulo
814 671 978 698 incumbens

189 724 304 754 malum,
316 722 396 754 longe
413 719 575 747 maestitiam
603 718 789 746 molestiorem
806 717 882 744 facit.
903 716 976 744 Prm-

189 770 275 797 srntis
286 769 387 803 quippe
398 767 449 794 :evi
466 766 567 799 tristia,
582 765 700 792 maximo
709 765 761 792 hoc
769 764 873 792 obrutis
881 763 976 796 ﬂuctu,

190 815 283 842 multis
295 814 419 849 partibus
433 813 560 848 graviora
572 812 658 838 ﬁunt:
675 811 788 846 ipsaque
804 809 883 842 adeo,
893 810 915 837 si
925 817 978 844 qua

186 863 261 889 bona
285 868 317 887 ac
344 859 435 886 dulcia
464 860 586 885 luimano
612 864 664 884 usu
687 859 890 890 nuncupantur,
901 862 936 882 ne
950 853 978 881 id

1031 255 1154 282 ἀθάνατα
1171 255 1288 291 θνητῶν.
1315 255 1370 282 Καὶ
1393 256 1451 282 τοῖν
1473 255 1546 282 δυοῖν
1566 255 1596 282 τὸ
1611 255 1742 290 διάφορον
1757 255 1820 282 οὔτε

1031 301 1139 338 γλώττῃ
1168 300 1317 334 διδακτὸν,
1346 301 1408 329 νοῦν
1435 310 1465 328 τε
1500 302 1583 337 σαρκὶ
1612 301 1818 336 δεσμούμενον,

1030 348 1097 375 εἵσω
1120 349 1257 375 πίπτοντα
1275 348 1410 376 δείκνυσι.
1437 349 1603 375 Πλεουεκτεί
1617 346 1646 374 δὲ
1663 346 1715 374 κὰν
1730 347 1819 383 τούτῳ

1029 394 1064 420 τὰ
1076 394 1124 429 τῆς
1137 394 1316 426 ἀπολαύσεως
1331 394 1381 429 τῆς
1398 394 1466 427 ἐκεῖ,
1478 395 1519 420 ὅτι
1534 394 1694 421 παντάπασι
1709 393 1819 429 καθαρὰ

1032 440 1086 466 τῶν
1113 440 1257 476 ἡμετέρων
1284 442 1400 467 τουτωνὶ
1428 439 1583 476 συρφετῶν.
1614 439 1747 467 Ἑνταῦοα
1762 439 1819 475 γὰρ

1030 485 1084 513 οὐδ’
1101 485 1191 513 ὁτιοῦν
1210 486 1269 512 ἐστι
1283 486 1336 514 τῶν
1351 487 1392 518 εἰς
1406 485 1580 521 εὐφροσύνην
1602 485 1646 512 διὰ
1661 485 1754 516 τέλους
1770 493 1818 511 κα-

1030 532 1146 568 θαρεῦον
1167 533 1276 568 ἀηδίας.
1301 531 1391 560 Μόνον
1416 533 1471 568 γὰρ
1493 531 1540 560 οὖν
1567 531 1715 559 σκοποῦσιν
1733 532 1816 566 ἀκρι-

1029 580 1169 615 ϐέστερον,
1186 581 1421 616 ὲπικρατέστερον
1437 579 1616 615 εὑρεθήσεται
1636 579 1667 606 τὸ
1688 579 1819 614 δυσχερέ-

1031 635 1128 662 στερον
1145 626 1240 661 μέρος.
1267 627 1349 654 Ἀλλὰ
1374 627 1428 662 μὴν
1442 627 1490 653 καὶ
1506 627 1579 653 τοῦθ’
1597 627 1663 661 ἡμῖν
1679 626 1818 652 ἐπίκειται

1029 673 1059 699 τὸ
1078 672 1173 707 δεινὰν,
1199 673 1397 708 χαλεπωτέραν
1421 673 1522 708 κομιδῆ
1546 673 1596 708 τὴν
1616 671 1738 707 ἀθυμίαν
1756 679 1818 697 ποι-

1029 716 1086 743 οῦν.
1105 717 1146 743 Τά
1167 725 1197 744 τε
1224 717 1279 752 γὰρ
1295 718 1396 753 ἀνιαρὰ
1410 717 1457 744 τοῦ
1474 718 1610 752 παρόντος
1629 717 1687 752 βίου
1703 716 1771 743 πολύ
1790 725 1817 743 τι

1030 764 1212 798 χαλεπώτερα
1229 764 1364 798 γίγνεται,
1393 763 1620 799 βεϐαπτισμένοις
1636 765 1689 790 ὑπὸ
1704 764 1752 790 τοῦ
1769 772 1817 799 με-

1029 809 1123 843 γίστου
1147 809 1269 845 κύματος
1294 810 1390 837 τούτου
1404 818 1410 825 ’
1435 810 1484 837 καὶ
1511 810 1528 837 ἃ
1550 810 1622 837 καλά
1638 819 1669 837 τι
1687 811 1735 839 καὶ
1749 810 1816 845 ἡδέα

1031 857 1295 891 προσαγορεύομεν,
1315 856 1375 884 οὐδὲ
1401 857 1468 891 γοῦν
1491 857 1529 889 ὡς
1551 857 1608 892 ἔχει
1640 856 1750 891 φύσεως
1776 857 1816 883 ἑτι

189 908 299 942 quidem
321 905 392 940 quod
424 905 524 931 habent
548 907 663 934 natura,
693 902 811 937 amplius
838 901 975 928 videntur.

1031 903 1168 936 φαίνεται.
1191 902 1288 929 Καίτοι
1313 903 1340 930 τί
1361 904 1408 929 καὶ
1437 891 1584 938 μέμνημαι
1611 904 1704 930 καλῶν
1725 912 1755 930 τε
1770 902 1816 929 καὶ

189 954 350 987 Quanquam
363 972 371 983 .
391 950 455 986 quid
472 950 607 977 bonorum
623 949 733 975 memini
749 952 830 983 atque
842 947 976 980 dulcium,

188 999 302 1035 quando
319 999 352 1026 iis
369 1005 493 1033 quoque,
511 1004 571 1031 qua:
588 995 703 1023 delicias
729 995 858 1028 habeant,
874 995 979 1028 absque

190 1047 276 1073 beata:
302 1044 440 1072 memoriae
462 1043 521 1070 viro
545 1041 611 1074 frui,
643 1041 745 1068 malum
760 1045 803 1068 est
819 1048 872 1067 non
889 1040 980 1078 feren-

189 1093 269 1125 dum;
302 1095 386 1125 utque
419 1089 460 1116 vel
479 1088 530 1116 bos
555 1086 648 1115 radios
671 1087 758 1120 dicas,
785 1093 904 1122 quorum
932 1086 979 1113 ille

187 1146 272 1167 usura
301 1137 425 1172 privatus
452 1135 497 1162 sit.
514 1133 567 1162 Sed
585 1141 636 1161 nec
653 1133 726 1161 bona
752 1132 888 1166 valetudo,
904 1139 937 1159 ac
953 1131 977 1160 si

187 1193 241 1221 qua
255 1188 319 1212 sunt
331 1190 379 1219 per
391 1189 420 1210 se
434 1182 518 1213 bona,
528 1180 619 1216 magni
629 1180 758 1215 deinceps
772 1187 786 1206 a
799 1179 877 1206 nobis
889 1178 953 1206 ﬁant
967 1186 975 1206 :

175 1231 328 1268 'quomodo
350 1229 435 1261 enim.
465 1227 565 1263 quibus
582 1233 617 1254 ne
645 1226 735 1261 ipsum
759 1225 869 1260 quidem
886 1225 977 1252 vivere

186 1285 303 1314 prorsus
330 1276 455 1304 videatur
472 1273 601 1302 bonum?
625 1273 703 1306 Quod
720 1272 792 1299 enim
807 1279 904 1299 eorum
922 1272 978 1299 sint

187 1327 314 1360 separata
328 1329 454 1357 corpora,
471 1327 588 1355 quorum
602 1318 777 1353 inseparabili
792 1317 901 1345 vinculo
915 1317 975 1344 ani-

1026 948 1124 984 ὴδέων,
1148 948 1222 976 ὁπότ’
1247 949 1303 975 οὐδ’
1322 949 1435 976 ἀνεκτόν
1465 950 1524 976 ἔστι
1548 950 1602 976 τῶν
1632 949 1816 976 ἀπολαυστῶν

1027 995 1175 1021 ἀπολαύειν
1193 995 1259 1022 ἄνευ
1277 997 1384 1022 ἐκείνου
1405 996 1452 1023 τοῦ
1480 996 1647 1031 μακαρίτου,
1672 996 1733 1023 οὐδὲ
1748 1005 1815 1022 ταυ-

1025 1041 1091 1076 τησὶ
1105 1041 1155 1076 τῆς
1168 1042 1290 1074 ἀκτῖνος,
1310 1037 1422 1078 ἧστινος
1436 1043 1540 1074 ἐκεῖνος
1555 1043 1701 1078 ἐστέρηται
1713 1051 1721 1076 ;
1745 1042 1816 1069 Ἀλλ’

1026 1087 1132 1114 οὐδὲτὸ
1151 1088 1292 1121 εὑεκτεῖν,
1311 1089 1362 1115 καὶ
1389 1089 1439 1116 ὅσα
1464 1089 1526 1115 καθ’
1548 1089 1620 1116 αὐτὰ
1645 1088 1726 1121 καλὰ,
1750 1088 1816 1124 περὶ

1028 1135 1158 1161 πλείστου
1181 1134 1281 1168 γένοιτ’
1299 1135 1331 1162 ἂν
1346 1137 1412 1170 ἡμῖν
1428 1135 1478 1162 ἔτι.
1495 1135 1599 1168 Πόοενς
1620 1133 1668 1167 οἷς
1694 1143 1726 1170 γε
1753 1135 1817 1170 μηδ’

1028 1181 1096 1206 αὐτὸ
1110 1181 1140 1207 τὺ
1155 1181 1204 1216 ζῇν
1229 1181 1332 1215 ἀγαθὸν
1348 1182 1415 1213 ὅλως
1436 1183 1572 1216 φαίνεται.
1598 1181 1635 1208 Τδ
1657 1181 1711 1217 γὰρ
1729 1189 1817 1215 κεχω-

1029 1225 1122 1262 ρίσθαι
1146 1227 1179 1253 τὰ
1197 1227 1324 1263 σώματα,
1349 1223 1388 1255 ὧν
1405 1228 1434 1255 αἱ
1459 1228 1545 1263 ψυχαὶ
1561 1226 1722 1262 ἀχώριστοι,
1741 1225 1818 1252 οὐδὲν

1029 1272 1060 1307 ἐᾷ
1073 1271 1127 1298 τῶν
1142 1272 1266 1306 τερπνῶν
1282 1272 1410 1308 καθαρῶς
1423 1273 1451 1300 ὲν
1467 1272 1506 1308 τῷ
1517 1272 1699 1308 καθεστηκότι
1712 1271 1815 1306 μένειν,

1029 1317 1076 1344 καὶ
1092 1318 1167 1345 τοῦθ’
1183 1319 1197 1345 ό
1213 1319 1322 1354 λέγεται
1336 1320 1454 1355 τερπνὸν
1467 1319 1506 1346 ἔτι
1521 1319 1674 1354 κρίνεσθαι.
1688 1351 1694 1356 ⁸

187 1372 224 1400 mi
239 1370 327 1406 juncti
347 1372 451 1401 essent,
477 1366 583 1395 nullum
599 1365 758 1410 delectabile
778 1364 891 1392 omnino
908 1368 1035 1392 constare
1062 1364 1138 1398 sinit,
1152 1370 1236 1401 utque
1268 1365 1360 1394 adhuc
1388 1366 1461 1401 quod
1485 1367 1596 1400 dicitur,
1627 1366 1715 1400 reipsa
1742 1365 1815 1395 dele-

186 1417 287 1446 ctabile
302 1419 421 1451 putetur.

223 1464 264 1492 Illi
280 1463 389 1498 quidem
402 1461 485 1489 multa
495 1460 578 1496 pedes
591 1460 725 1496 gravitate
739 1460 822 1488 sociis
841 1459 971 1496 martyri-

187 1511 240 1540 bus
256 1510 356 1537 cboros
371 1509 482 1540 ducent,
496 1507 544 1540 qui
559 1514 649 1542 neque
666 1507 709 1534 hic
725 1507 849 1534 incedere
864 1511 974 1542 poterat

1064 1457 1148 1494 Αὑτῷ
1172 1457 1222 1494 μὲν
1250 1452 1298 1485 οὖν
1323 1457 1347 1484 οἱ
1375 1457 1454 1490 πόδες
1481 1457 1644 1494 χορεῦσουσι
1669 1458 1739 1493 μετὰ
1762 1457 1818 1485 τῶν

1029 1504 1180 1541 μαρτύρων
1201 1505 1309 1540 σεμνῶς
1330 1504 1411 1539 ἄγαν,
1436 1505 1476 1540 τῷ
1495 1505 1563 1540 μηδὲ
1586 1504 1706 1540 βαδίζειν
1721 1504 1816 1532 ἐνθάδε

187 1558 234 1585 ubi
249 1556 363 1584 morbus
371 1555 544 1584 obtinuisset.
560 1553 635 1581 Mitto
644 1554 717 1581 enim
731 1553 824 1581 direre
837 1553 898 1589 ejus
912 1554 975 1581 illos

1028 1552 1172 1585 δύνασθαι,
1192 1551 1263 1586 μετὰ
1287 1551 1318 1578 τὸ
1343 1551 1392 1587 τὴν
1417 1551 1495 1578 νόσον
1522 1551 1736 1587 κεκρατηκέναι.
1761 1551 1815 1577 Ἐὦ

187 1611 237 1639 pro
253 1603 354 1630 virtute
369 1599 477 1633 cursus,
491 1600 614 1636 quandiu
630 1599 744 1627 facultas
766 1604 825 1627 erat
846 1609 853 1628 :
870 1600 979 1635 eﬂulget

187 1657 252 1678 vero
277 1649 386 1676 animus
410 1648 509 1675 nedum
535 1651 648 1682 propter
664 1646 726 1673 ﬁdei
743 1645 830 1673 zelum
851 1654 858 1673 :
877 1646 978 1681 quippe

186 1698 212 1725 in
227 1703 260 1725 eo
280 1695 381 1723 multus
397 1694 523 1729 vigebat;
558 1697 701 1728 proptervc
735 1692 853 1727 pericula
879 1691 978 1727 quibus

185 1749 236 1774 pro
250 1744 330 1776 gente
355 1739 502 1767 defunctus
526 1738 561 1765 sit
576 1746 583 1765 :
603 1737 688 1765 multa
711 1737 844 1772 siquidem
861 1737 929 1764 obiit
945 1744 977 1765 ar.

185 1788 282 1814 crebra
297 1795 304 1813 :
322 1785 369 1814 sed
385 1785 447 1820 quia
462 1789 519 1812 toto
533 1784 614 1811 etiam
632 1791 747 1818 corpore
762 1791 777 1810 a
795 1784 858 1810 mali
871 1783 978 1811 acerbi.

186 1838 241 1861 tate
253 1833 313 1861 dire
327 1832 459 1864 lacerato,
471 1838 505 1858 ne
532 1831 646 1858 verbum
673 1829 780 1864 quidem
800 1833 830 1857 ut
848 1837 976 1864 magnum

185 1884 232 1906 aut
246 1886 360 1913 parvum
375 1877 462 1909 dicas,
480 1875 623 1911 degeneris
637 1875 750 1905 miserit,
766 1875 867 1903 indicio
879 1876 975 1908 animi,

183 1933 274 1961 quove
287 1928 429 1958 angustum
443 1927 538 1958 pectus
549 1921 676 1957 proderet
692 1927 794 1957 :atque
806 1924 886 1955 adeo,
902 1922 976 1958 quod

185 1979 240 1998 uon
257 1969 369 1996 multam
385 1968 497 1995 haberet
513 1968 662 2002 gratiarum
692 1967 840 2001 actionem,
863 1968 902 1996 uti
916 1968 974 2003 jam

185 2015 313 2051 superius
327 2015 416 2042 oratio
431 2014 561 2041 ostendit.
578 2013 761 2047 Quamobrem
779 2014 833 2046 ille,
851 2021 867 2042 a
893 2015 976 2050 ναίοις

186 2069 242 2090 stru
259 2062 291 2089 ad
305 2069 421 2089 coronas
431 2067 462 2088 ac
480 2060 691 2094 prmnia.atque
708 2067 723 2086 a
745 2060 928 2093 deterioribus
947 2065 974 2088 ct

184 2108 264 2135 ﬂuxis
291 2107 323 2134 azl
338 2108 441 2142 potiora
468 2113 499 2133 ac
515 2105 574 2133 sine
593 2109 666 2132 motu
696 2106 848 2133 constantia
864 2104 975 2133 vocatus

182 2154 235 2180 fuit
252 2162 259 2186 ;
277 2160 324 2180 nos
342 2158 433 2179 autent
450 2155 480 2178 ut
491 2155 518 2178 et
536 2154 599 2178 ante
616 2150 754 2184 dicebam,
769 2154 826 2179 toto
841 2151 972 2187 deinceps

186 2205 308 2234 tempore
322 2198 393 2226 tnale
410 2197 532 2224 habituri
549 2204 666 2230 sumus;
682 2198 729 2232 qui
745 2205 778 2226 eo
800 2198 911 2233 quidem
925 2206 972 2224 ca-

1033 1597 1090 1632 γὰρ
1102 1597 1193 1631 λέγειν
1210 1598 1272 1627 τοὺς
1286 1597 1355 1631 ὑπὲρ
1364 1596 1464 1632 ἀρετῆς
1476 1595 1608 1631 δρόμους,
1619 1596 1672 1628 ἕως
1686 1595 1751 1630 ὲεῆν
1768 1593 1814 1632 ἦν.

1037 1644 1203 1678 Ἀστράπτει
1220 1643 1249 1669 δὲ
1266 1643 1282 1678 ὴ
1301 1643 1376 1678 ψυχὴ
1405 1642 1436 1669 οὐ
1454 1643 1534 1677 μόνον
1549 1642 1594 1669 διὰ
1614 1642 1659 1668 τὸν
1676 1642 1747 1676 ὑπὲρ
1763 1642 1814 1677 τῆς

1031 1690 1149 1721 πίστεως
1165 1689 1256 1725 ζῆλον,
1279 1689 1363 1721 πολὺς
1383 1690 1437 1724 γὰρ
1455 1687 1490 1725 ἦν
1504 1689 1572 1724 παρ’
1588 1688 1673 1724 αὐτῷ,
1688 1689 1735 1715 καὶ
1749 1689 1814 1719 τοὺς

1029 1735 1100 1772 ὑπὲρ
1114 1735 1160 1763 τοῦ
1183 1735 1279 1770 γένους
1301 1735 1451 1769 κινδύνους,
1472 1733 1587 1767 πολλοὺς
1599 1735 1656 1772 γὰρ
1673 1735 1815 1773 ἀνεδέχετο

1029 1781 1076 1809 καὶ
1090 1782 1211 1814 πυκνούς
1221 1791 1228 1798 ·
1245 1781 1302 1809 ἀλλ’
1318 1781 1358 1808 ὅτι
1376 1783 1423 1809 καὶ
1437 1780 1483 1809 τοῦ
1499 1782 1626 1816 σώματος
1641 1780 1714 1817 αὗτῷ
1729 1789 1814 1808 κατα-

1027 1828 1194 1864 τεμνομένου
1206 1830 1238 1863 τῇ
1252 1827 1298 1855 τοῦ
1313 1828 1398 1855 κακοῦ
1412 1826 1568 1864 δριμύτητι,
1579 1827 1668 1861 οὐδὲν,
1681 1827 1713 1854 οὐ
1728 1827 1812 1863 μέγα,

1027 1874 1057 1901 οὗ
1071 1875 1187 1909 σμικρὴν
1203 1875 1280 1910 ῥῆμα
1290 1875 1448 1910 προήγαγεν
1463 1875 1585 1908 ἀγεννὲς,
1598 1874 1616 1910 ἢ
1630 1873 1814 1909 μικροψυχίαν

1028 1923 1196 1957 ὑποφαῖνον·
1224 1923 1326 1957 μᾶλλον
1349 1923 1377 1949 δὲ
1406 1923 1462 1949 οὐδ’
1482 1923 1587 1955 ὁτιοῦν,
1617 1922 1630 1949 δ
1653 1922 1691 1958 μὴ
1712 1922 1813 1957 πολλῆς

1027 1969 1112 2004 ἔγεμε
1133 1969 1182 2004 τῆς
1198 1969 1389 2004 εὐχαριστίας,
1404 1969 1442 2001 ὡς
1466 1971 1480 1996 ὀ
1495 1969 1572 2004 λόγος
1588 1968 1732 2004 προλαὸὼν
1746 1968 1814 1995 ἐδεμ

1027 2016 1082 2049 ξεν,
1098 2015 1176 2042 Ὠστ’
1203 2016 1308 2047 ἐκεῖνος
1334 2016 1365 2048 ἕξ
1390 2015 1504 2050 ἀγώνων
1526 2015 1595 2050 πρὸς
1619 2015 1771 2050 στεφάνους
1784 2024 1814 2041 τε

1025 2063 1073 2090 καὶ
1088 2062 1168 2097 γέρα,
1191 2061 1238 2088 καὶ
1255 2061 1308 2088 ὑπὸ
1321 2062 1376 2089 τῶν
1394 2061 1570 2098 φαυλοτέρων
1585 2070 1615 2088 τε
1629 2062 1677 2088 καὶ
1695 2061 1814 2097 ῥεόντων

1025 2109 1072 2135 ἐπὶ
1087 2110 1121 2134 τὰ
1141 2107 1258 2143 κρείττω
1271 2107 1319 2134 καὶ¹
1341 2108 1380 2143 μὴ
1394 2107 1545 2142 κινούμενα
1567 2108 1710 2143 κέκληταιο
1729 2107 1810 2142 ἡμεῖς

1024 2155 1052 2181 δὲ
1071 2155 1136 2189 ἄρα,
1152 2154 1190 2185 ὡς
1211 2144 1243 2189 δὴ
1264 2154 1312 2180 καὶ
1329 2153 1464 2189 προῠφην,
1493 2153 1538 2180 τόν
1567 2161 1598 2187 γε
1622 2153 1685 2187 ἑξῆς
1702 2153 1813 2180 ἅπαντα

1025 2200 1120 2235 χρόνον
1146 2198 1240 2230 κακῶς
1258 2199 1468 2234 διακεισόμείνν
1485 2198 1665 2234 ἐστερημένοι
1689 2198 1738 2232 μὲν
1760 2197 1812 2224 αὺ-

183 2253 306 2277 reamus,
321 2252 401 2280 quem
419 2244 495 2272 nullo
508 2243 562 2271 alio
576 2251 701 2272 essemus
718 2245 885 2279 redemptori
899 2253 906 2276 ;
925 2252 969 2271 ca-

1028 2245 1080 2279 ιοῦ,
1096 2245 1125 2272 ὃν
1152 2244 1186 2271 ἂν
1211 2244 1258 2271 τοῦ
1293 2245 1394 2275 παντός
1417 2244 1612 2279 ὴλλαξόμεῦα,
1633 2243 1812 2278 ἐστερημένοι

181 2299 293 2320 remnus
304 2298 369 2318 vero
387 2290 422 2318 iis
434 2297 545 2325 quoque
562 2289 654 2322 bonis,
675 2297 795 2324 quorum
812 2290 858 2316 ille
875 2295 972 2316 auctor

183 2342 269 2368 esset,
293 2344 346 2372 qua
365 2336 492 2371 praebens
507 2334 540 2362 ad
560 2334 648 2362 instar
665 2335 761 2368 fontis,
780 2335 826 2370 qui
844 2342 971 2362 nonnun-

183 2392 265 2420 quam
280 2383 427 2411 consulens
439 2389 487 2410 scu
501 2381 575 2409 omni
590 2381 672 2408 modo
690 2382 847 2416 providens.

222 2429 368 2456 Enimvero
383 2429 471 2455 sentio
484 2427 555 2454 haud
573 2435 637 2454 sane
649 2428 820 2455 conclusisse
835 2435 841 2454 :
857 2435 970 2462 vosque,

180 2483 246 2503 cum
271 2482 391 2510 praesens
407 2474 564 2502 auditorum
584 2481 697 2506 corona,
715 2479 770 2500 tum
792 2474 815 2501 si
835 2474 881 2508 qui
903 2474 972 2502 forte

184 2529 299 2556 nsquam
323 2521 430 2548 huncce
457 2520 689 2547 commentarium
711 2520 806 2547 lecturi
831 2520 908 2552 estis,
925 2528 971 2547 ve-

180 2568 256 2595 niant
273 2566 356 2594 errati
374 2573 452 2601 rogo.
471 2565 536 2600 Ejus
560 2565 654 2594 forsan
671 2566 751 2593 dolor
767 2566 793 2593 in
812 2574 893 2593 causa
910 2566 971 2598 fuit,

182 2614 227 2648 qui
246 2614 414 2641 ltebeliorem
431 2613 556 2640 molestia
568 2612 690 2640 animum
709 2613 814 2640 fecerit.
827 2613 969 2646 Quodnam

180 2668 247 2688 vero
271 2660 336 2687 illud
357 2659 504 2687 erratum?
527 2659 587 2686 Jatn
608 2667 669 2686 sum
685 2658 818 2686 dicturus.
838 2659 970 2686 Nimirum

181 2707 370 2742 pronuntiavi,
383 2708 471 2733 virum
488 2706 567 2734 nobis
582 2707 715 2741 optimum
729 2714 760 2733 ac
774 2706 874 2733 eximie
885 2706 971 2732 dilec-

180 2757 250 2785 tum,
263 2753 375 2779 omnino
387 2752 588 2780 immortalibus
601 2753 680 2779 bonis
690 2757 815 2786 opm'tere
828 2754 969 2779 donatum.

179 2798 209 2825 ld
225 2798 306 2833 plane
324 2806 431 2828 verum.
457 2799 504 2826 Sic
519 2800 591 2826 cnim
612 2799 756 2833 probatum
771 2799 890 2825 arbitror
911 2806 970 2825 eam

177 2852 254 2879 spem
271 2845 380 2872 decere.
400 2845 455 2872 Nos
480 2850 584 2876 autem,
607 2844 695 2879 ipsius
709 2844 845 2878 jacturam
863 2852 970 2878 [138308,

176 2891 225 2927 qui
241 2892 427 2920 maximorum
443 2896 526 2927 atque
542 2891 660 2926 plurium
676 2891 755 2919 nobis
768 2891 903 2919 bonorum
923 2899 972 2918 au-

1025 2291 1053 2317 δὲ
1072 2289 1189 2317 καὶτῶν
1207 2289 1328 2324 ἀγαθῶν,
1344 2286 1381 2316 ὧν
1397 2289 1484 2321 αἴτιος
1509 2287 1543 2325 ἢν
1568 2289 1681 2319 ἐκεῖνος,
1704 2289 1737 2314 τὰ
1763 2289 1812 2322 μὲν

1023 2336 1111 2367 διδοὺς
1133 2336 1171 2367 ὡς
1196 2335 1250 2362 ἀπὸ
1279 2335 1383 2370 πηγῆς,
1398 2334 1433 2362 τὰ
1448 2334 1477 2361 δέ
1502 2343 1553 2361 που
1580 2333 1809 2368 συμὸουλεύωνῆ

1024 2384 1225 2418 προνοούμενος
1243 2382 1353 2408 ἅπαντα
1367 2382 1480 2416 τρόπον.

1067 2428 1148 2454 Ἀλλὰ
1168 2427 1224 2462 γὰρ
1246 2427 1413 2462 αἰσθάνομαι
1436 2427 1487 2462 οὐχ
1503 2427 1587 2461 ὑγιῶς
1610 2429 1810 2463 συμπερᾱινιςο

1025 2474 1073 2501 καὶ
1083 2474 1142 2500 δότε
1160 2482 1206 2508 μοι
1219 2473 1386 2508 συγγνώμην
1402 2473 1574 2508 ἡμαρτηκότι
1591 2474 1618 2501 οἵ
1629 2482 1660 2500 τε
1676 2475 1810 2508 παρόντες

1022 2521 1170 2556 ἀκροαταὶ,
1187 2521 1235 2547 καὶ
1253 2521 1277 2546 οἱ
1300 2520 1339 2554 τῷ
1357 2521 1556 2555 συγγράμματι
1572 2522 1659 2556 τούτῳ
1692 2521 1808 2554 ὁπουδή-

1025 2575 1091 2593 ποτε
1106 2567 1187 2601 τυχὸν
1209 2566 1409 2601 ὲντευξόμενοι.
1423 2566 1501 2597 Ἴσως
1517 2575 1562 2601 μοι
1580 2567 1611 2593 τὺ
1630 2567 1716 2599 πάθος
1731 2567 1810 2593 τοῦτο

1024 2613 1220 2648 προύξένησεν,
1238 2614 1428 2648 ἐργασάμενον
1440 2613 1614 2648 ἀμὸλύτερον
1627 2614 1672 2640 τὸν
1690 2613 1762 2640 νοῦν.
1776 2613 1810 2639 Τί

1023 2659 1097 2686 δὲτὸ
1117 2660 1291 2694 tuamque;
1320 2660 1390 2695 Ἤδη
1412 2661 1492 2692 λέξω,
1516 2660 1714 2696 ’Δπεφηνάμην
1737 2659 1807 2687 εἶναι

1022 2706 1078 2732 δεῖν
1094 2706 1140 2732 τὸν
1160 2706 1271 2742 ἄριστον
1296 2707 1362 2741 ήμῐν
1387 2708 1435 2734 καὶ
1455 2707 1640 2742 διαφερόντως
1657 2707 1809 2742 πεφιλημέ-

1024 2759 1069 2777 νον
1093 2752 1123 2778 ἐν
1146 2752 1257 2786 ἀγαθοῖς
1273 2753 1434 2788 ἀκηράτοις·
1449 2753 1521 2780 τοῦτ’
1532 2754 1644 2788 ἀληθὲς·
1661 2753 1733 2780 οὕτω
1751 2753 1806 2790 γὰρ

1023 2798 1146 2829 ἐλπίζειν
1169 2800 1320 2834 προσήκειν
1349 2797 1426 2834 οἶμαι
1456 2800 1606 2835 δεδεῖχθαυ
1633 2801 1706 2835 ὑμᾶς
1733 2800 1755 2827 δ’
1776 2801 1807 2828 ιν

1023 2844 1122 2876 λύπαις
1145 2845 1190 2871 τὸν
1206 2846 1295 2872 πάντα
1319 2846 1427 2880 χρόνον,
1455 2847 1536 2873 αὐτόν
1552 2856 1583 2881 γε
1600 2848 1684 2882 δήπου
1703 2848 1810 2882 ζημιου-

1023 2890 1131 2923 οέντας,
1146 2891 1174 2922 ὃς
1189 2889 1222 2926 ἦν
1239 2893 1323 2923 αἴτιος
1340 2892 1416 2927 ὑμῖν,
1439 2894 1484 2919 καὶ
1501 2891 1535 2928 ἧν
1547 2893 1590 2926 ἂν,
1607 2895 1676 2927 εἴγε
1694 2893 1807 2929 περιῆν,
