1938 3083
95 174 149 204 ῖῖὓῖι

478 177 676 207 THEODORI
701 176 881 207 DESPOTE
897 177 1093 207 LAUDATIO
1115 176 1318 207 FUNEBRIS.

1670 172 1737 202 ﬁﬂﬁ‘

96 232 308 266 ἀπαλλαγέντας
324 232 431 260 τούτων
438 235 541 268 τυχεῖν,
556 234 610 270 πρὸ
625 234 671 261 τοῦ
687 234 760 267 τινὸς
777 235 833 262 τῶν
848 235 903 264 εί-.

956 233 1040 260 ientes
1058 241 1088 260 ea
1115 233 1260 268 consequi,
1292 231 1373 259 nullis
1401 231 1534 258 hactenus
1549 229 1725 264 prmfatornm

99 280 228 314 ρημὲνων
251 280 410 314 μετασχεῖν,
425 281 473 315 τῆς
488 281 618 315 δευτέρας
632 280 741 313 πάντως
756 281 789 308 ἂν
803 282 884 316 γενή-

99 324 181 351 σεσθε
204 326 312 360 μοίρας.
336 326 418 352 κάκεῖ
436 327 491 353 τῶν
514 327 577 362 τῇδε
594 327 804 363 προκρίναντες.
823 327 886 358 Πῶς

98 370 146 397 οὖν
160 371 191 397 οὐ
208 371 384 398 παντάπασιν
399 372 510 405 ἄτοπον,
528 375 551 399 εί
569 373 640 407 ἆπερ
665 373 780 404 ἕκαστος
796 373 886 407 ἐαυτῷ

101 416 240 451 βούλεται,
264 416 352 443 ταῦτα
375 418 414 451 μὴ
439 418 510 453 ὑπὲρ
541 419 596 445 τῶν
619 419 705 453 φίλων
728 419 885 453 θελήσειενς

107 464 308 499 Ἐνθυμώμεθα
330 464 359 490 δὲ
375 464 503 491 κάκεῖνο·
530 465 554 491 εί
568 466 600 492 ὲκ
624 465 671 492 τοῦ
688 466 791 500 σφόδρα
812 465 888 492 τόνδε

101 509 236 544 φιλεῖσθαι
254 510 320 545 παρ’
345 511 435 546 ἡμῶν,
461 511 625 544 ἀπελθόντος
652 512 816 547 ὀδυρόμεθα,
841 512 888 538 καὶ

101 556 151 590 τὴν
168 555 339 591 ζωὴν¹χείρω
357 557 517 591 νομίζομεν,
538 557 553 592 ἢ
571 559 595 584 εἰ
618 558 744 589 θανόντες
766 557 890 592 ἀπηλλά-

102 601 201 635 ξαμεν,
221 601 364 636 πρόδηλον,
377 602 417 628 ὅτι
434 603 560 634 κάκεῖνος
575 603 661 637 φιλῶν
679 603 762 638 ἡμᾶς,
778 603 890 638 φίλτρον

102 646 239 681 μηδαμῶς
255 647 367 674 ἔλαττον
381 648 489 674 τουτουῖ
504 648 551 674 τοῦ
570 649 635 683 παρ’
647 648 724 683 ἡμῶν
740 649 808 683 πρὸς
822 649 892 675 ἐκεῖ-

102 702 161 724 νον,
186 693 236 727 τὴν
258 693 389 728 ταχίστην
416 694 449 720 ἂν
478 695 624 728 ἠγάπησεν
648 695 788 727 ἀπελθεῖν,
811 695 891 730 ἡμῶν

103 739 210 764 ἐκείνου
227 739 465 774 προαπελθόντιιιν.
482 741 536 767 Καὶ
556 741 630 776 μάλα
645 741 769 772 εἰκότως.
787 741 818 767 Ei.
837 741 891 775 γὰρ

104 782 138 819 ἦν
152 785 220 819 ἡμῖν
235 785 326 820 εὑρεῖν
345 786 522 822 πτραμυθίαν
536 788 587 822 τῆς
602 787 702 821 λύπης,
726 787 845 822 κάκείνῳ
860 787 892 813 ἂν

105 832 228 864 γένοιτο·
241 832 265 858 εἱ
281 832 331 867 οὑχ
354 830 411 858 οἷόν
435 842 463 860 τε
479 834 557 868 ἡμῖν,
583 833 639 860 οὐδ’
654 834 752 868 ἐκείνῳ
784 834 893 865 πάντως

106 877 140 904 ἂν
160 875 206 913 ἦν.

142 947 180 973 Τὸ
197 947 246 977 μὲν
270 947 316 975 οὖν
334 948 468 984 ἑπόμενον
490 950 546 981 τοῖς
569 950 727 985 εἰρημένοις
751 949 839 980 ἔστιν.
853 949 891 981 ὡς

108 994 161 1028 ἄρα
174 995 298 1029 κρεῖττον
311 995 440 1022 ἀπελθεῖν
453 997 506 1030 πρὸ
514 996 570 1022 τῶν
581 995 789 1031 φιλουμένων,ἥ
803 995 894 1027 ζῶντα

108 1040 212 1066 τούτων
224 1041 379 1075 στερεῖσθαι
392 1042 425 1074 τῇ
446 1041 612 1075 μεταστάσει
630 1040 684 1066 τῶν
695 1040 770 1075 τῇδε.
788 1040 859 1073 Ἐγὼ
872 1039 895 1067 δ’

109 1084 157 1112 οὖν
169 1086 245 1121 ὅμως
258 1087 398 1122 χρήσομαι
414 1087 591 1121 μετριωτέρῳ
604 1086 644 1121 τῷ
656 1086 738 1120 λόγῳ.
753 1086 827 1120 Φημὶ
839 1083 897 1117 οὖν,

109 1134 147 1165 ὡς
163 1133 190 1160 εῖ
205 1142 249 1164 τις
271 1134 340 1168 ἡμῖν
363 1133 481 1167 κάκείνῳ
500 1132 657 1167 προῦθηκεν
684 1132 800 1167 αἵρεσιν,
825 1132 899 1166 ἡμᾶς

110 1180 220 1207 ἐκείνου
244 1179 471 1214 προαπελθεῖν,ἢ
494 1179 658 1211 τούναντίον,
681 1178 760 1213 ἡμῶν
783 1179 898 1210 ἐκεῖνον,

112 1225 242 1253 ὑπόθεσιν
254 1225 405 1261 παρέσχε-τ’
419 1225 452 1252 ἂν
468 1225 647 1260 ἀμφοτέροις,
662 1225 693 1252 οὔ
711 1224 808 1260 ῥᾳδίαν
822 1224 900 1260 ἐχου-

113 1281 164 1299 σαν
178 1272 281 1306 κρίσιν.
307 1272 369 1298 Είτε
401 1271 454 1305 γὰρ
472 1271 556 1298 καλὸν
577 1274 608 1298 τὸ
629 1273 690 1306 ζῇν,
713 1271 780 1298 ἀλλὰ
804 1271 833 1297 τὸ
851 1270 900 1297 σὺν

115 1319 187 1354 λύπῃ
200 1320 320 1354 διηνεκεῖ
338 1320 514 1346 παντάπασιν
543 1319 698 1353 ἀφόρητον·
719 1318 774 1345 εἴτε
805 1319 900 1344 ἐπιθυο

117 1366 204 1401 μητδν
217 1364 394 1401 ἀπηλλάχθαι
405 1364 461 1392 τῶν
475 1365 646 1396 λυπούντων,
663 1364 732 1391 ἀλλὰ
747 1364 777 1390 τὸ
791 1364 837 1390 διὰ
853 1364 901 1390 θα-

116 1413 207 1445 νάτου,
225 1412 288 1446 δνγε
303 1411 439 1447 πέφρικεν
454 1411 526 1442 ἆπας
548 1411 703 1446 ἄνθρωπος,
720 1409 750 1437 οὔ
769 1419 813 1445 μοι
827 1411 902 1438 δοκεῖ

119 1459 209 1494 ῥᾴδιον
236 1456 307 1485 εἶναι
331 1458 455 1492 θελῆσαι.
481 1457 526 1488 Ὠς
547 1455 594 1484 οὖν
619 1456 703 1491 μηδὲν
727 1456 854 1492 εὔκριτον
872 1456 902 1483 ὃν

119 1505 185 1539 ἡμῖν
197 1505 260 1540 περὶ
275 1504 378 1531 τούτων
388 1504 478 1538 εὑρεῖν
494 1502 605 1538 ζητοῦσι
620 1503 649 1530 τὸ
661 1503 776 1538 βέλτιον,
796 1502 903 1537 στέργω

121 1551 170 1586 μὲν
189 1549 219 1576 τὸ
238 1551 270 1585 τῇ
289 1549 404 1584 προνοίᾳ
426 1549 517 1580 δόξαν,
533 1549 645 1582 ἄμεινον
661 1547 840 1582 οἱκονομούσῃ
868 1547 903 1573 τὰ

119 1597 181 1624 καθ’
197 1597 281 1632 ἡμᾶς,
300 1598 316 1631 ἢ
336 1597 417 1630 ἡμεῖς
436 1595 600 1630 βουλόμεθα.
619 1594 686 1625 Θεὸς
701 1594 752 1628 μὲν
773 1593 827 1628 γὰρ
843 1593 903 1619 ἐπί-

120 1651 226 1675 σταται,
245 1644 289 1669 καὶ
303 1642 425 1674 δύναται,
443 1642 490 1668 καὶ
508 1641 645 1675 βούλεται,
661 1641 692 1667 τὸ
707 1641 775 1666 πᾶσι
795 1639 904 1665 λυσιτε-

121 1690 202 1724 λῆσον
212 1698 219 1706 ⁶
236 1690 318 1725 ἡμεῖς
332 1689 361 1715 δὲ
378 1689 432 1715 τῶν
448 1689 578 1724 χειρόνων
592 1686 749 1722 ὀρεγόμεθα
760 1686 903 1718 πολλάκις,

121 1735 156 1762 τὰ
178 1735 274 1769 βελτίω
295 1733 480 1766 διαπτύοντες,
505 1733 592 1768 παρὸν
615 1732 698 1767 ἔχειν,
715 1733 763 1759 καὶ
783 1732 817 1758 τὰ
844 1731 906 1758 καθ’

124 1781 202 1816 ἡμῶν
219 1780 310 1807 αὐτῶν
326 1780 388 1807 ἀντὶ
412 1779 466 1806 τῶν
493 1779 564 1813 ὑπὲρ
585 1778 664 1813 ἡμῶν
680 1777 840 1812 ἀγνοοῦντες
864 1778 908 1812 ἐρ-

123 1825 276 1860 γαζόμεθα.
292 1825 370 1852 Ὢστ⁹
386 1823 464 1860 οἶμαι
478 1826 525 1852 καὶ
546 1825 576 1851 τὸ
591 1825 703 1858 ἄμεινον
720 1823 848 1858 οὐδαμῶς
865 1824 908 1849 ιν-

124 1874 212 1901 ταῦθα
227 1873 367 1900 λέλεκται.

160 1983 205 2018 Μὴ
219 1982 251 2018 δὴ
267 1982 400 2017 πρότερον
413 1981 461 2008 τἰὖ
475 1981 527 2008 νεὼ
541 1981 729 2017 προέλθωμεν,
745 1980 810 2015 πρὶν
824 1980 840 2015 ἢ
854 1980 910 2012 τοῖς

125 2028 267 2062 λογισμοῖς
276 2026 422 2062 ἐπιτρέψαι
435 2027 537 2061 τοσῷδε
551 2026 631 2061 μόνον
644 2026 766 2061 χρῆσθαι
780 2026 813 2060 τῇ
823 2023 909 2060 λύπῃ,

126 2077 179 2110 ὅσῳ
192 2075 260 2110 μηδέ
275 2074 321 2101 τὸν
331 2074 397 2100 Θεὸν
412 2072 566 2108 παροξῦναι
581 2072 619 2107 τῷ
631 2073 679 2107 τῆς
691 2071 809 2106 ἀθυμίας
827 2071 912 2105 ὑπερ⁸

126 2123 262 2153 εάλλοντι,
296 2121 364 2156 μήτε
393 2121 439 2146 τὸν
469 2119 609 2154 ἐρώμενον
639 2118 761 2145 ἀνιᾶσαι.
789 2114 830 2143 Ἦ
857 2117 911 2152 γὰρ

127 2168 279 2198 ἀνιάσεται,
298 2167 322 2193 εί
337 2167 367 2193 1b
382 2166 453 2192 θεῖον
470 2165 702 2200 παροργίσαιμεν,
720 2164 767 2190 καὶ
778 2162 865 2190 ταῦτα
877 2163 911 2189 δι’

127 2215 209 2241 αὑτὸν
227 2215 274 2240 καὶ
289 2213 339 2248 τὴν
363 2213 467 2239 ἐνθένδε
483 2212 560 2239 τοῦδε
586 2211 711 2245 πορείαν.
734 2209 911 2244 Δείξωμενὸὲ

127 2261 174 2287 καὶ
190 2261 252 2290 τοὺς
269 2259 398 2294 ἐραστὰς,
413 2258 452 2292 τῷ
467 2258 624 2286 ἀναλίσκειν
637 2257 707 2292 ὑπὲρ
721 2258 768 2292 τῆς
782 2255 828 2282 τοῦ
844 2257 912 2291 ἔρω-

129 2307 211 2341 μέιου
223 2305 325 2340 ψυχῆς,
339 2305 412 2336 ὅπως
426 2304 460 2331 ἂν
474 2304 589 2335 ἕκαστος
612 2303 733 2333 δύναιτο.
751 2304 799 2328 καὶ
823 2302 913 2336 κρίνοι

128 2352 244 2388 πρέπειν
267 2351 352 2385 αὐτῷ.
372 2350 457 2376 Τοῦτο
481 2350 535 2385 γὰρ
560 2350 657 2384 ἐκείνῳ
686 2349 765 2383 μόνον
791 2357 913 2374 συνεισε-

129 2399 238 2432 νεγκεῖν
255 2398 356 2428 πάντες
370 2397 480 2432 ἔχομεν,
497 2397 544 2423 καὶ
558 2395 638 2422 τοῦτο
653 2395 687 2422 αὖ
702 2395 834 2427 ἐπίδειξις
849 2394 914 2429 ἀλη-

129 2444 246 2478 θεστάτη
261 2443 384 2469 λείπεται
401 2441 451 2473 τῆς
461 2443 500 2473 είς
516 2442 620 2468 ἐκεῖνον
633 2441 743 2475 ἀγάπης
757 2449 763 2456 ·
783 2440 830 2467 καὶ
846 2449 913 2466 συν-

129 2491 200 2517 οίσει
225 2489 274 2524 μὲν
289 2488 410 2522 κάκείνῳ
431 2488 568 2522 ἀνθρώπῳ
589 2487 734 2521 πεφυκότι,
769 2488 817 2514 καὶ
835 2486 913 2521 πηλῷ

130 2535 168 2570 τῷ
183 2535 290 2570 σώματι
317 2534 403 2568 τούτῳ
421 2534 610 2568 συγγεγονότι,
674 2533 711 2569 μὴ
733 2531 788 2560 οἷόν
803 2541 832 2559 τε
850 2541 923 2569 συν-¹

131 2582 195 2607 όντα
217 2580 336 2614 καθαρὸν
368 2580 541 2606 παντάπασιν
558 2579 702 2614 εὑρεθῆναι
715 2587 723 2595 θ
749 2579 868 2605 συνοίσει
886 2578 914 2605 δὲ

132 2627 180 2653 καὶ
196 2627 272 2661 ὑμῖν,
284 2626 332 2652 ita
342 2625 375 2660 δὴ
389 2626 436 2652 καὶ
451 2626 511 2652 δέον
522 2625 728 2661 ἀπολιληροῦσιν
737 2625 814 2660 ἀνδρὶ
828 2625 916 2651 πάντα

132 2656 229 2706 ἀγαθῷ
248 2656 296 2698 καὶ
319 2656 449 2708 δεσίκὸτῃ,
475 2673 523 2698 καὶ
538 2656 664 2707 add}:
680 2656 846 2698 πολλῶν-καὶ
867 2679 917 2706 με·

133 2719 224 2753 γάλων
239 2719 350 2752 ἀγαθῶν
373 2719 506 2752 γεγονότι,
530 2719 579 2745 καί¹
607 2718 655 2745 νῦν
671 2720 803 2754 μεγίστην
828 2718 916 2752 ἔχοντι

134 2765 224 2798 χώραν
237 2764 312 2799 παρὰ
331 2765 401 2798 Θεῷ,
417 2765 466 2790 καὶ
487 2765 645 2799 τευξομένῳ
668 2765 804 2799 μείζονος,
819 2765 884 2790 ὅταν
900 2764 916 2799 ἢ

133 2810 210 2845 κοινὴ
227 2809 274 2836 τοῦ
300 2810 396 2844 γένους
421 2811 498 2837 ἑστία
512 2812 559 2837 καὶ
578 2811 669 2846 μήτηρ
695 2810 742 2845 ἥδε
767 2810 802 2844 γῆ
824 2809 918 2845 ἀποδῷ

135 2857 174 2892 τῷ
188 2856 325 2890 πνεύματι
347 2857 378 2882 τὸ
400 2859 572 2892 συνεργῆσαν
597 2858 677 2892 σῶμα
696 2857 764 2890 πρὸς
777 2857 811 2883 τὰ
835 2856 916 2888 καλὰ,

137 2905 176 2934 εἰς
192 2902 270 2935 δόξαν
287 2910 315 2928 τε
333 2903 379 2929 καὶ
391 2903 562 2938 εὐφροσύνην
579 2903 698 2936 αἰώνιον,
716 2899 752 2929 ὧν
775 2902 820 2930 καὶ
838 2902 917 2936 ἡμεῖς

938 281 1088 315 perceptis,
1109 286 1278 314 postremum
1293 279 1344 305 hoc
1361 277 1473 304 omnino
1489 276 1636 306 electuros.
1652 279 1728 309 post—

937 327 1072 354 habentes
1087 334 1148 361 qua:
1162 330 1229 353 sunt
1245 325 1294 352 navi
1323 324 1477 359 praesentis,
1496 323 1530 350 iis
1550 329 1610 355 qum
1630 321 1725 348 futuri.

937 369 1032 398 Nonne
1047 378 1111 405 ergo
1135 378 1249 405 prorsus
1267 369 1430 399 absurdum.
1451 373 1480 394 ut
1496 375 1556 402 quae
1582 367 1633 394 sibi
1652 366 1729 400 quis-

938 425 991 452 que
1007 417 1081 448 velit,
1097 424 1127 444 ea
1145 417 1212 443 nolit
1224 423 1273 451 pro
1295 415 1392 442 amicis
1408 415 1482 442 ?Sed
1499 419 1525 441 et
1539 414 1604 441 illud
1627 420 1728 447 pense.-

939 471 1011 495 mus,
1030 463 1166 498 siquidetn
1200 470 1233 490 eo
1254 462 1325 497 quod
1355 462 1480 497 impense
1510 468 1645 491 amemus.
1681 467 1730 493 pro

939 509 1211 543 deiunctolugemus,
1232 508 1370 543 vitamque
1392 508 1554 535 deteriorem
1589 511 1729 541 putamus,

940 563 1021 590 quam
1045 555 1070 583 si
1097 555 1198 582 tnortui
1223 562 1346 582 essemus
1375 563 1383 587 ;
1414 555 1500 588 lituct
1526 553 1613 588 palam
1642 557 1671 579 ut
1702 558 1727 578 et

942 602 985 629 ille
997 609 1045 628 nos
1056 609 1163 632 amans,
1174 601 1255 636 idque
1272 609 1303 628 ea
1328 601 1431 628 amoris
1445 601 1549 635 vi,qu:e
1559 600 1624 627 nihil
1639 605 1732 626 nostro

942 649 1096 676 mortalium
1110 651 1288 684 cedat,quam
1303 649 1437 676 citissime
1453 649 1520 675 mori
1537 648 1679 679 voluisset,
1699 652 1729 673 ut

942 695 988 722 illo
1000 703 1049 722 nos
1062 695 1167 730 priores
1185 695 1410 723 decessissemus.
1429 695 1515 730 Atque
1529 695 1554 721 id
1570 695 1677 722 merito.
1691 694 1734 720 Si-

943 743 1050 778 quidem
1068 743 1139 770 cnim
1158 743 1283 770 levamen
1307 742 1423 770 tristitize
1452 742 1573 769 invenire
1591 749 1734 776 possumus

943 794 1034 824 posset
1046 789 1128 817 ctilie
1143 798 1150 823 ;
1170 789 1211 816 sin
1228 797 1281 816 non
1312 797 1473 824 possumus,
1490 797 1539 816 nec
1556 788 1600 816 illc
1623 788 1736 814 otnuino

943 840 1046 870 posset.

981 949 1008 977 Id
1021 957 1087 984 ergo
1102 958 1133 976 ex
1150 950 1232 976 dictis
1248 957 1422 984 consequens
1437 949 1465 976 fit
1481 953 1612 984 prmstarc
1629 953 1659 976 ut
1674 953 1738 975 ante

947 996 1046 1023 charos
1059 995 1187 1033 decedas,
1199 1003 1280 1029 quatn
1298 1000 1328 1022 ιιι
1342 996 1436 1023 vivens
1452 996 1487 1023 iis
1499 996 1616 1031 priveris
1640 1003 1735 1022 eorum

949 1042 1143 1077 migrationea
1172 1041 1237 1068 vita.
1267 1041 1323 1077 Ego
1351 1041 1531 1069 nihilominus
1559 1042 1736 1068 moderationi

951 1094 1078 1114 sermone
1104 1091 1189 1113 utar:
1215 1085 1277 1114 dico
1305 1093 1381 1121 ergo.
1411 1091 1440 1114 ut
1463 1087 1524 1122 quis
1550 1087 1629 1114 nobis
1646 1087 1739 1121 illique

951 1133 1105 1167 eligendum
1127 1136 1304 1167 proponeret,
1319 1137 1347 1159 ιιι
1369 1138 1416 1160 aut
1431 1133 1480 1168 ipsi
1508 1133 1614 1168 priores
1630 1133 1676 1160 illo
1694 1133 1741 1160 de-

951 1182 1123 1214 cederemus,
1140 1184 1188 1208 aut
1199 1188 1213 1208 c
1227 1179 1383 1211 eontra.ille
1397 1180 1478 1207 nobis
1492 1181 1567 1215 prior
1593 1187 1739 1215 argumen-

953 1232 1010 1255 tutn
1028 1227 1154 1261 tttrisque
1168 1226 1301 1262 praeberet
1318 1226 1389 1254 haud
1402 1227 1509 1261 judicio
1535 1226 1624 1253 facile.
1646 1226 1739 1259 Quan-

952 1273 1118 1308 quamenim
1134 1273 1236 1299 bonum
1252 1277 1294 1299 est
1316 1273 1419 1304 vivere,
1444 1272 1502 1308 jugi
1529 1276 1620 1299 tamen
1649 1273 1742 1298 vivere

952 1320 1076 1351 tristitia,
1091 1319 1203 1346 omnino
1219 1319 1401 1346 intolerabile.
1413 1318 1576 1353 Quanquam
1590 1325 1654 1344 vero
1663 1322 1743 1352 opta-

952 1366 1006 1393 bile
1031 1373 1045 1392 a
1059 1365 1184 1392 tristibus
1198 1365 1244 1391 libt
1254 1365 1320 1398 rari,
1333 1370 1360 1392 ut
1370 1368 1460 1392 tamen
1470 1372 1517 1400 per
1528 1369 1740 1397 mortem,quant

952 1418 1049 1440 omnes
1064 1412 1189 1442 horrent.
1205 1410 1277 1437 haud
1295 1411 1368 1438 ullus
1384 1414 1450 1445 puto
1468 1410 1550 1438 facile
1568 1410 1595 1437 in
1616 1411 1740 1437 animum

954 1457 1078 1489 inducat.
1109 1462 1138 1484 ιιι
1154 1457 1228 1486 velit.
1245 1457 1389 1492 Tanquam
1419 1465 1484 1492 ergo
1510 1457 1611 1492 quibus
1635 1457 1742 1491 potiora

954 1502 1169 1537 inquirentibus,
1180 1504 1250 1531 haud
1261 1502 1341 1530 facile
1355 1503 1417 1530 site
1431 1509 1459 1529 re
1473 1502 1608 1537 judicare,
1626 1501 1744 1529 libetttes

918 1562 939 1591 ε
955 1549 1155 1583 amplectamur
1167 1550 1240 1583 quod
1253 1550 1340 1577 visum
1360 1553 1403 1576 est
1422 1548 1612 1583 previdentiat,
1635 1553 1743 1575 nostras

955 1602 999 1622 res
1015 1595 1112 1623 melius
1127 1595 1297 1630 dispensanti
1309 1602 1390 1629 quam
1406 1594 1448 1621 vel
1474 1594 1526 1628 ipsi
1548 1594 1673 1621 velimus.
1691 1593 1742 1620 Sn-

956 1648 990 1668 ne
1000 1641 1072 1668 enim
1090 1640 1161 1668 Deus
1177 1641 1268 1667 omnia
1287 1641 1348 1671 scit.
1375 1643 1518 1674 potestque
1542 1647 1574 1667 ae
1590 1640 1647 1667 vult
1671 1641 1747 1673 quod

957 1685 1092 1712 universis
1112 1685 1245 1712 conducat
1259 1692 1328 1712 :nos
1341 1690 1433 1712 autem
1450 1692 1503 1711 non
1520 1692 1583 1712 raro
1609 1685 1744 1712 deteriora

956 1732 1121 1766 appetimus,
1139 1731 1240 1765 spretis
1254 1731 1333 1758 bonis
1349 1738 1411 1758 eum
1429 1731 1536 1757 il|0rum
1553 1730 1629 1764 copia
1644 1738 1744 1764 Suppe-

957 1779 989 1805 tit
1008 1788 1015 1809 ;
1030 1785 1133 1812 proque
1151 1785 1184 1806 eo
1197 1782 1226 1805 ut
1238 1778 1319 1805 nobis
1336 1778 1406 1804 bona
1422 1785 1580 1812 operemur.
1603 1785 1651 1811 per
1668 1777 1746 1810 igno-

958 1823 1075 1850 rantiam
1096 1831 1155 1858 quae
1173 1823 1251 1850 nobis
1269 1827 1333 1850 sunt
1349 1823 1418 1849 mala
1429 1822 1546 1856 agimus.
1561 1822 1745 1854 Quamobrem

959 1869 1086 1896 existimo
1107 1876 1280 1904 nequaquam
1293 1869 1336 1896 hic
1349 1868 1433 1896 fuisse
1446 1868 1547 1895 dictum
1560 1867 1632 1902 quod
1649 1867 1747 1894 melius

959 1920 1012 1943 ρει.

996 1983 1034 2011 Ne
1048 1984 1124 2019 prius
1139 1991 1205 2019 ergo
1223 1983 1324 2018 templo
1340 1990 1479 2017 exeamus,
1492 1991 1574 2018 qttam
1588 1984 1663 2011 utita
1675 1983 1747 2010 dun-

962 2035 1036 2058 taxat
1047 2030 1184 2057 lristitiam
1194 2029 1293 2057 animis
1307 2029 1504 2064 permittamus.
1516 2034 1545 2056 ιιι
1562 2030 1620 2065 ejus
1633 2037 1746 2058 excessu

962 2077 1075 2104 minime
1093 2076 1176 2103 Deum
1197 2077 1348 2107 irritemus,
1366 2080 1446 2102 autve
1462 2075 1591 2102 dilectum
1621 2075 1747 2102 olfenda-

963 2129 1032 2149 mus.
1053 2121 1124 2149 Sane
1148 2122 1221 2148 ettim
1252 2120 1375 2147 futurum
1397 2125 1440 2148 est
1453 2127 1483 2147 ut
1509 2120 1553 2147 ille
1580 2119 1745 2150 oil‘endatur.

963 2168 1097 2202 siquidem
1112 2166 1313 2194 irritaverimus
1328 2166 1412 2193 Deum
1427 2175 1434 2198 ;
1449 2165 1529 2200 idque
1542 2165 1602 2200 ejus
1624 2166 1748 2199 cumpri-

964 2215 1017 2242 mis
1032 2221 1125 2246 eausa,
1140 2220 1171 2241 ac
1180 2217 1289 2248 propter
1305 2212 1492 2247 migrationem
1509 2212 1595 2245 ipsius
1607 2211 1641 2238 ab
1654 2212 1749 2238 huma-

965 2260 1018 2288 nis.
1036 2260 1075 2286 Eo
1088 2251 1177 2286 autem
1199 2259 1249 2293 ipsi
1271 2266 1321 2286 nos
1341 2263 1477 2285 amatores
1492 2257 1689 2288 ~ostcndarnus.
1720 2262 1749 2284 ιιι

966 2313 1015 2340 pro
1034 2305 1109 2332 chari
1134 2305 1224 2331 anima
1253 2305 1454 2338 impendamus.
1488 2308 1620 2338 quantum
1650 2303 1751 2338 euiquo

965 2351 1045 2377 liceat
1062 2357 1093 2377 ac
1108 2355 1183 2384 putet
1201 2356 1231 2376 se
1243 2349 1350 2376 decere.
1367 2347 1395 2374 Id
1411 2348 1483 2375 enim
1506 2347 1595 2374 solum
1628 2347 1750 2375 universi

966 2396 992 2422 in
1006 2403 1068 2422 eum
1080 2394 1208 2421 conferre
1226 2394 1359 2420 habemus
1378 2400 1484 2427 :eaque
1504 2393 1616 2419 omnino
1639 2393 1750 2420 verissi-

965 2450 1008 2469 ma
1027 2446 1122 2473 restat,
1152 2445 1253 2468 nostra:
1279 2439 1306 2466 in
1330 2439 1406 2465 illum
1433 2438 1589 2466 dilectioais
1616 2438 1750 2468 ostensio.

966 2488 1052 2515 Porro
1076 2492 1166 2515 autem
1200 2486 1236 2512 illi
1265 2491 1376 2520 quoque
1400 2484 1557 2516 contulerit,
1584 2484 1630 2519 qui
1667 2483 1751 2511 fuerit

966 2532 1057 2562 homo,
1075 2532 1156 2565 inque
1185 2536 1263 2556 emno
1289 2535 1406 2563 corpore
1429 2529 1603 2560 habitaverit,
1633 2536 1751 2563 quoetnn

967 2583 1048 2603 nemo
1061 2576 1172 2602 omnino
1189 2580 1274 2609 purtts
1288 2574 1374 2606 possit
1386 2573 1489 2599 versari
1514 2581 1521 2599 :
1539 2573 1584 2599 sed
1617 2577 1644 2599 et
1672 2573 1749 2598 vobis

967 2622 1100 2651 conferat,
1117 2625 1246 2654 tanquam
1258 2619 1304 2651 qui
1316 2619 1410 2646 oll'tcio
1421 2618 1606 2654 defungamini
1623 2619 1649 2645 in
1663 2619 1749 2646 virm-1

967 2668 1101 2702 optimum
1114 2673 1147 2692 ac
1161 2665 1315 2699 despotam.
1339 2664 1514 2699 plttriutnque
1530 2671 1560 2690 ac
1585 2670 1748 2697 magnorum

968 2714 1103 2739 bonarum
1119 2715 1258 2738 auctorem
1273 2719 1281 2742 ;
1297 2710 1380 2744 inque
1393 2709 1516 2743 eum,qui
1535 2715 1607 2735 nunc
1624 2716 1752 2743 maguum

970 2759 1040 2794 apud
1060 2759 1144 2785 Deum
1161 2758 1252 2784 loettm
1275 2757 1382 2789 habeat,
1398 2757 1488 2791 sitque
1517 2756 1667 2790 adepturus
1692 2763 1752 2782 am-

969 2807 1094 2841 pliorem,
1108 2803 1218 2838 quando
1233 2802 1388 2830 communis
1404 2803 1512 2837 generis
1529 2803 1626 2829 domus
1641 2809 1671 2829 ac
1694 2810 1754 2829 ma.

972 2858 1022 2884 lor,
1039 2856 1111 2879 terra
1124 2850 1229 2884 spiritui
1245 2856 1346 2883 corpus
1364 2849 1466 2880 reddet,
1481 2856 1534 2883 quo
1559 2848 1638 2875 bonis
1661 2848 1754 2882 optri-

972 2899 1022 2927 hus
1036 2903 1076 2926 est
1090 2905 1156 2925 usus
1172 2897 1365 2930 instrumento,
1383 2896 1415 2926 ad
1441 2895 1552 2930 gloriam
1570 2903 1601 2922 ac
1631 2894 1754 2922 laetitiam
