1938 3083
147 145 201 178 309
633 153 840 183 ΙῚὶΕίῖΕΡΤΛ
861 155 910 184 El)

1017 156 1123 186 IONIS
1146 157 1284 188 REGLE.
1725 158 1777 190 310

154 225 1455 246 .____.__________________________

458 319 656 397 IMP.
707 321 936 399 CfES.
997 322 1223 400 MAN]

719 321 936 399 CfES.
997 322 1484 402 MANUE‘LIS

643 466 1064 527 PAL/EOLOGl
1107 469 1247 526 AUG
1260 509 1275 524 .

341 587 717 632 PRJECEPTA
791 588 1285 636 EDUCATIONIS
1345 591 1576 636 REGIIE

780 689 825 714 AD
840 689 1004 715 JOANNB‘H
1017 689 1143 715 FILIUM

515 772 548 796 EI
562 771 601 796 lo.
613 770 728 797 Sambuoi
741 771 768 796 V.
784 773 810 798 C.
822 773 987 798 Bib'iotheca.
1002 773 1072 799 Juan.
1086 773 1235 799 Leunclavio
1245 773 1386 803 interprete
1401 774 1421 798 ‘.

222 866 274 888 HIS
290 866 423 888 ACCEDI‘!‘
438 866 610 895 ηειιεΑιιιι,
623 867 846 890 NBRI‘I'INOB‘JM
865 867 968 896 DUCIS,
985 868 1128 890 Ειυευιευ
1147 867 1333 890 ARGUMENTI
1354 868 1459 895 LIBER,
1471 869 1534 890 CUM
1553 868 1633 890 ALl-IS
1657 869 1698 891 AD

396 931 566 954 PRINCIPUM
583 931 696 954 STUDXA
711 931 976 959 PERTINENTIBUS,
993 931 1052 955 NEC
1066 930 1200 958 UNQUAM
1222 931 1388 954 HACTENUS
1402 931 1520 954 EDITIS-

616 1024 646 1041 ΑΒ
665 1023 814 1041 FRANCIICUM
834 1024 965 1045 ΝΒΠΙΕΕΠΜ.
980 1024 1082 1041 ΙΑαΝυΙ
1095 1024 1203 1041 τηυεωι
1219 1024 1298 1042 DUCEI

575 1103 717 1135 (Basilem;
733 1110 763 1129 ex
785 1104 882 1128 ofticina
911 1103 979 1130 Petri
1011 1105 1108 1133 rerum,
1132 1103 1202 1135 1578,
1227 1103 1268 1128 in-
1287 1103 1344 1132 l2.)

686 1268 732 1292 AD
744 1267 1016 1295 ξεειῑεΝιςειΜυΜ
1039 1267 1234 1292 PRINCIPBM

483 1324 701 1350 FRANCISCUM
724 1324 924 1353 MEDICEUJI,
950 1323 1095 1349 MAGNUM
1121 1323 1282 1350 Τηυεοιιε
1306 1324 1438 1350 DUCEN.

179 1420 253 1449 Inter
275 1418 443 1453 multiplices
459 1418 542 1447 Italiae
569 1419 682 1454 plausus
699 1440 706 1451 ,
726 1424 938 1454 cxterarumque
965 1420 1105 1448 nationum
1117 1420 1221 1448 faustas
1248 1421 1473 1452 acclamationes.
1499 1420 1697 1456 gratulantium
1714 1421 1775 1454 tibi,

146 1464 296 1493 Functus
315 1464 381 1496 dux,
399 1463 435 1491 ob
461 1469 556 1492 natum
575 1471 661 1498 nuper
686 1463 840 1498 Philippum
863 1464 961 1496 filium,
975 1463 1101 1492 Mediocre
1114 1464 1240 1491 columen
1258 1463 1368 1492 familia:
1382 1475 1390 1497 ,
1406 1472 1457 1493 nec
1476 1471 1578 1492 nostrae
1589 1465 1673 1493 silere
1695 1466 1778 1494 Musa»

144 1510 300 1542 voluerunt,
315 1516 376 1537 eum
393 1508 543 1544 praesertim
556 1514 644 1538 nacta:
669 1508 847 1542 interpretem
874 1513 957 1543 atque
980 1508 1191 1542 internuntium,
1216 1509 1263 1542 qui
1293 1513 1320 1537 et
1336 1513 1447 1544 propter
1477 1509 1648 1544 imperatorii
1669 1511 1776 1545 generis

145 1554 315 1589 maiestatem
331 1554 366 1582 ab
379 1553 449 1582 aula:
466 1557 519 1580 tuas
532 1553 607 1580 aditu
624 1560 679 1581 non
698 1553 891 1581 excluderetur
908 1562 914 1580 ε
928 1558 957 1582 et
973 1558 1072 1588 prator
1088 1555 1140 1582 hoc
1151 1554 1347 1589 gratulationis
1358 1554 1488 1586 ofﬁciunt,
1515 1555 1540 1582 id
1562 1562 1657 1582 secum
1672 1562 1773 1583 munus

145 1599 276 1630 adferret,
289 1598 363 1633 quod
380 1598 444 1626 olim
457 1602 580 1633 augustm
601 1596 701 1625 indolis
721 1605 807 1632 puero
827 1597 854 1625 in
877 1605 952 1632 spem
968 1598 1154 1626 sumessionis
1183 1598 1349 1633 amplissimi
1364 1598 1492 1626 Thuscie
1511 1599 1586 1634 regni
1613 1600 1771 1632 educando,

145 1650 243 1678 magna
263 1647 336 1670 recte
353 1641 565 1670 administrandi
583 1646 610 1669 et
624 1641 807 1669 conservandi
820 1641 929 1676 imperii
943 1642 1061 1676 paterni,
1076 1642 1244 1671 adminicula
1259 1643 1434 1677 suppeditare
1453 1644 1550 1677 possit.
1569 1642 1618 1670 Est
1632 1643 1654 1670 is
1672 1643 1775 1671 l’altl'o-

145 1687 226 1720 Iouini
246 1686 391 1720 sanguinis
406 1686 516 1720 insigne
533 1686 624 1713 lumen
641 1685 720 1717 illud,
741 1684 851 1713 Msnuel
867 1685 1019 1720 imperator
1044 1685 1223 1722 Byzantinus,
1244 1687 1346 1715 summi
1363 1687 1490 1721 princeps
1507 1687 1620 1721 ingenii,
1649 1695 1778 1715 summae-

144 1740 198 1766 que
213 1731 357 1762 doctrinae,
377 1731 420 1759 cui
434 1731 538 1759 nultum
557 1731 604 1758 illa
620 1730 720 1759 saecula
734 1737 828 1765 parem
843 1730 949 1762 tulisse,
967 1730 990 1758 si
1012 1737 1087 1759 recte
1103 1730 1220 1758 virtutes
1236 1731 1298 1766 ejus
1312 1730 1453 1759 aestimare
1466 1729 1603 1762 volemus,
1618 1737 1698 1759 nemo
1720 1739 1776 1759 non

145 1775 270 1804 lubenter
287 1774 428 1804 fatebitur.
445 1773 504 1802 Non
518 1774 574 1808 jam
592 1774 698 1809 prolixe
714 1774 824 1809 generis
839 1773 1004 1803 nobilissimi
1020 1775 1121 1803 seriem
1148 1783 1210 1803 cum
1224 1775 1305 1803 rebus
1320 1774 1405 1810 gestis
1425 1775 1661 1802 commemorabo.
1688 1775 1776 1802 Notus

144 1826 187 1849 est
205 1828 236 1848 ex
252 1819 378 1848 historiis
388 1819 502 1847 Michael
516 1817 697 1854 Palatologus,
722 1819 768 1853 qui
781 1818 887 1854 primus
900 1819 1073 1854 splendorem
1086 1819 1255 1854 imperatorii
1269 1819 1387 1847 nominis
1400 1819 1491 1847 intulit
1502 1819 1528 1847 in
1541 1819 1672 1847 familiam
1685 1827 1775 1851 suam,

143 1873 237 1901 quam,
254 1866 276 1892 si
289 1863 443 1892 Otomanici
460 1864 568 1899 generis
583 1864 824 1898 incomparabilem
842 1863 998 1891 felicitatem
1010 1864 1142 1898 excipias,
1158 1863 1245 1892 solum
1271 1863 1343 1892 Deus
1353 1863 1485 1891 continua
1499 1863 1679 1891 ducentorum
1695 1872 1778 1899 prope

144 1916 277 1936 annorum
293 1908 470 1936 successione
483 1908 583 1935 heavit.
599 1908 676 1935 Hunc
690 1914 802 1936 secutus
817 1914 859 1935 est
872 1907 898 1934 in
910 1915 994 1943 regno
1012 1908 1185 1936 Andronicus
1207 1908 1290 1940 filius,
1304 1908 1489 1935 Andronicum
1500 1907 1612 1935 Michael
1626 1909 1777 1940 secundus,

145 1953 302 1980 Micltaelem
318 1952 468 1979 secundum
483 1952 657 1980 Andronicus
670 1953 733 1979 item
747 1953 892 1985 secundus,
907 1951 1091 1980 Andronicum
1101 1951 1230 1986 Joannes,
1241 1952 1412 1987 cuiquatuor
1425 1951 1537 1979 omnino
1551 1952 1627 1979 fut-re
1647 1952 1706 1985 lilii,
1718 1953 1787 1980 Anv

143 1997 285 2030 dronicus,
296 1995 574 2029 Demetriusﬂlanuel
586 1998 629 2023 hic
644 2002 738 2029 noster
748 2003 772 2024 et
790 1991 1122 2031 Theodorustperante
1132 1995 1247 2029 Joanne,
1261 2004 1406 2024 successus
1429 1995 1540 2024 Barbari
1553 2003 1648 2025 contra
1665 2003 1778 2025 nostros

144 2033 247 2069 habere
262 2043 393 2076 majores,
406 2048 488 2075 quam
499 2048 618 2076 unquam
632 2046 723 2075 antea,
737 2049 844 2076 cepere.
855 2041 1027 2076 Quapropter
1036 2041 1157 2075 optimtts
1167 2041 1305 2075 princeps,
1315 2044 1345 2067 ut.
1356 2040 1437 2067 saluti
1447 2048 1561 2067 suorum
1572 2048 1603 2068 ac
1613 2041 1698 2068 totius
1708 2042 1776 2068 adeo

144 2085 299 2120 reipublicae
311 2085 475 2112 Christiana:
489 2085 654 2118 consuleret,
682 2086 830 2120 quaerenda
845 2086 941 2113 statuit
961 2086 1074 2118 auxilia,
1090 2085 1192 2121 quibus
1209 2083 1397 2112 formidabiles
1412 2084 1594 2112 Barbarorum
1612 2092 1775 2120 progressus

144 2131 316 2165 reprimeret.
345 2129 437 2165 Itaque
459 2130 584 2157 trirentes
612 2130 785 2163 conscendit,
812 2130 940 2158 Venetias
961 2131 1158 2165 proficiscitur,
1175 2130 1256 2158 Italos
1278 2130 1415 2165 principes
1444 2130 1511 2163 adit,
1533 2137 1630 2157 omnes
1660 2131 1776 2164 periculi

142 2175 297 2202 communis
316 2175 454 2202 admonet.
473 2174 542 2201 llinc
558 2175 584 2201 in
604 2174 721 2202 Galliam
743 2179 771 2202 et
787 2179 921 2202 semotam
938 2175 972 2203 ab
986 2176 1090 2210 reliqua
1106 2175 1215 2210 Europa
1235 2174 1405 2202 Britanniam
1434 2175 1586 2202 contendit.
1604 2174 1714 2209 Ubique
1727 2183 1775 2202 ua-

143 2221 213 2247 vi‘zcr
224 2224 358 2254 susceptae
374 2227 422 2254 pro
436 2219 526 2246 salute
540 2220 648 2254 publica
664 2219 807 2254 legationis
823 2227 922 2246 tnunus
933 2220 1103 2255 exsequitur,
1117 2219 1164 2246 sed
1181 2220 1270 2252 irrito,
1283 2219 1350 2254 proh
1367 2219 1464 2246 dolorl
1480 2223 1596 2251 eventu;
1609 2224 1721 2254 propter
1730 2220 1776 2246 de~

144 2264 287 2291 teSIabilcs
304 2263 457 2298 principum
469 2263 690 2291 Christianorum
708 2264 986 2298 discordias,quibus
1004 2264 1140 2299 hodieque
1155 2271 1199 2291 res
1214 2268 1324 2291 nostras
1339 2271 1448 2298 pessum
1463 2263 1503 2290 ire
1517 2263 1656 2290 videmus.
1669 2263 1776 2299 Qttippu

144 2308 231 2335 Gallia
246 2313 311 2335 tunc
326 2308 451 2335 discidiis
466 2308 603 2335 intestinis
628 2308 792 2342 gravissime
823 2308 975 2342 laborabat,
990 2308 1041 2336 sub
1058 2316 1120 2344 rege
1135 2308 1234 2336 Carolo
1259 2313 1346 2340 sexto,
1371 2308 1417 2343 qui
1434 2315 1501 2342 puer
1517 2313 1587 2341 erat,
1616 2308 1776 2343 proceribus

145 2353 307 2387 quibusdatn
325 2352 447 2379 funestas
467 2353 536 2379 inter
548 2360 577 2379 se
597 2352 752 2380 simultates
781 2353 984 2381 exercentibus.
1001 2352 1100 2381 Omnia
1118 2353 1220 2380 frustra
1237 2353 1359 2385 molitus,
1379 2352 1558 2386 Venetiasque
1573 2359 1710 2385 reversus,
1728 2360 1778 2388 per

145 2404 280 2424 summam
299 2396 472 2423 insolentiam
497 2404 510 2423 a
527 2396 639 2424 Venetis
666 2404 776 2431 quoque
791 2396 991 2424 mercaturibns
1007 2397 1152 2432 indignum
1180 2398 1207 2424 in
1229 2397 1340 2424 modum
1360 2397 1507 2431 excipitur,
1518 2397 1565 2431 qui
1581 2397 1656 2432 prius
1670 2405 1732 2424 eum
1747 2405 1777 2424 sc

145 2442 309 2470 dimissuros
329 2447 474 2477 negarent.
489 2450 571 2477 quam
599 2449 740 2474 nummos.
754 2442 804 2469 iter
818 2442 846 2469 in
861 2441 977 2470 Galliam
990 2441 1218 2477 Britanniamque
1245 2442 1353 2470 facturo
1372 2441 1503 2473 creditos,
1526 2449 1588 2471 cum
1622 2441 1777 2469 immodicis

146 2488 240 2514 usuris
267 2487 439 2515 reddidisset.
465 2486 603 2514 Nefarium
624 2486 745 2522 profecto
773 2487 891 2519 facinus,
907 2486 1014 2522 inquies
1029 2494 1036 2513 :
1054 2488 1100 2515 sed
1117 2487 1303 2514 Andronicum
1328 2485 1414 2513 filium
1438 2486 1526 2520 magis
1541 2493 1605 2521 erga
1616 2494 1645 2514 se
1662 2486 1775 2520 impium

146 2537 174 2559 ct
189 2533 325 2567 ingratum
345 2536 475 2567 expertus
486 2537 539 2559 est.
565 2531 631 2558 Nam
649 2539 712 2559 cum
728 2532 810 2558 domo
831 2530 1006 2566 profecturus
1020 2532 1053 2558 ad
1071 2530 1260 2564 conquirenda
1292 2535 1453 2557 nostrorutn
1471 2537 1618 2564 procerum
1639 2530 1775 2561 subsidia,

148 2576 278 2611 Byzantio
295 2577 367 2603 hunc
381 2576 549 2611 prefecisset
562 2583 594 2602 ac
608 2576 717 2606 deinde,
742 2576 842 2610 quibus
856 2576 882 2602 in
898 2575 1034 2610 angustiis
1050 2579 1217 2608 versaretur,
1230 2575 1253 2601 ei
1275 2575 1462 2610 signiﬁcasset
1482 2584 1489 2601 :
1509 2574 1611 2601 nullam
1632 2574 1703 2601 ﬁlius
1727 2582 1775 2607 pa-

148 2625 232 2647 terna:
243 2620 406 2648 calamitatis
429 2621 561 2647 rationem
582 2619 687 2651 habuit,
703 2620 751 2647 sed
770 2620 853 2647 tantis
869 2620 895 2647 in
912 2621 1043 2647 arumnis
1068 2623 1207 2646 auctorem
1220 2624 1298 2647 ortus
1321 2619 1375 2651 sui,
1392 2620 1544 2647 secundum
1561 2620 1655 2651 Deum,
1672 2623 1776 2645 morta-

150 2665 215 2691 lium
236 2665 447 2692 scclcstissimus
464 2665 566 2691 haerere
579 2671 677 2698 passus
691 2668 743 2691 est.
758 2663 815 2691 Hoc
824 2672 889 2691 casu
902 2669 1015 2698 paterno
1029 2663 1161 2691 Mauuelis
1177 2663 1270 2696 hujus,
1286 2672 1368 2698 quem
1381 2672 1453 2691 nunc
1467 2665 1499 2690 ad
1516 2669 1542 2691 te
1557 2663 1702 2695 mittimus,
1720 2662 1777 2689 siu-

150 2709 253 2742 gularis
264 2709 291 2735 in
306 2714 447 2744 parentem
465 2708 551 2742 pietas
565 2713 647 2743 atque
663 2708 750 2734 virtus
764 2708 873 2735 enituit.
892 2709 961 2735 Natu
979 2715 1040 2735 cum
1065 2707 1290 2734 Thessalonicam
1315 2708 1522 2736 administraret
1548 2707 1670 2735 collectis
1685 2714 1700 2734 e
1713 2706 1775 2734 ditio

149 2761 202 2781 one
221 2762 270 2782 sua
288 2755 418 2787 nummis,
435 2754 480 2789 qui
503 2754 572 2788 patri
601 2753 762 2781 redimendo
790 2752 957 2786 sufficerent,
983 2752 1110 2780 Venetias
1126 2752 1275 2787 profectus,
1304 2760 1366 2780 enm
1383 2754 1417 2780 ab
1442 2752 1634 2780 usurariorum
1666 2751 1775 2786 injuriis

149 2798 314 2826 vindicatum
330 2799 355 2830 in
369 2800 486 2834 patriam
505 2798 624 2826 reduxit.
643 2797 700 2824 Hoc
716 2797 799 2830 facto,
813 2798 896 2832 patris
907 2797 1029 2824 animum
1045 2797 1198 2824 arclissime
1213 2797 1396 2826 sibidevinxit
1410 2806 1418 2832 ;
1445 2797 1595 2832 habuitque
1616 2797 1702 2832 pietas
1719 2796 1775 2823 haec

180 2869 189 2877 '
205 2867 241 2892 De
260 2868 313 2894 aliis
327 2869 448 2894 Manuelis
461 2869 562 2900 scriptis
579 2875 635 2899 quae
647 2869 670 2892 in
683 2868 730 2893 hoc
746 2867 808 2893 libro
821 2869 914 2900 insunt,
929 2868 985 2894 vide
999 2867 1103 2894 Fabricii
1117 2868 1228 2892 notitiam
1241 2874 1325 2898 supra.
