1938 3083
167 92 216 123 3H
744 93 944 124 MANUELIS
966 93 1187 124 PALIEOLOGI
1738 89 1795 122 3i?

168 159 200 178 ea
215 150 325 185 pragmia
343 150 485 183 divinitus,
505 155 533 178 Ill.
545 151 653 178 Manuel
675 151 792 186 imperio
803 157 919 187 paterno
937 152 1081 185 potiretur,
1097 151 1254 179 Andronico
1279 150 1460 185 primogenita
1476 153 1503 177 et
1519 148 1624 177 Joanne
1639 147 1792 176 Andreuici

169 196 223 223 filio
235 193 348 230 prorsus
357 195 486 223 exclusis.
504 194 666 231 Quanquam
679 197 751 224 enim
765 197 797 224 ad
814 196 983 231 Bajazetum,
994 197 1131 224 Amuratis
1150 196 1232 223 lilium
1251 195 1434 222 Barbarorum
1448 198 1604 229 tyrannum,
1615 193 1641 220 hi
1655 193 1709 221 duo
1727 201 1791 228 pro-

169 241 308 275 fugerunt,
320 240 435 274 ejusque
450 240 535 275 copiis
551 241 734 268 auxiliaribus
747 240 844 276 adjuti,
865 240 1131 275 Constantinopolim
1145 245 1325 274 occuparunt,
1355 239 1519 279 imperatore
1534 237 1639 265 Joaune
1657 242 1745 272 patre,
1757 245 1790 265 ac

169 285 291 312 Manuele
307 285 372 317 lilio,
384 284 431 319 qui
443 284 514 319 capti
535 289 608 316 sunt.
626 285 653 312 in
671 285 754 313 duros
772 293 898 313 carceres
913 285 1064 320 compactis
1080 293 1087 311 :
1104 290 1195 312 tamen
1224 284 1316 311 favore
1328 277 1437 318 propitii
1460 281 1587 308 Numinis
1617 280 1719 308 factum
1734 284 1787 312 est,

168 333 197 356 ut
218 333 315 356 exacto
331 328 450 356 triennio
463 329 529 356 salvi
545 329 656 363 tandem
673 329 830 361 evaderent.
847 330 950 357 frustra
967 329 1108 356 multoties
1123 333 1251 356 monente
1262 328 1390 363 Bajazeto
1406 333 1533 363 tyranno,
1547 330 1577 352 ut
1593 326 1786 353 interficeren-

169 378 222 399 tur.
241 372 374 399 Nimirum
404 373 534 407 nequitin
546 380 594 399 eos
610 372 728 400 humana
758 373 853 400 saevire
866 373 1024 406 crudelitas,
1041 380 1109 407 quos
1124 373 1215 400 divina
1240 373 1408 408 providentia
1441 371 1516 406 tegit.
1548 371 1688 405 Bajazetus
1717 370 1787 404 ipse.

169 421 270 443 mutata
284 417 425 444 voluntate
439 417 566 451 pristina,
582 416 732 444 Manuelem
748 417 867 444 restituit
884 427 891 444 τ
907 417 1066 445 Andronico
1082 421 1109 444 et
1123 416 1227 445 Joanne
1245 417 1272 444 in
1290 417 1379 444 aulam
1396 423 1473 444 suam
1500 415 1661 451 deportatis,
1680 413 1728 441 ubi
1747 413 1788 440 vi-

167 463 240 485 ctum
260 459 401 492 haberent,
420 467 501 494 quam
522 459 567 486 diu
583 460 745 494 superstites
762 466 865 488 essent.
882 460 968 488 Tanta
983 469 1048 489 vero
1069 462 1254 496 magnitudine
1268 461 1351 489 animi
1363 461 1492 496 praeditus
1509 465 1569 487 erat
1583 459 1689 486 Mauuel
1702 458 1788 493 impe-

167 507 252 536 rator,
268 507 298 530 ut
314 510 375 529 cum
388 503 533 536 Bajazetus
549 503 709 530 immensam
725 504 759 531 ab
772 512 805 531 eo
819 505 940 539 pecunim
960 505 1012 532 vim
1028 510 1164 539 posceret;
1179 509 1262 541 atque
1294 505 1332 532 uti
1351 512 1427 532 suam
1444 504 1470 531 in
1493 503 1584 531 aulam
1608 502 1723 533 veniret,
1741 501 1790 529 ad-

166 547 260 573 hibitis
279 546 407 582 gravibus
422 547 522 579 minis;
537 546 687 579 mandaret,
708 548 734 574 in
761 552 858 575 neutro
883 549 990 583 tyranni
1011 549 1158 584 postulatis
1176 554 1296 585 pareret.
1321 548 1500 576 Existimabat
1527 547 1599 574 enim
1621 545 1790 573 fortissimus

167 590 304 624 princeps,
323 590 406 617 etiam
422 590 572 617 debilitatis
587 591 693 626 imperii
711 591 851 626 Byzantini
876 592 1073 625 viribus,nihil
1088 598 1183 621 contra
1198 594 1356 628 dignitatem
1385 592 1443 627 ejus
1461 591 1513 619 loci
1534 597 1615 624 atque
1631 590 1747 622 ordinis,
1759 590 1788 616 in

166 640 246 664 quem
264 641 278 660 a
297 634 352 661 Deo
371 634 522 661 collocatus
538 638 622 667 esset,
643 634 854 662 admittendum.
871 635 928 663 Hac
952 636 986 663 de
1001 643 1082 664 causa
1099 645 1195 664 rursus
1223 637 1249 664 in
1269 636 1420 672 perieulum
1451 634 1593 662 amittendi
1612 634 1687 668 regni
1700 633 1788 665 venit,

167 686 228 705 cttm
241 678 331 706 dentto
344 678 515 706 manifestam
531 679 639 713 benigni
665 679 786 706 numinis
803 687 882 714 opem
899 680 993 707 sentit.
1013 679 1157 715 Bajazetus
1170 681 1243 708 enim
1266 681 1384 708 barbaro
1412 679 1505 706 furore
1523 678 1654 713 percitus,
1671 677 1790 704 summis

166 723 270 750 viribus
285 723 547 756 Constantinopolim
567 723 673 750 obsidet
684 730 716 750 ac
730 728 870 758 oppugnat
883 732 891 755 ;
905 731 966 759 quae
979 724 1089 759 quidem
1106 724 1215 752 obsidio
1229 729 1301 752 totos
1315 725 1410 752 decem
1438 729 1524 750 annos
1547 721 1664 748 duravit.
1681 720 1790 748 Interea

167 766 273 794 Mauuel
290 766 411 794 animum
427 767 501 793 nullo
518 767 600 793 modo
618 766 778 801 despondet,
793 767 839 794 sed
853 771 995 801 paternum
1009 768 1132 795 imitatus
1151 768 1310 800 consilium,
1325 767 1437 802 Joanui,
1450 765 1599 794 Andronici
1616 765 1708 793 fratris
1721 765 1789 795 ﬁlio.

168 811 245 838 urbis
257 812 375 839 obsessae
394 819 460 838 cura
477 810 691 845 defensioueqne
706 811 862 843 commissa,
879 811 905 837 in
921 810 1023 839 Italiam
1040 811 1074 838 ad
1098 811 1266 846 pontiﬁcem,
1286 811 1432 839 Mediolani
1445 810 1542 838 ducem
1555 814 1582 836 et
1590 809 1709 836 Venetos
1724 816 1790 844 pro-

169 854 391 882 ficiscitur.ilinc
405 854 462 881 abit
486 855 512 881 in
530 854 641 884 Gallias,
656 854 837 882 ubiCarolum
866 862 957 889 regem
985 855 1114 889 phrenesi
1144 855 1315 883 laborantem
1333 856 1445 891 reperit.
1473 856 1614 891 Nusquam
1636 856 1788 891 quidquam

166 899 227 934 opis
243 899 380 934 impetrat.
401 899 525 933 Cumque
541 899 667 926 morbum
679 899 749 934 regis
764 899 965 927 diuturniorem
981 899 1039 926 fore
1057 899 1234 934 prospiceret,
1251 908 1299 934 per
1316 900 1490 928 Germaniam
1506 905 1533 928 et
1546 901 1714 927 Pannoniam
1731 897 1783 927 do-

167 951 241 970 mum
259 944 415 970 revertitur.
426 942 504 970 Omni
521 943 668 971 destitutus
682 945 801 971 humano
818 944 956 978 praesidio,
973 943 1057 970 Deum
1081 944 1132 971 sibi
1157 944 1399 977 przesentissimum
1422 946 1574 978 experitur.
1594 944 1661 972 Nam
1677 944 1789 978 Bajaze~

166 992 210 1016 tus
226 988 355 1016 obsessor
371 988 445 1016 urbis
459 987 553 1022 praelia
570 987 670 1018 victus,
687 988 711 1014 in
730 986 918 1015 Tamberlanis
930 987 1091 1022 Scytharum
1123 987 1254 1022 principis
1266 992 1428 1022 potestatem
1445 989 1529 1021 venit,
1556 995 1606 1016 nec
1628 989 1660 1015 ad
1672 993 1787 1015 mortem

166 1038 253 1067 usque
268 1039 298 1059 se
319 1039 415 1059 rursus
430 1031 485 1058 ulla
505 1031 646 1058 rationein
667 1031 819 1059 libertatem
836 1039 960 1059 asserere
976 1032 1075 1066 potuit.
1096 1031 1194 1066 lugens
1208 1032 1259 1059 hoc
1270 1032 1317 1060 Dei
1335 1032 1496 1060 beneficium
1512 1033 1619 1060 Mauuel
1630 1033 1730 1068 hymno
1744 1039 1788 1060 ce-

166 1076 261 1108 lebrat,
276 1083 356 1110 quem
371 1076 416 1103 hic
432 1075 458 1102 in
471 1080 593 1103 extremo
608 1074 736 1109 legimus.
751 1075 805 1102 Nec
821 1075 906 1102 multo
922 1079 994 1110 post,
1013 1080 1041 1103 ut
1055 1083 1120 1103 suos
1136 1084 1151 1103 a
1166 1075 1350 1104 Barbarorum
1365 1076 1474 1110 injuriis
1490 1081 1637 1110 tutaretur,
1652 1077 1786 1105 lsthmutn

166 1120 346 1155 Peloponnesi
361 1128 439 1147 muro
455 1120 568 1150 claudit.
580 1120 770 1154 exstinctaque
784 1119 920 1154 Bajazelo,
939 1124 1096 1155 perpetuam
1122 1128 1186 1148 cum
1202 1119 1368 1154 Mabometo,
1382 1121 1441 1156 ejus
1456 1121 1521 1154 filio,
1534 1128 1627 1156 pacem
1639 1120 1714 1148 facit.
1732 1121 1787 1148 Ta-

165 1164 217 1191 lem
231 1169 391 1197 tantumque
412 1165 573 1199 principem.
590 1168 699 1199 tamque
712 1164 767 1191 Deo
781 1164 905 1196 charum,
923 1164 956 1191 ad
975 1168 1010 1197 te,
1024 1165 1181 1198 Francisce,
1198 1173 1342 1200 procerum
1363 1166 1492 1193 Italorum
1508 1166 1602 1197 decus,
1627 1166 1786 1200 ablegamus

164 1214 195 1237 ut
211 1210 259 1237 tibi
280 1209 363 1237 libros
380 1209 463 1236 hosce
481 1216 555 1241 suos,
570 1208 617 1244 qui
630 1208 750 1236 rationes
770 1208 919 1236 educandae
936 1208 1016 1243 regiae
1042 1210 1145 1237 sobolis
1156 1210 1310 1241 continent,
1335 1209 1449 1237 offerat:
1468 1218 1520 1237 non
1535 1211 1606 1244 quod
1622 1217 1648 1237 tu
1677 1217 1785 1245 praece-

165 1255 220 1289 ptis
231 1256 304 1283 hisce
315 1255 448 1291 indigeas.
461 1255 507 1289 qui
523 1254 685 1289 jamdudum
701 1255 800 1282 maturi
816 1255 1007 1290 sapientisque
1021 1254 1153 1288 principis
1171 1261 1299 1281 numeros
1312 1253 1422 1287 imples.
1441 1254 1488 1282 sed
1514 1261 1544 1281 ut
1560 1254 1708 1288 aliquando
1720 1253 1786 1281 Phi-

164 1300 231 1334 lippi
245 1300 294 1330 tui.
312 1307 374 1326 cum
391 1299 505 1327 feliciter
516 1299 676 1332 adoleverit,
690 1299 789 1326 studiis
804 1296 831 1326 ei.
842 1299 903 1326 usui
917 1299 1050 1326 ‘scrviant.
1067 1297 1124 1324 Erit
1148 1301 1249 1330 autem,
1265 1302 1296 1324 ut
1319 1305 1410 1332 spero,
1421 1305 1475 1324 nou
1489 1297 1611 1332 ingratus
1627 1297 1672 1325 hic
1687 1298 1785 1331 hospes

164 1345 223 1376 tibi,
240 1344 285 1378 qui
300 1351 362 1371 cum
381 1349 504 1378 augusta:
520 1342 629 1369 familia).
645 1343 815 1369 ornamentis
829 1343 961 1370 doctrinae
973 1342 1082 1369 laudem
1107 1341 1260 1375 conjunxit.
1281 1340 1393 1375 Semper
1410 1341 1481 1368 enim
1500 1342 1551 1368 hoc
1573 1341 1709 1375 peculiare
1733 1341 1786 1368 fuit

163 1387 289 1415 Mediceze
303 1387 375 1421 genti
387 1391 492 1418 vestrm,
507 1391 537 1412 ut
550 1393 628 1412 omen
645 1385 797 1412 doctrinam
810 1385 964 1419 liberalem,
987 1393 1014 1414 et
1030 1386 1102 1413 viros
1113 1393 1145 1413 ex
1158 1393 1188 1412 ea
1200 1385 1299 1417 claros,
1314 1385 1512 1413 humanissime
1526 1386 1783 1420 complecterentur.

163 1431 260 1465 Magno
275 1430 313 1458 illi
332 1431 443 1462 Cosme,
460 1430 504 1464 qui
526 1429 630 1463 primus
652 1430 710 1456 suis
732 1429 882 1462 pra-lucere
902 1430 1054 1464 majoribus
1080 1432 1163 1465 cepit,
1187 1429 1369 1464 Chrysoloras
1384 1435 1410 1458 et
1430 1430 1627 1465 Argyropulus,
1657 1430 1785 1458 homines

162 1475 260 1508 Graeci,
275 1475 481 1508 litterarumque
491 1473 646 1501 Graecarum
664 1480 712 1507 per
737 1473 840 1500 Italiam
853 1492 860 1505 ,
873 1473 1048 1500 Germaniam
1061 1478 1088 1501 et
1101 1474 1217 1501 Galliatn
1243 1478 1448 1509 propagatores,
1469 1473 1496 1500 in
1510 1473 1617 1501 deliciis
1628 1477 1654 1500 et
1679 1474 1784 1501 amori-

162 1519 213 1547 bus
229 1519 314 1546 fuere.
339 1517 427 1553 Nepos
447 1521 537 1544 autem
554 1517 613 1552 ejus
634 1516 800 1544 Laurentius
814 1521 916 1550 quanto
932 1516 1031 1544 Janum
1053 1517 1191 1545 LaSrariai
1216 1521 1310 1544 natum
1325 1524 1357 1544 ex
1381 1517 1557 1552 imperatoria
1574 1517 1658 1552 stirpe
1678 1517 1784 1548 Graeca,

164 1563 332 1590 Demetrium
347 1561 605 1597 Cltaleocondylam,
634 1561 793 1588 Michaelem
820 1559 962 1588 Marullum
986 1562 1197 1589 Tarchauiotam
1215 1561 1349 1588 illustrem
1372 1561 1511 1593 virum,in
1538 1561 1642 1589 honore
1666 1561 1785 1589 habuit?

163 1607 286 1641 Denique
301 1606 417 1634 Cosmus
439 1610 525 1640 pater,
541 1610 570 1631 ut
587 1605 653 1632 alios
661 1605 797 1636 omittam.
814 1605 947 1638 majorum
962 1606 1083 1640 vestigiis
1095 1606 1308 1638 insistens,cum
1323 1605 1384 1632 aliis
1402 1605 1598 1639 rempublicam
1619 1605 1782 1632 litterariam

155 1651 301 1679 beneficiis
312 1650 403 1678 affecit
415 1659 422 1683 ;
439 1655 494 1677 tum
516 1649 703 1677 nobilissimos
724 1649 785 1677 illos
796 1648 994 1677 Pandectarum
1004 1649 1224 1676 Flomntinarum
1237 1650 1331 1679 libros.
1344 1653 1397 1676 lam
1407 1653 1501 1677 sancte
1513 1650 1621 1677 saeculis
1632 1654 1672 1677 tot
1688 1650 1784 1677 adser-

163 1700 252 1727 vatos,
267 1695 418 1722 immortali
430 1702 478 1721 sua
496 1702 558 1721 rum
575 1694 656 1721 laude
667 1694 809 1721 nobiscum
819 1694 1044 1721 communicavit.
1059 1694 1160 1721 llorum
1176 1694 1299 1728 exempla
1311 1699 1338 1721 tu
1349 1701 1459 1729 quoque
1469 1694 1561 1728 proeul
1576 1695 1660 1722 dubio
1676 1702 1784 1729 semper

162 1740 314 1773 imitabere,
343 1739 389 1774 qui
411 1739 517 1766 caeteris
534 1739 560 1765 in
574 1739 657 1765 rebus
685 1737 771 1765 avitas
793 1739 962 1772 patritasque
984 1739 1109 1770 virtutes,
1137 1744 1163 1766 et
1198 1738 1305 1773 egregia
1330 1737 1412 1771 facta,
1433 1738 1593 1773 jamdudum
1621 1746 1675 1766 non
1694 1739 1782 1766 solum

160 1784 286 1818 aequasti,
303 1791 397 1811 verum
421 1783 502 1811 etiam
521 1789 647 1816 magnum
665 1781 761 1809 iisdem
787 1781 879 1810 laudis
904 1782 997 1818 gloriae
1015 1782 1154 1818 dignitatis
1166 1782 1337 1817 amplificatae
1352 1783 1492 1810 cumulum
1509 1783 1644 1818 adjecisti.
1662 1781 1771 1810 Vale.A

161 1827 191 1854 l).
202 1826 245 1855 Vit
261 1827 298 1855 Id.
318 1827 431 1855 Ianuar.
448 1826 552 1854 Vienna
568 1826 740 1854 Pannonum.

1107 1897 1145 1926 Jo.
1162 1896 1347 1924 Leuncuvms
1366 1896 1531 1925 Germanus.
