1938 3083
76 210 151 245 πρδς
167 209 217 242 τὰς
236 208 332 245 ἡδονὰς
357 208 489 243 πόλεμον,
505 207 536 233 οὐ
552 206 644 241 πάντη
659 206 688 233 δὲ
700 205 786 236 οὕτως
801 205 869 239 ἔχει.
889 206 909 234 Α

78 257 119 283 Οὺ
136 256 193 291 γὰρ
206 255 305 290 ἡδονῆς
315 255 437 290 ἀμοιρεῖ,
446 253 485 288 τῷ
502 253 635 280 συνειδότι
647 252 695 278 καὶ
705 251 764 281 ταῖς
779 250 871 277 ἐλπίσι

77 303 195 337 τέρπειν
211 301 300 333 είδὼς.
315 301 451 336 Πρόσεστι
466 300 494 326 δέ
507 308 539 334 γε
554 299 620 325 τοὺτ
630 310 642 332 μ
657 298 705 325 καὶ
716 297 747 323 τὸ
761 296 871 332 σεμνὸν,

76 349 129 375 καὶ
145 348 176 375 τὺ
190 348 316 384 διαρκὲς,
330 347 431 382 ὅντιγε
443 346 604 373 παντάπασι
616 344 740 380 χρηστῷ.
752 342 873 370 τοιαῦτα

77 396 114 422 τὰ
133 395 172 430 μὴ
189 394 371 429 νενοθευμένα
398 394 453 420 τῶν
475 393 599 427 ἀγαθῶν.
631 393 680 418 ’ον
706 390 738 417 ἂν
754 389 875 425 ἐραστὴν

78 441 173 468 αὐτῶν
190 440 266 473 ama
281 440 369 472 λάϐοι,
400 439 542 475 χειροῦται
564 447 607 471 τε,
633 438 681 465 καὶ
707 438 757 464 οὐκ
778 437 810 472 ἐᾷ
825 437 875 472 τὴν

78 487 178 521 ἑφεσιν
199 486 290 514 αὐτῶν
311 486 465 513 πλανᾶσθαι
492 486 559 520 πρός
580 494 607 511 τι
628 484 757 519 μάταιον.
781 483 828 518 Τῷ
848 483 875 509 δὲ

79 534 224 568 δευτέρῳ,
241 533 291 569 τὴν
308 533 407 568 ἡδονὴν
434 533 512 564 τέλος
538 532 638 567 ἔχοντι,
664 531 726 558 οὔτε
752 531 877 558 σύνεστιν

80 579 162 606 οὐδὲν
176 579 263 612 ὑγιὲς,
273 578 332 605 οὒτ’
348 579 491 614 ἑφέψεται.
508 579 593 606 οὐδὲν
605 579 710 614 γένοιτο
720 587 774 605 τινι
792 578 878 614 ἡσθῆ-

81 634 129 651 ναι
157 625 201 652 διὰ
226 625 321 657 τέλους
347 625 387 651 ἑνί
412 634 452 660 τῳ
477 625 633 660 πράγματι.
663 625 758 652 ἄλλοτε
789 625 878 652 ἄλλων

82 670 254 705 ὀρεγομένῳ,
273 670 328 696 τῶν
346 669 429 704 μηδὲν
442 671 480 701 ὡς
497 670 606 705 ἀληθῶς
621 669 706 697 ὄντων
719 670 816 706 ἡδέων,
832 670 878 696 καὶ

83 717 130 743 διὰ
149 715 229 743 τοῦτο
248 716 484 751 μεταπεμπόντων
498 716 542 742 ἀεὶ
562 717 630 752 πρὸς
645 715 739 752 ἕτερα.
762 716 791 742 '0
819 715 879 752 τρί-

83 771 130 794 τος
154 762 246 797 μέντοι
276 762 325 789 καὶ
353 763 436 797 μέσος
462 762 544 788 ἔστω·
571 762 617 788 ἵνα
637 762 675 798 μὴ
695 761 823 797 σκληρῶς
847 763 879 788 ὲκ

84 808 241 843 ¹προοιμίων
266 809 474 843 ὲπιτάττοιμεν,
490 810 515 835 ot
534 808 590 835 τῶν
606 808 716 843 ἀγαθῶν
731 809 780 835 οὐκ
797 808 879 844 ἀργά-

83 863 143 881 ται.
163 855 255 881 Ἔστω
277 854 310 889 δὴ
331 855 400 886 τέως
425 855 491 889 ἡμῖν
513 854 551 890 μὴ
566 854 707 886 παντελῶς
723 854 878 890 ἀπόϐλητον

85 900 118 927 τὸ
135 900 196 935 ἡδὺ,
214 900 279 927 ἔνθα
292 900 322 927 οὐ
341 900 524 935 προσίσταται
543 901 573 927 τὸ
587 901 682 929 κακόν.

894 887 916 915 Β

469 1039 508 1067 Γ⁷.

123 1097 223 1132 Σαφῶς
238 1097 294 1124 ίσθι
313 1097 379 1134 βίων
393 1097 442 1133 τὴν
457 1097 562 1132 αἰρεσιν
584 1096 710 1132 γνώμης,
725 1097 756 1123 οὐ
772 1095 882 1131 φύσεως

85 1143 186 1173 οὖσαν.
204 1144 236 1171 Ἦ
249 1144 330 1179 φύσις
341 1143 394 1180 γὰρ
407 1143 529 1176 Αίθίοπι,
539 1143 586 1170 καὶ
597 1143 700 1179 Σκύθῃ,
710 1144 757 1169 καὶ
773 1143 880 1176 Κελτῷ,

87 1192 139 1219 καὶ
157 1192 242 1218 πᾶσιν
265 1190 329 1225 ἑξῆς
345 1189 514 1225 ἀνθρώποις,
532 1189 580 1224 μία
594 1198 637 1221 τις
649 1188 718 1216 οὖσα
738 1189 879 1224 τυγχάνει.

95 1238 217 1272 Ὀλίγοις
234 1237 263 1264 δέ
284 1245 357 1263 τισιν
383 1236 511 1271 ἱδιώμασι
533 1237 590 1268 τοῖς
615 1236 710 1270 γένεσι
737 1237 811 1262 ποιεῖ
832 1236 881 1271 τὴν

89 1282 235 1318 διαφοράν.
250 1281 307 1317 Τὴν
322 1281 351 1308 δὲ
367 1282 529 1317 προαίρεσιν
542 1281 663 1317 χαλεπὸν
682 1282 730 1308 καὶ
756 1281 882 1316 ἀδελφοῖς

93 1329 132 1363 μὴ
149 1327 322 1363 μερίζεσθαι.
345 1327 451 1354 Οὐκοῦν
465 1327 534 1362 ὅπερ
557 1327 624 1362 ἡμῖν
647 1327 768 1364 εῖρηται,
784 1328 809 1354 οἱ
828 1328 882 1363 βίοι

91 1377 150 1407 τοῖς
164 1375 321 1410 ἀνθρώποις
343 1374 373 1401 οὐ
395 1373 440 1400 διὰ
460 1373 511 1408 τὴν
527 1373 677 1408 ἀμέριστον
701 1373 783 1408 φύσιν
804 1375 883 1409 μερίς

92 1423 198 1454 ζονται,
213 1420 282 1448 ἀλλὰ
292 1421 336 1448 διὰ
346 1420 396 1455 τὴν
409 1420 595 1456 μεριζομινην
607 1420 781 1456 προαίρεσιν.
796 1421 882 1447 Παντὶ

93 1470 122 1496 δὲ
134 1469 184 1504 βίῳ
194 1469 224 1495 τὸ
236 1468 345 1503 ἥδιστον
357 1468 389 1494 ὲκ
405 1467 550 1502 συνηθείας
561 1465 639 1502 οἶμαι
652 1467 880 1502 προσγίγνεσθαι,

93 1516 125 1542 οὐ
143 1515 183 1550 τῷ
197 1513 405 1549 ξυμπξφυκέναι
422 1513 558 1546 καθάπαξ.
573 1513 655 1545 Ἴδοις
667 1513 723 1549 γὰρ
735 1514 768 1540 ἂν
786 1514 882 1549 ἐπίμο-

95 1561 159 1597 χθόν
171 1569 199 1587 τε
209 1561 257 1587 καὶ
273 1560 376 1595 φαῦλον
388 1559 446 1595 βίον
458 1560 647 1595 πεφιλημένον
655 1559 695 1594 τῷ
707 1568 793 1595 χεχρη
798 1560 883 1596 μένῳ,
897 1562 920 1593 c

95 1604 182 1642 οὗπερ
198 1607 249 1633 οὐκ
266 1606 299 1633 ἂν
315 1606 450 1641 ἠλλάξατο
476 1606 548 1642 ἀήθη
573 1606 696 1641 γέμοντα
712 1605 821 1640 ἡδονῆς.
835 1613 886 1632 χαι

96 1653 268 1689 θαρευούσης
281 1652 421 1688 μέμψεως.
430 1653 452 1678 Χ
457 1652 573 1687 ρηστέον
583 1651 630 1678 οὖν
645 1652 735 1687 sum
747 1652 785 1686 τῷ
796 1651 887 1686 κρείτ-

97 1699 219 1731 τονι,ὡς
233 1699 281 1726 τοῦ
300 1699 388 1734 ἡδέως
411 1700 445 1735 τῇ
469 1699 568 1734 χρήσει
592 1697 763 1733 ἑφεψομόνου
783 1706 812 1724 τε
839 1698 887 1725 καὶ

99 1755 132 1773 συ
137 1746 323 1783 μόησομένου.

480 1886 516 1913 Δ’.

137 1941 210 1969 Ἶσθι
237 1941 335 1977 καιρὸν
357 1941 511 1976 ἐπιτήδειον
534 1941 600 1968 ὂντα
630 1950 672 1969 σοι
703 1942 753 1978 τὴν
781 1942 889 1978 ἡλικίαν

101 1989 268 2023 ἀκμάζοντι,
290 1989 348 2024 βίον
365 1988 476 2015 ἑλέσθαι
499 1989 546 2015 τὸν
565 1989 688 2024 ἄριστον,
706 1989 754 2016 καὶ
773 1988 889 2015 διελθεῖν

101 2035 138 2068 ὡς
153 2036 264 2071 ἄριστα.
283 2036 330 2062 καὶ
345 2035 457 2069 ὲντῆξαι
472 2036 504 2070 τῇ
522 2034 608 2071 ψυχῇ,
630 2036 678 2062 καὶ
696 2035 888 2070 ἀμετάστατον

102 2081 194 2113 δεῖξαι·
212 2082 253 2108 ὄτι
279 2089 309 2107 σε
334 2080 373 2114 μὴ
392 2080 599 2115 προκατείληφε
620 2080 649 2106 τὸ
662 2079 805 2115 δυσχερές.
834 2080 891 2115 Πρὸ

103 2127 158 2161 γὰρ
172 2126 219 2153 τοῦ
238 2126 329 2160 σαυτῷ
346 2125 515 2160 προστρίψαι
528 2125 611 2158 κακὰ,
628 2126 715 2161 ῥᾷστα
732 2126 764 2153 ἀν
785 2134 827 2152 σοι
843 2126 891 2160 τέ-

104 2182 176 2200 νοιτο
188 2173 360 2207 κατορθῶσαι
375 2173 409 2199 τὰ
424 2172 525 2206 ἀγαθά.
549 2173 601 2201 Ἢν
620 2172 649 2199 δὲ
668 2172 807 2208 μετάσχῃς
821 2181 892 2207 φαυ-

105 2218 228 2253 λότητος,
241 2217 324 2252 διπλῆ
341 2217 500 2253 μοχθήσεις.
515 2217 605 2244 Πολλὰ
628 2217 767 2252 πονήσεις,
780 2217 826 2244 καὶ
843 2217 889 2252 ερ-
908 2228 929 2256 D

105 2272 153 2298 γον
167 2264 246 2290 ἔσται
273 2263 463 2298 ἀπαλλαγῆναι
490 2262 538 2290 τοῦ
561 2262 682 2298 χείρονος
705 2263 778 2289 δυοῖν
800 2263 892 2297 χεροῖν

106 2303 254 2344 ἀπονίψει,’
271 2309 319 2336 καὶ
333 2308 475 2335 οἰκειῶσαι
494 2309 586 2342 σαυτῷ
606 2309 637 2335 τδ
659 2308 764 2344 βέλτιον
781 2309 892 2344 ἀκριὸεῖ

106 2357 302 2392 προσαρμογῇ,
315 2355 405 2391 χρόνῳ
421 2355 468 2382 καὶ
487 2355 567 2391 μόγις
586 2355 730 2391 γινομένῃ.

479 2500 517 2528 ις’.

141 2559 210 2587 Δίαν
229 2567 276 2594 μοι
291 2558 365 2585 δοκεῖ
385 2557 472 2592 σαφὲς
487 2555 554 2584 εἶναι
571 2557 622 2593 τὴν
642 2557 697 2584 τῶν
717 2558 893 2593 κρατούντων
927 2574 931 2576 ν

108 2605 282 2640 εὐδαιμονίαν
290 2605 340 2639 τῆς
350 2603 602 2639 παντοκρατορικῆς
613 2603 703 2639 χειρὸς
713 2603 891 2640 ἐξηρτῆσθαι,

107 2652 200 2687 ἐπειδὴ
215 2652 264 2678 καὶ
279 2651 328 2686 τὴν
351 2650 464 2685 καρδίαν
481 2650 564 2684 φασὶν
588 2650 682 2685 ἐκείνῃ
706 2650 792 2686 δήπου
812 2651 894 2678 κατέ-

107 2698 213 2733 χεσθαι.
233 2697 293 2733 Χρὴ
311 2705 340 2723 σε
363 2695 409 2723 οὖν
425 2696 599 2732 εὐδαιμονίας
612 2697 716 2732 ἐρῶντα
732 2698 833 2733 ταύτην
855 2698 892 2724 είς

107 2745 182 2771 δέναι
195 2744 297 2779 ζητεῖν,
311 2744 372 2770 ὅθεν
385 2744 477 2771 λαεείν
493 2743 594 2776 ἔξεστι,
605 2744 708 2780 δηλαδὴ
722 2745 797 2781 παρὰ
812 2746 892 2779 Θεοῦ,

107 2791 220 2818 σεαυτὸν
247 2790 402 2826 παρέχοντα
425 2790 472 2817 τοῦ
496 2792 670 2826 εὐδαιμονεῖν
697 2791 747 2818 οὺχ
772 2792 892 2824 ἀνάξιον.

112 2839 139 2865 ’0
157 2837 213 2874 γὰρ
234 2838 272 2873 μὴ
289 2837 446 2873 συμϐαίνων
467 2839 524 2869 τοῖς
540 2838 713 2873 πράγμασιν,
736 2835 773 2866 ὥν
798 2839 859 2874 ἐρᾷ,
876 2839 892 2874 ἢ

106 2884 164 2910 οόδὲ
177 2885 227 2915 τὴν
244 2883 332 2920 ἀρχὴν
344 2883 415 2910 αὐτὰ
435 2884 578 2919 κτήσεται,
599 2884 652 2912 κᾶν
673 2884 792 2920 μάλιστα
806 2885 893 2913 ταῦτα

542 151 590 182 PR
598 149 749 180 XECEPTA
772 147 1034 178 EDUCATlONIS
1050 146 1193 178 REG‘IIE.

1667 146 1722 177 3‘22

927 203 1034 230 videtur
1049 211 1121 235 esse,
1138 203 1200 231 belli
1215 203 1274 238 ejus
1287 210 1382 235 causa,
1399 203 1471 238 quod
1489 210 1550 229 cum
1575 203 1722 238 voluptati-

926 249 976 277 bus
993 249 1072 284 gerit,
1089 250 1137 278 sed
1156 250 1182 278 in
1196 249 1354 278 universum
1372 250 1408 276 ita
1424 255 1583 283 comparata
1599 256 1723 285 non-est.

924 294 1103 330 Nequaquam
1128 296 1202 323 enim
1232 296 1382 330 voluptatis
1406 303 1504 329 expers
1529 299 1582 327 est,
1611 303 1674 323 cum
1698 301 1725 323 et

926 342 992 369 recti
1009 343 1180 370 conscientia
1201 348 1227 370 et
1242 351 1290 378 spe
1305 343 1441 370 delectare
1456 343 1639 370 consueverit.
1655 343 1724 370 Cum

926 388 1024 416 eadem
1040 389 1104 422 vita,
1123 390 1232 424 penitus
1251 394 1334 422 bona.
1350 389 1498 424 conjuncta
1518 383 1582 417 sunt
1606 391 1726 424 gravitas

927 439 1008 468 atque
1025 436 1190 462 constantia.
1210 436 1346 463 Nimirum
1365 435 1499 470 ejusmodi
1526 440 1590 463 sunt
1608 443 1662 463 non
1687 437 1728 463 vi-

927 481 992 508 tiala
1005 481 1086 510 bona.
1099 481 1297 517 Quemcunque
1310 482 1395 509 semel
1408 488 1559 509 amatorem
1580 482 1623 510 sui
1647 488 1727 509 nacta

929 526 1043 561 fuerint,
1064 528 1087 556 is
1103 533 1129 555 et
1145 532 1231 556 totum
1247 536 1277 556 se
1291 529 1366 556 dedit
1381 529 1432 560 eis,
1450 536 1500 556 nec
1515 529 1548 556 ad
1564 529 1646 556 ullam
1669 537 1726 556 rem

929 581 1025 601 vanam
1042 575 1152 610 evagari
1166 575 1343 609 cupiditatem
1360 575 1436 602 sinit.
1452 575 1548 607 Alteri,
1570 575 1650 609 cujus
1666 575 1728 602 ﬁnis

930 626 971 649 est
986 621 1122 655 voluptas,
1152 628 1202 649 nec
1219 621 1290 648 inest
1304 621 1366 648 boni
1387 622 1548 656 quidquam,
1577 629 1627 649 nec
1642 623 1729 648 conti-

930 668 1044 696 tahitnr.
1061 667 1133 695 Fieri
1146 673 1221 696 certe
1236 668 1341 702 iichit,
1358 672 1387 695 ut
1403 668 1466 703 quis
1482 676 1534 695 una
1548 676 1578 696 re
1594 672 1730 704 perpetuo

930 714 1091 745 delectetur,
1107 714 1176 742 alias
1191 720 1324 750 appetens
1339 715 1401 748 alia,
1420 723 1481 751 «tua:
1497 724 1551 743 non
1567 723 1664 751 reapse
1685 715 1730 750 ju-

931 761 1022 788 cunda
1035 764 1111 793 sunt,
1124 761 1240 796 ideoque
1256 761 1289 788 ad
1306 761 1358 789 alia
1379 769 1488 795 semper
1506 762 1644 789 hominem
1662 769 1729 788 avo-

931 812 1005 835 cant.
1018 807 1110 835 Tertia
1122 815 1200 840 sane,
1214 807 1303 835 media
1317 809 1442 842 quaedam
1457 814 1527 839 esto.
1543 816 1586 840 ne,
1601 809 1644 842 qui
1658 809 1730 836 bona

933 861 987 881 non
1003 853 1121 882 facimus
1134 855 1198 889 ipsi,
1213 855 1307 882 statim
1324 853 1357 881 ab
1372 854 1451 881 initio
1467 859 1604 888 prtecepta
1619 854 1729 881 duriora

933 899 1082 928 tradamus.
1097 900 1233 928 Nimirum
1251 905 1366 927 eatenus
1382 900 1549 935 voluptatem
1567 909 1620 927 non
1642 902 1733 927 omni-

931 954 968 974 no
995 946 1171 981 rejiciendam
1194 947 1339 980 ducamus,
1357 952 1494 982 quatenus
1509 946 1573 974 mali
1589 946 1731 982 quidpiam

931 992 957 1019 ei
977 999 1030 1019 non
1047 992 1138 1019 adest.

968 1095 1138 1122 Electionem
1153 1095 1251 1123 horum
1267 1096 1330 1124 vitae
1351 1104 1482 1131 generum
1500 1102 1574 1124 certo
1588 1097 1660 1124 scias
1671 1105 1733 1125 esse

933 1142 1054 1173 consilii.
1087 1150 1141 1170 non
1165 1149 1279 1170 natura).
1313 1143 1419 1178 Quippe
1443 1148 1571 1171 naturam
1594 1143 1732 1178 Aﬁthiops,

934 1188 1047 1225 Scytha,
1063 1188 1168 1221 Gallus,
1188 1190 1313 1217 homines
1329 1189 1462 1223 universi,
1480 1198 1562 1217 unam
1580 1191 1732 1225 quamdam

934 1235 1044 1266 habent.
1068 1235 1228 1263 nationibus
1244 1236 1312 1270 ipsis
1334 1236 1369 1263 ob
1383 1236 1497 1270 exiguas
1512 1236 1646 1271 quasdam
1664 1244 1730 1271 pro-

932 1281 1063 1316 prietates
1083 1280 1199 1307 invicem
1222 1280 1456 1316 discrepantibus.
1475 1281 1566 1308 Animi
1594 1289 1660 1309 vero
1690 1281 1734 1308 in-

933 1327 1061 1355 stitutum
1081 1326 1192 1354 dillieile
1207 1327 1289 1354 fuerit
1304 1328 1387 1354 etiam
1407 1328 1434 1354 in
1451 1326 1584 1355 fratribus
1599 1335 1653 1354 non
1670 1334 1735 1355 esse

933 1373 1083 1401 diversum.
1108 1373 1239 1409 Rationes
1254 1381 1320 1408 ergo
1344 1374 1462 1406 vivendi,
1485 1381 1535 1401 ceu
1557 1374 1659 1401 dictqu
1681 1379 1734 1413 est.

933 1427 989 1447 non
1008 1419 1175 1448 indistincta:
1192 1425 1299 1447 natum
1323 1421 1429 1448 ratione
1452 1421 1670 1465 distinguuntur,
1687 1421 1734 1448 sed

935 1467 1043 1494 ratione
1056 1466 1207 1494 scindentis
1220 1474 1250 1494 se
1272 1467 1299 1494 in
1313 1467 1420 1495 diversa
1435 1467 1517 1495 studii
1532 1473 1558 1495 et
1577 1467 1733 1494 electionis.

935 1511 1029 1541 Cuivis
1043 1517 1134 1540 autem
1150 1513 1212 1540 vita:
1220 1513 1292 1548 quod
1304 1513 1536 1548 iucundissimum
1552 1519 1604 1547 est,
1616 1504 1648 1541 ex
1667 1520 1736 1541 cono

936 1558 1083 1586 suetudine
1100 1559 1241 1586 conciliari
1260 1560 1390 1592 arbitror,
1404 1567 1457 1587 non
1474 1567 1488 1587 a
1503 1565 1601 1588 natura
1621 1568 1735 1595 prorsus

937 1605 1007 1632 indi.
1024 1604 1091 1631 Nam
1108 1606 1202 1633 videas
1223 1605 1388 1633 laboriosam
1406 1607 1562 1641 malamque
1579 1607 1662 1634 vitam
1678 1607 1735 1634 ali-

938 1652 981 1679 cui
998 1651 1122 1684 :haram,
1140 1652 1187 1686 qui
1201 1659 1232 1680 ea
1245 1652 1280 1680 sit
1296 1660 1363 1680 usus
1378 1660 1448 1680 :nec
1465 1653 1600 1680 insuctam
1615 1661 1677 1681 cum
1691 1653 1736 1680 illa

937 1699 1159 1730 commutaverit,
1177 1698 1240 1725 licet
1261 1702 1288 1725 et
1307 1698 1456 1733 voluptatis
1472 1699 1550 1733 plena
1568 1699 1614 1731 sit,
1628 1704 1654 1725 et
1665 1699 1738 1726 vitu-

939 1745 1016 1779 perio
1037 1744 1163 1772 (hareat.
1183 1743 1319 1771 Utendum
1341 1751 1405 1779 ergo
1419 1745 1526 1772 ratione
1543 1745 1604 1772 vita:
1618 1744 1736 1777 meliori,

939 1798 1022 1825 quam
1054 1798 1122 1818 usus
1147 1790 1205 1825 ipse
1233 1790 1382 1826 jucundam
1408 1799 1440 1818 ac
1473 1796 1579 1826 gratam
1607 1792 1736 1826 paulatim

939 1836 1047 1864 elﬁciet.

1316 1882 1360 1910 IV.

976 1937 1054 1965 Scire
1068 1937 1150 1966 debes
1163 1938 1221 1968 tibi,
1239 1939 1285 1974 qui
1302 1946 1375 1966 nunc
1390 1939 1416 1966 in
1434 1939 1495 1974 ipso
1510 1940 1598 1968 anatis
1614 1949 1644 1968 es
1657 1941 1736 1973 ﬂore.

940 1989 1171 2020 peropportunum
1201 1985 1253 2012 hoc
1279 1992 1340 2012 esse
1368 1990 1474 2020 tempus
1501 1986 1617 2021 eligendi
1653 1989 1736 2016 vitam

941 2031 1084 2066 optimam,
1098 2038 1180 2065 quam
1197 2036 1223 2058 ct
1241 2031 1452 2066 przeelarissime
1468 2040 1543 2068 agas,
1555 2035 1736 2069 etimprimas

942 2078 1043 2110 animo.
1056 2083 1082 2105 et
1095 2077 1141 2105 tibi
1159 2078 1296 2112 propriam
1313 2086 1345 2106 ac
1362 2084 1524 2114 perpetuam
1540 2081 1650 2109 reddas.
1666 2081 1738 2110 Nec-

942 2124 1006 2152 dum
1016 2125 1089 2151 enim
1102 2129 1126 2152 te
1135 2123 1281 2152 dimi-ultas
1293 2125 1463 2160 anticipavit.
1475 2125 1542 2154 Nam
1556 2127 1641 2161 prius,
1653 2136 1736 2163 quam

944 2171 1003 2206 ipse
1032 2177 1058 2198 te
1074 2170 1148 2197 vitiis
1167 2170 1304 2204 inieceris,
1319 2171 1476 2199 facillimum
1493 2172 1637 2201 fuerit‘res
1653 2174 1739 2203 bonas

945 2221 1027 2250 atque
1043 2215 1187 2250 praeclaras
1205 2224 1296 2252 agerc.
1312 2216 1359 2244 Sin
1372 2217 1513 2252 pravitatis
1528 2219 1666 2254 particeps
1680 2221 1738 2248 l'ac-

944 2267 987 2290 tus
1002 2263 1097 2295 frueris,
1120 2263 1255 2298 duplicem
1275 2264 1430 2291 molestiam
1447 2265 1609 2299 experieris.
1626 2266 1738 2302 Magno-

943 2317 1008 2344 pere
1022 2308 1171 2341 laborabis,
1187 2313 1215 2335 et
1229 2316 1377 2343 operosum
1398 2310 1461 2342 erit,
1476 2311 1619 2338 ambarum
1635 2317 1664 2338 ut
1679 2321 1738 2339 mu-

945 2364 1028 2383 nuum
1046 2355 1219 2383 abstersione
1234 2355 1360 2383 libereris
1374 2363 1389 2383 a
1405 2357 1478 2383 malo
1495 2364 1502 2383 :
1522 2361 1549 2383 et
1565 2357 1664 2384 bonum
1689 2359 1738 2386 tibi

944 2402 1074 2429 concilies
1084 2401 1261 2436 adiunctione
1272 2402 1389 2436 quadam
1402 2407 1540 2435 accurata,
1552 2411 1614 2439 qua:
1626 2404 1668 2431 vix
1680 2405 1739 2433 lon-

945 2456 978 2483 go
999 2449 1056 2476 lieri
1073 2453 1196 2483 tempore
1217 2448 1297 2476 solet.

1332 2504 1362 2532 V.

979 2562 1134 2590 Admodum
1159 2562 1225 2590 mihi
1242 2562 1351 2589 videtur
1370 2569 1431 2590 esse
1448 2564 1634 2598 perspicuum,
1652 2565 1740 2593 fclici-

945 2613 1028 2635 tatem
1041 2615 1149 2640 eorum,
1165 2607 1211 2642 qui
1225 2615 1315 2634 rerum
1332 2608 1486 2642 potiuntur,
1499 2610 1534 2636 ab
1549 2610 1738 2644 omnipotente

944 2662 1025 2681 manu
1043 2654 1172 2688 pendere,
1187 2653 1299 2688 quando
1312 2659 1337 2681 et
1351 2661 1400 2682 cor
1422 2654 1542 2689 ipsorum
1558 2657 1651 2682 eadem
1671 2664 1738 2683 cou-

944 2700 1024 2728 tineri
1040 2699 1196 2735 perhibent.
1214 2701 1307 2735 itaque
1325 2706 1349 2728 te
1365 2700 1501 2729 felicitatis
1519 2702 1648 2737 cupidum
1667 2703 1738 2731 scire

944 2754 1056 2775 necesse
1070 2750 1121 2778 est.
1140 2753 1199 2774 eam
1216 2746 1252 2773 ibi
1268 2748 1452 2782 qumrcndam,
1479 2750 1551 2776 unde
1565 2750 1667 2777 hauriri
1687 2758 1737 2785 po-

945 2799 1010 2827 test,
1022 2794 1152 2821 nimirum
1163 2801 1178 2820 ι
1195 2793 1266 2820 Deo:
1279 2793 1424 2828 praebendo
1441 2795 1614 2830 temetipsum
1629 2803 1681 2822 non
1694 2795 1736 2822 in-

944 2839 1067 2875 dignum,
1083 2839 1128 2874 qui
1142 2838 1320 2874 prosperitate
1340 2838 1457 2868 fruatur.
1471 2839 1538 2868 Nam
1553 2841 1596 2868 eui
1618 2849 1679 2868 cunt
1701 2841 1738 2868 iis

944 2894 1014 2922 quas
1033 2887 1145 2920 expetit,
1166 2886 1248 2914 rebus
1264 2885 1337 2914 haud
1356 2887 1484 2915 convenit
1501 2897 1508 2915 :
1526 2888 1548 2916 is
1562 2888 1605 2916 vel
1622 2895 1737 2922 prorsus
