  <div class='ocr_page' id='page_1' title='image "/cluster/home/n/w/nwhite01/storage/ocr_20150623/156/njp.32101077773214/172.png"; bbox 0 0 1938 3083; ppageno 0'>
   <div class='ocr_carea' id='block_1_1' title="bbox 87 182 153 213">
    <p class='ocr_par' dir='ltr' id='par_1_1' title="bbox 87 182 153 213">
     <span class='ocr_line' id='line_1_1' title="bbox 87 182 153 213; baseline -0.015 -1"><span class='ocrx_word' id='word_1_1' title='bbox 87 182 153 213; x_wconf 68' lang='lat'><strong>323</strong></span> 
     </span>
    </p>
   </div>
   <div class='ocr_carea' id='block_1_2' title="bbox 585 184 1226 216">
    <p class='ocr_par' dir='ltr' id='par_1_2' title="bbox 585 184 1226 216">
     <span class='ocr_line' id='line_1_2' title="bbox 585 184 1226 216; baseline 0.003 -2"><span class='ocrx_word' id='word_1_2' title='bbox 585 184 788 215; x_wconf 72' lang='grc' dir='ltr'><strong>ΡΠᾸΞΕΕΡΤΑ</strong></span> <span class='ocrx_word' id='word_1_3' title='bbox 811 185 910 214; x_wconf 86' lang='lat' dir='ltr'><strong>EDUC</strong></span> <span class='ocrx_word' id='word_1_4' title='bbox 919 185 1066 214; x_wconf 61' lang='lat' dir='ltr'><strong>»\.TlO_\&#39;IS</strong></span> <span class='ocrx_word' id='word_1_5' title='bbox 1086 186 1226 216; x_wconf 47' lang='lat' dir='ltr'><strong>REGIBE.</strong></span> 
     </span>
    </p>
   </div>
   <div class='ocr_carea' id='block_1_3' title="bbox 1666 188 1718 221">
    <p class='ocr_par' dir='ltr' id='par_1_3' title="bbox 1666 188 1718 221">
     <span class='ocr_line' id='line_1_3' title="bbox 1666 188 1718 221; baseline 0.038 -2"><span class='ocrx_word' id='word_1_6' title='bbox 1666 188 1718 221; x_wconf 71' lang='grc'><strong>334</strong></span> 
     </span>
    </p>
   </div>
   <div class='ocr_carea' id='block_1_4' title="bbox 87 239 888 278">
    <p class='ocr_par' dir='ltr' id='par_1_4' title="bbox 87 239 881 275">
     <span class='ocr_line' id='line_1_4' title="bbox 87 239 881 275; baseline 0.001 -9"><span class='ocrx_word' id='word_1_7' title='bbox 87 239 121 266; x_wconf 67' lang='lat' dir='ltr'><strong>Et</strong></span> <span class='ocrx_word' id='word_1_8' title='bbox 140 240 227 266; x_wconf 80' lang='grc' dir='ltr'>ταῦτα</span> <span class='ocrx_word' id='word_1_9' title='bbox 244 241 406 274; x_wconf 77' lang='grc' dir='ltr'>Αυμαίνεται</span> <span class='ocrx_word' id='word_1_10' title='bbox 428 240 477 275; x_wconf 81' lang='grc' dir='ltr'>μὲν</span> <span class='ocrx_word' id='word_1_11' title='bbox 493 242 541 267; x_wconf 70' lang='grc' dir='ltr'><strong>καὶ</strong></span> <span class='ocrx_word' id='word_1_12' title='bbox 560 242 624 273; x_wconf 84' lang='grc' dir='ltr'>τοὺς</span> <span class='ocrx_word' id='word_1_13' title='bbox 640 242 720 272; x_wconf 81' lang='grc' dir='ltr'>ἐκτὸς</span> <span class='ocrx_word' id='word_1_14' title='bbox 734 242 809 268; x_wconf 77' lang='grc' dir='ltr'>ἔστιν</span> <span class='ocrx_word' id='word_1_15' title='bbox 824 242 881 273; x_wconf 81' lang='grc' dir='ltr'>ὅτε,</span> 
     </span>
    </p>
   </div>
   <div class='ocr_carea' id='block_1_5' title="bbox 942 239 1719 278">
    <p class='ocr_par' dir='ltr' id='par_1_5' title="bbox 942 242 1719 278">
     <span class='ocr_line' id='line_1_5' title="bbox 942 242 1719 278; baseline 0.006 -10"><span class='ocrx_word' id='word_1_16' title='bbox 942 242 1000 276; x_wconf 70' lang='grc' dir='ltr'><strong>ζιιὶῑ.</strong></span> <span class='ocrx_word' id='word_1_17' title='bbox 1022 243 1057 269; x_wconf 79' lang='lat' dir='ltr'><strong>Ea</strong></span> <span class='ocrx_word' id='word_1_18' title='bbox 1090 244 1244 276; x_wconf 62' lang='lat' dir='ltr'><strong>coniuncta,</strong></span> <span class='ocrx_word' id='word_1_19' title='bbox 1263 251 1466 278; x_wconf 88' lang='lat' dir='ltr'><strong>nonnumquam</strong></span> <span class='ocrx_word' id='word_1_20' title='bbox 1498 244 1542 271; x_wconf 94' lang='lat' dir='ltr'><strong>illa</strong></span> <span class='ocrx_word' id='word_1_21' title='bbox 1555 245 1662 278; x_wconf 81' lang='lat' dir='ltr'><strong>quidem</strong></span> <span class='ocrx_word' id='word_1_22' title='bbox 1692 251 1719 273; x_wconf 80' lang='lat' dir='ltr'><strong>et</strong></span> 
     </span>
    </p>
   </div>
   <div class='ocr_carea' id='block_1_6' title="bbox 89 285 882 321">
    <p class='ocr_par' dir='ltr' id='par_1_6' title="bbox 89 285 882 321">
     <span class='ocr_line' id='line_1_6' title="bbox 89 285 882 321; baseline 0.001 -9"><span class='ocrx_word' id='word_1_23' title='bbox 89 286 161 312; x_wconf 77' lang='grc' dir='ltr'>καθ’</span> <span class='ocrx_word' id='word_1_24' title='bbox 180 286 242 312; x_wconf 79' lang='grc' dir='ltr'>ὅσον</span> <span class='ocrx_word' id='word_1_25' title='bbox 257 285 291 312; x_wconf 81' lang='grc' dir='ltr'><strong>ἂν</strong></span> <span class='ocrx_word' id='word_1_26' title='bbox 305 286 419 312; x_wconf 81' lang='grc' dir='ltr'><strong>ἐκείνων</strong></span> <span class='ocrx_word' id='word_1_27' title='bbox 441 287 598 321; x_wconf 81' lang='grc' dir='ltr'>καθάψαιτο</span> <span class='ocrx_word' id='word_1_28' title='bbox 608 296 614 304; x_wconf 86' lang='grc'><strong>·</strong></span> <span class='ocrx_word' id='word_1_29' title='bbox 632 288 694 319; x_wconf 76' lang='grc' dir='ltr'>τοὺς</span> <span class='ocrx_word' id='word_1_30' title='bbox 709 287 736 314; x_wconf 82' lang='grc' dir='ltr'>δὲ</span> <span class='ocrx_word' id='word_1_31' title='bbox 751 288 882 318; x_wconf 79' lang='grc' dir='ltr'><strong>τεκόντας</strong></span> 
     </span>
    </p>
   </div>
   <div class='ocr_carea' id='block_1_7' title="bbox 88 331 882 368">
    <p class='ocr_par' dir='ltr' id='par_1_7' title="bbox 88 331 882 368">
     <span class='ocr_line' id='line_1_7' title="bbox 88 331 882 368; baseline 0.003 -11"><span class='ocrx_word' id='word_1_32' title='bbox 88 331 199 362; x_wconf 77' lang='grc' dir='ltr'>αὐτοὺς</span> <span class='ocrx_word' id='word_1_33' title='bbox 212 331 263 358; x_wconf 83' lang='grc' dir='ltr'><strong>οὐκ</strong></span> <span class='ocrx_word' id='word_1_34' title='bbox 276 331 332 357; x_wconf 77' lang='grc' dir='ltr'><strong>ἔσθ’</strong></span> <span class='ocrx_word' id='word_1_35' title='bbox 345 332 420 363; x_wconf 82' lang='grc' dir='ltr'>ὅπως</span> <span class='ocrx_word' id='word_1_36' title='bbox 437 332 474 366; x_wconf 86' lang='grc' dir='ltr'>μὴ</span> <span class='ocrx_word' id='word_1_37' title='bbox 495 333 535 367; x_wconf 85' lang='grc' dir='ltr'>τῷ</span> <span class='ocrx_word' id='word_1_38' title='bbox 551 333 640 368; x_wconf 81' lang='grc' dir='ltr'>χρόνῳ</span> <span class='ocrx_word' id='word_1_39' title='bbox 662 333 801 364; x_wconf 78' lang='grc' dir='ltr'><strong>παντελῶς</strong></span> <span class='ocrx_word' id='word_1_40' title='bbox 817 334 882 359; x_wconf 71' lang='grc' dir='ltr'>ἁνα-</span> 
     </span>
    </p>
   </div>
   <div class='ocr_carea' id='block_1_8' title="bbox 88 377 885 414">
    <p class='ocr_par' dir='ltr' id='par_1_8' title="bbox 88 377 885 414">
     <span class='ocr_line' id='line_1_8' title="bbox 88 377 885 414; baseline 0.001 -10"><span class='ocrx_word' id='word_1_41' title='bbox 88 377 222 409; x_wconf 82' lang='grc' dir='ltr'>λώσειεν,</span> <span class='ocrx_word' id='word_1_42' title='bbox 245 378 409 413; x_wconf 78' lang='grc' dir='ltr'><strong>ἐντετηκότα</strong></span> <span class='ocrx_word' id='word_1_43' title='bbox 433 379 576 413; x_wconf 81' lang='grc' dir='ltr'><strong>διηνεκῶς,</strong></span> <span class='ocrx_word' id='word_1_44' title='bbox 603 380 650 405; x_wconf 74' lang='grc' dir='ltr'><strong>καὶ</strong></span> <span class='ocrx_word' id='word_1_45' title='bbox 671 379 779 414; x_wconf 79' lang='grc' dir='ltr'>δρῶντα</span> <span class='ocrx_word' id='word_1_46' title='bbox 800 379 815 405; x_wconf 86' lang='grc' dir='ltr'><strong>ὃ</strong></span> <span class='ocrx_word' id='word_1_47' title='bbox 835 379 885 404; x_wconf 82' lang='grc' dir='ltr'><strong>πέ-</strong></span> 
     </span>
    </p>
   </div>
   <div class='ocr_carea' id='block_1_9' title="bbox 89 424 882 459">
    <p class='ocr_par' dir='ltr' id='par_1_9' title="bbox 89 424 882 459">
     <span class='ocr_line' id='line_1_9' title="bbox 89 424 882 459; baseline 0 -9"><span class='ocrx_word' id='word_1_48' title='bbox 89 433 169 458; x_wconf 80' lang='grc' dir='ltr'>φυκε</span> <span class='ocrx_word' id='word_1_49' title='bbox 185 425 263 459; x_wconf 78' lang='grc' dir='ltr'>δρᾷν.</span> <span class='ocrx_word' id='word_1_50' title='bbox 283 424 352 450; x_wconf 76' lang='grc' dir='ltr'>Ἀλλ’</span> <span class='ocrx_word' id='word_1_51' title='bbox 367 424 464 459; x_wconf 78' lang='grc' dir='ltr'>ἐκείνῳ</span> <span class='ocrx_word' id='word_1_52' title='bbox 479 425 528 459; x_wconf 76' lang='grc' dir='ltr'><strong>μὲν</strong></span> <span class='ocrx_word' id='word_1_53' title='bbox 541 425 669 450; x_wconf 78' lang='grc' dir='ltr'><strong>ἀκούσιον</strong></span> <span class='ocrx_word' id='word_1_54' title='bbox 684 425 712 451; x_wconf 85' lang='grc' dir='ltr'>τὸ</span> <span class='ocrx_word' id='word_1_55' title='bbox 727 424 882 458; x_wconf 79' lang='grc' dir='ltr'>διαφθεῖρον</span> 
     </span>
    </p>
   </div>
   <div class='ocr_carea' id='block_1_10' title="bbox 96 469 884 504">
    <p class='ocr_par' dir='ltr' id='par_1_10' title="bbox 96 469 884 504">
     <span class='ocr_line' id='line_1_10' title="bbox 96 469 884 504; baseline 0 -8"><span class='ocrx_word' id='word_1_56' title='bbox 96 470 187 496; x_wconf 78' lang='grc' dir='ltr'>αὐτόν</span> <span class='ocrx_word' id='word_1_57' title='bbox 199 479 207 486; x_wconf 74' lang='grc' dir='ltr'><strong><em>ο</em></strong></span> <span class='ocrx_word' id='word_1_58' title='bbox 227 471 303 496; x_wconf 80' lang='grc' dir='ltr'>τουτὶ</span> <span class='ocrx_word' id='word_1_59' title='bbox 323 469 347 496; x_wconf 77' lang='grc' dir='ltr'>δ’</span> <span class='ocrx_word' id='word_1_60' title='bbox 364 470 413 495; x_wconf 83' lang='grc' dir='ltr'><strong>οὐκ</strong></span> <span class='ocrx_word' id='word_1_61' title='bbox 429 471 575 502; x_wconf 73' lang='grc' dir='ltr'><strong>ἀγνοοῦσιν</strong></span> <span class='ocrx_word' id='word_1_62' title='bbox 593 470 747 504; x_wconf 80' lang='grc' dir='ltr'><strong>ἐπιφύεται.</strong></span> <span class='ocrx_word' id='word_1_63' title='bbox 764 471 819 497; x_wconf 84' lang='grc' dir='ltr'><strong>Καὶ</strong></span> <span class='ocrx_word' id='word_1_64' title='bbox 839 470 884 497; x_wconf 65' lang='grc' dir='ltr'><strong>διὰ</strong></span> 
     </span>
    </p>
   </div>
   <div class='ocr_carea' id='block_1_11' title="bbox 89 517 884 552">
    <p class='ocr_par' dir='ltr' id='par_1_11' title="bbox 89 517 884 552">
     <span class='ocr_line' id='line_1_11' title="bbox 89 517 884 552; baseline 0.001 -9"><span class='ocrx_word' id='word_1_65' title='bbox 89 517 178 543; x_wconf 83' lang='grc' dir='ltr'>τοῦτο</span> <span class='ocrx_word' id='word_1_66' title='bbox 201 519 292 552; x_wconf 84' lang='grc' dir='ltr'>χεῖρον</span> <span class='ocrx_word' id='word_1_67' title='bbox 309 517 339 543; x_wconf 82' lang='grc' dir='ltr'><strong>τὸ</strong></span> <span class='ocrx_word' id='word_1_68' title='bbox 354 518 417 543; x_wconf 71' lang='grc' dir='ltr'><strong>καθ’</strong></span> <span class='ocrx_word' id='word_1_69' title='bbox 441 518 524 552; x_wconf 76' lang='grc' dir='ltr'><strong>ἡμᾶς,</strong></span> <span class='ocrx_word' id='word_1_70' title='bbox 540 518 589 543; x_wconf 66' lang='grc' dir='ltr'><strong>καὶ.</strong></span> <span class='ocrx_word' id='word_1_71' title='bbox 609 518 701 551; x_wconf 70' lang='grc' dir='ltr'>σχεδὸν</span> <span class='ocrx_word' id='word_1_72' title='bbox 717 518 884 552; x_wconf 84' lang='grc' dir='ltr'><strong>συγγνώμης</strong></span> 
     </span>
    </p>
   </div>
   <div class='ocr_carea' id='block_1_12' title="bbox 89 563 887 599">
    <p class='ocr_par' dir='ltr' id='par_1_12' title="bbox 89 563 887 599">
     <span class='ocr_line' id='line_1_12' title="bbox 89 563 887 599; baseline 0.001 -10"><span class='ocrx_word' id='word_1_73' title='bbox 89 564 149 589; x_wconf 62' lang='grc' dir='ltr'><strong>οὒκ</strong></span> <span class='ocrx_word' id='word_1_74' title='bbox 159 563 244 596; x_wconf 73' lang='grc' dir='ltr'>ἄξιον.</span> <span class='ocrx_word' id='word_1_75' title='bbox 259 564 386 597; x_wconf 75' lang='grc' dir='ltr'>Γίγνεται</span> <span class='ocrx_word' id='word_1_76' title='bbox 401 564 454 598; x_wconf 71' lang='grc' dir='ltr'>γὰρ</span> <span class='ocrx_word' id='word_1_77' title='bbox 477 563 679 598; x_wconf 79' lang='grc' dir='ltr'><strong>παραπλήσιον,</strong></span> <span class='ocrx_word' id='word_1_78' title='bbox 700 564 796 599; x_wconf 85' lang='grc' dir='ltr'>ὥσπερ</span> <span class='ocrx_word' id='word_1_79' title='bbox 810 564 843 590; x_wconf 85' lang='grc' dir='ltr'><strong>ἂν</strong></span> <span class='ocrx_word' id='word_1_80' title='bbox 859 564 887 590; x_wconf 75' lang='grc' dir='ltr'>εἴ</span> 
     </span>
    </p>
   </div>
   <div class='ocr_carea' id='block_1_13' title="bbox 88 602 886 645">
    <p class='ocr_par' dir='ltr' id='par_1_13' title="bbox 88 602 886 645">
     <span class='ocr_line' id='line_1_13' title="bbox 88 602 886 645; baseline 0.001 -10"><span class='ocrx_word' id='word_1_81' title='bbox 88 617 140 640; x_wconf 83' lang='grc' dir='ltr'><strong>τις</strong></span> <span class='ocrx_word' id='word_1_82' title='bbox 163 609 262 635; x_wconf 74' lang='grc' dir='ltr'>ἐθέλων</span> <span class='ocrx_word' id='word_1_83' title='bbox 280 609 400 635; x_wconf 73' lang='grc' dir='ltr'>ὁντινοῦν</span> <span class='ocrx_word' id='word_1_84' title='bbox 425 602 565 644; x_wconf 63' lang='grc' dir='ltr'><strong>ἐμπρῆσαι</strong></span> <span class='ocrx_word' id='word_1_85' title='bbox 590 610 644 636; x_wconf 84' lang='grc' dir='ltr'><strong>τῶν</strong></span> <span class='ocrx_word' id='word_1_86' title='bbox 666 610 783 645; x_wconf 82' lang='grc' dir='ltr'><strong>ἐχθρῶν,</strong></span> <span class='ocrx_word' id='word_1_87' title='bbox 802 618 886 636; x_wconf 65' lang='grc' dir='ltr'>κατα.</span> 
     </span>
    </p>
   </div>
   <div class='ocr_carea' id='block_1_14' title="bbox 90 654 885 691">
    <p class='ocr_par' dir='ltr' id='par_1_14' title="bbox 90 654 885 691">
     <span class='ocr_line' id='line_1_14' title="bbox 90 654 885 691; baseline 0.003 -11"><span class='ocrx_word' id='word_1_88' title='bbox 90 655 205 687; x_wconf 80' lang='grc' dir='ltr'>δέξαιτο</span> <span class='ocrx_word' id='word_1_89' title='bbox 225 654 302 686; x_wconf 78' lang='grc' dir='ltr'>ξύλον</span> <span class='ocrx_word' id='word_1_90' title='bbox 323 655 462 689; x_wconf 72' lang='grc' dir='ltr'>γενέσθαι,</span> <span class='ocrx_word' id='word_1_91' title='bbox 478 656 526 681; x_wconf 78' lang='grc' dir='ltr'><strong>καὶ</strong></span> <span class='ocrx_word' id='word_1_92' title='bbox 539 656 648 690; x_wconf 78' lang='grc' dir='ltr'>δοθῆναι</span> <span class='ocrx_word' id='word_1_93' title='bbox 665 656 703 691; x_wconf 85' lang='grc' dir='ltr'>τῷ</span> <span class='ocrx_word' id='word_1_94' title='bbox 718 657 795 690; x_wconf 64' lang='grc' dir='ltr'>πυρὶ,</span> <span class='ocrx_word' id='word_1_95' title='bbox 815 656 885 683; x_wconf 69' lang='grc' dir='ltr'>ὥστε</span> 
     </span>
    </p>
   </div>
   <div class='ocr_carea' id='block_1_15' title="bbox 91 700 885 736">
    <p class='ocr_par' dir='ltr' id='par_1_15' title="bbox 91 700 885 736">
     <span class='ocr_line' id='line_1_15' title="bbox 91 700 885 736; baseline 0.003 -10"><span class='ocrx_word' id='word_1_96' title='bbox 91 701 145 726; x_wconf 76' lang='grc' dir='ltr'>τὸν</span> <span class='ocrx_word' id='word_1_97' title='bbox 174 700 339 735; x_wconf 79' lang='grc' dir='ltr'><strong>μισούμενον</strong></span> <span class='ocrx_word' id='word_1_98' title='bbox 363 702 548 728; x_wconf 71' lang='grc' dir='ltr'>κατακαῦσαι.</span> <span class='ocrx_word' id='word_1_99' title='bbox 576 702 725 736; x_wconf 77' lang='grc' dir='ltr'>’Δντικρυς</span> <span class='ocrx_word' id='word_1_100' title='bbox 754 702 768 727; x_wconf 87' lang='grc' dir='ltr'><strong>ό</strong></span> <span class='ocrx_word' id='word_1_101' title='bbox 789 702 885 735; x_wconf 77' lang='grc' dir='ltr'>φοόνος</span> 
     </span>
    </p>
   </div>
   <div class='ocr_carea' id='block_1_16' title="bbox 93 746 886 782">
    <p class='ocr_par' dir='ltr' id='par_1_16' title="bbox 93 746 886 782">
     <span class='ocr_line' id='line_1_16' title="bbox 93 746 886 782; baseline 0.003 -11"><span class='ocrx_word' id='word_1_102' title='bbox 93 746 257 772; x_wconf 77' lang='grc' dir='ltr'>σατανικόν.</span> <span class='ocrx_word' id='word_1_103' title='bbox 280 746 317 772; x_wconf 82' lang='grc' dir='ltr'><strong>οὐ</strong></span> <span class='ocrx_word' id='word_1_104' title='bbox 343 746 398 781; x_wconf 84' lang='grc' dir='ltr'><strong>γὰρ</strong></span> <span class='ocrx_word' id='word_1_105' title='bbox 418 748 522 777; x_wconf 81' lang='grc' dir='ltr'>ἐκεῖνος</span> <span class='ocrx_word' id='word_1_106' title='bbox 539 747 589 781; x_wconf 83' lang='grc' dir='ltr'>τὴν</span> <span class='ocrx_word' id='word_1_107' title='bbox 614 747 726 773; x_wconf 76' lang='grc' dir='ltr'><strong>κόλασιν</strong></span> <span class='ocrx_word' id='word_1_108' title='bbox 741 747 886 782; x_wconf 73' lang='grc' dir='ltr'>καταδέχε-</span> 
     </span>
    </p>
   </div>
   <div class='ocr_carea' id='block_1_17' title="bbox 91 792 886 827">
    <p class='ocr_par' dir='ltr' id='par_1_17' title="bbox 91 792 886 827">
     <span class='ocr_line' id='line_1_17' title="bbox 91 792 886 827; baseline 0.003 -10"><span class='ocrx_word' id='word_1_109' title='bbox 91 800 155 822; x_wconf 76' lang='grc' dir='ltr'>ται,</span> <span class='ocrx_word' id='word_1_110' title='bbox 173 792 189 826; x_wconf 80' lang='grc' dir='ltr'>ἢ</span> <span class='ocrx_word' id='word_1_111' title='bbox 208 792 252 818; x_wconf 77' lang='grc' dir='ltr'>διὰ</span> <span class='ocrx_word' id='word_1_112' title='bbox 275 792 305 817; x_wconf 72' lang='grc' dir='ltr'>τὸ</span> <span class='ocrx_word' id='word_1_113' title='bbox 328 792 494 826; x_wconf 75' lang='grc' dir='ltr'>κολασθῆναί</span> <span class='ocrx_word' id='word_1_114' title='bbox 510 801 586 823; x_wconf 87' lang='grc' dir='ltr'>τινας</span> <span class='ocrx_word' id='word_1_115' title='bbox 611 793 734 826; x_wconf 86' lang='grc' dir='ltr'><strong>ποιῆσαι.</strong></span> <span class='ocrx_word' id='word_1_116' title='bbox 753 793 807 818; x_wconf 84' lang='lat' dir='ltr'><strong>Kal.</strong></span> <span class='ocrx_word' id='word_1_117' title='bbox 832 793 886 827; x_wconf 78' lang='grc' dir='ltr'>μὴν</span> 
     </span>
    </p>
   </div>
   <div class='ocr_carea' id='block_1_18' title="bbox 92 836 886 872">
    <p class='ocr_par' dir='ltr' id='par_1_18' title="bbox 92 836 886 872">
     <span class='ocr_line' id='line_1_18' title="bbox 92 836 886 872; baseline 0.003 -10"><span class='ocrx_word' id='word_1_118' title='bbox 92 837 146 862; x_wconf 72' lang='grc' dir='ltr'><strong>καὶ</strong></span> <span class='ocrx_word' id='word_1_119' title='bbox 165 836 260 871; x_wconf 75' lang='grc' dir='ltr'>ἄφρων</span> <span class='ocrx_word' id='word_1_120' title='bbox 284 838 297 863; x_wconf 86' lang='grc' dir='ltr'><strong>ό</strong></span> <span class='ocrx_word' id='word_1_121' title='bbox 321 837 435 870; x_wconf 75' lang='grc' dir='ltr'><strong>φθονῶν.</strong></span> <span class='ocrx_word' id='word_1_122' title='bbox 454 837 490 864; x_wconf 77' lang='grc' dir='ltr'><strong>Τὸ</strong></span> <span class='ocrx_word' id='word_1_123' title='bbox 507 837 557 872; x_wconf 78' lang='grc' dir='ltr'><strong>μὲν</strong></span> <span class='ocrx_word' id='word_1_124' title='bbox 572 838 625 872; x_wconf 87' lang='grc' dir='ltr'>γὰρ</span> <span class='ocrx_word' id='word_1_125' title='bbox 646 838 727 864; x_wconf 71' lang='grc' dir='ltr'>αὑτὸν</span> <span class='ocrx_word' id='word_1_126' title='bbox 745 838 886 864; x_wconf 70' lang='grc' dir='ltr'>ἀναλίσκε-</span> 
     </span>
    </p>
   </div>
   <div class='ocr_carea' id='block_1_19' title="bbox 93 881 886 918">
    <p class='ocr_par' dir='ltr' id='par_1_19' title="bbox 93 881 886 918">
     <span class='ocr_line' id='line_1_19' title="bbox 93 881 886 918; baseline 0.004 -11"><span class='ocrx_word' id='word_1_127' title='bbox 93 881 162 908; x_wconf 81' lang='grc' dir='ltr'>σθαι</span> <span class='ocrx_word' id='word_1_128' title='bbox 178 883 332 914; x_wconf 73' lang='grc' dir='ltr'><strong>ἀναγκαίως</strong></span> <span class='ocrx_word' id='word_1_129' title='bbox 351 883 474 915; x_wconf 83' lang='grc' dir='ltr'>γίγνεται</span> <span class='ocrx_word' id='word_1_130' title='bbox 487 891 494 898; x_wconf 94' lang='grc'><strong>·</strong></span> <span class='ocrx_word' id='word_1_131' title='bbox 507 884 537 908; x_wconf 63' lang='grc' dir='ltr'><strong>τδ</strong></span> <span class='ocrx_word' id='word_1_132' title='bbox 554 883 691 918; x_wconf 78' lang='grc' dir='ltr'>φθαρῆναι</span> <span class='ocrx_word' id='word_1_133' title='bbox 704 883 731 909; x_wconf 71' lang='grc' dir='ltr'>δὲ</span> <span class='ocrx_word' id='word_1_134' title='bbox 745 884 790 909; x_wconf 82' lang='grc' dir='ltr'>τὸν</span> <span class='ocrx_word' id='word_1_135' title='bbox 807 883 886 910; x_wconf 77' lang='grc' dir='ltr'>ἄλλον</span> 
     </span>
    </p>
   </div>
   <div class='ocr_carea' id='block_1_20' title="bbox 935 288 1716 324">
    <p class='ocr_par' dir='ltr' id='par_1_20' title="bbox 935 288 1716 324">
     <span class='ocr_line' id='line_1_20' title="bbox 935 288 1716 324; baseline 0.005 -10"><span class='ocrx_word' id='word_1_136' title='bbox 935 288 997 314; x_wconf 86' lang='lat' dir='ltr'><strong>aliis</strong></span> <span class='ocrx_word' id='word_1_137' title='bbox 1029 288 1148 315; x_wconf 71' lang='lat' dir='ltr'><strong>all&#39;erunt</strong></span> <span class='ocrx_word' id='word_1_138' title='bbox 1174 289 1298 321; x_wconf 79' lang='lat' dir='ltr'><strong>exitium,</strong></span> <span class='ocrx_word' id='word_1_139' title='bbox 1331 294 1413 324; x_wconf 86' lang='lat' dir='ltr'><strong>prout</strong></span> <span class='ocrx_word' id='word_1_140' title='bbox 1428 297 1473 316; x_wconf 86' lang='lat' dir='ltr'><strong>eos</strong></span> <span class='ocrx_word' id='word_1_141' title='bbox 1506 290 1716 324; x_wconf 84' lang='lat' dir='ltr'><strong>impetiverint:</strong></span> 
     </span>
    </p>
   </div>
   <div class='ocr_carea' id='block_1_21' title="bbox 934 334 1718 371">
    <p class='ocr_par' dir='ltr' id='par_1_21' title="bbox 934 334 1718 371">
     <span class='ocr_line' id='line_1_21' title="bbox 934 334 1718 371; baseline 0.005 -11"><span class='ocrx_word' id='word_1_142' title='bbox 934 339 962 360; x_wconf 85' lang='lat' dir='ltr'><strong>at</strong></span> <span class='ocrx_word' id='word_1_143' title='bbox 975 334 1048 368; x_wconf 85' lang='lat' dir='ltr'><strong>ipsos</strong></span> <span class='ocrx_word' id='word_1_144' title='bbox 1060 340 1196 365; x_wconf 84' lang='lat' dir='ltr'><strong>auctores,</strong></span> <span class='ocrx_word' id='word_1_145' title='bbox 1212 335 1268 361; x_wconf 84' lang='lat' dir='ltr'><strong>ﬁeri</strong></span> <span class='ocrx_word' id='word_1_146' title='bbox 1295 343 1347 362; x_wconf 92' lang='lat' dir='ltr'><strong>nou</strong></span> <span class='ocrx_word' id='word_1_147' title='bbox 1365 340 1464 368; x_wconf 74' lang='lat' dir='ltr'><strong>potest,</strong></span> <span class='ocrx_word' id='word_1_148' title='bbox 1491 337 1556 370; x_wconf 92' lang='lat' dir='ltr'><strong>quin</strong></span> <span class='ocrx_word' id='word_1_149' title='bbox 1587 337 1718 371; x_wconf 92' lang='lat' dir='ltr'><strong>paulatim</strong></span> 
     </span>
    </p>
   </div>
   <div class='ocr_carea' id='block_1_22' title="bbox 936 381 1719 417">
    <p class='ocr_par' dir='ltr' id='par_1_22' title="bbox 936 381 1719 417">
     <span class='ocr_line' id='line_1_22' title="bbox 936 381 1719 417; baseline 0.004 -12"><span class='ocrx_word' id='word_1_150' title='bbox 936 387 1048 413; x_wconf 78' lang='lat' dir='ltr'><strong>prersus</strong></span> <span class='ocrx_word' id='word_1_151' title='bbox 1064 381 1227 412; x_wconf 81' lang='lat' dir='ltr'><strong>absumant;</strong></span> <span class='ocrx_word' id='word_1_152' title='bbox 1251 381 1350 407; x_wconf 88' lang='lat' dir='ltr'><strong>animis</strong></span> <span class='ocrx_word' id='word_1_153' title='bbox 1366 382 1469 408; x_wconf 77' lang='lat' dir='ltr'><strong>scilicet</strong></span> <span class='ocrx_word' id='word_1_154' title='bbox 1485 382 1565 408; x_wconf 74' lang='lat' dir='ltr'><strong>inllxa</strong></span> <span class='ocrx_word' id='word_1_155' title='bbox 1580 388 1719 417; x_wconf 73' lang='lat' dir='ltr'><strong>perpetuo,</strong></span> 
     </span>
    </p>
   </div>
   <div class='ocr_carea' id='block_1_23' title="bbox 935 427 1722 461">
    <p class='ocr_par' dir='ltr' id='par_1_23' title="bbox 935 427 1722 461">
     <span class='ocr_line' id='line_1_23' title="bbox 935 427 1722 461; baseline 0.004 -9"><span class='ocrx_word' id='word_1_156' title='bbox 935 427 1061 461; x_wconf 86' lang='lat' dir='ltr'><strong>quodque</strong></span> <span class='ocrx_word' id='word_1_157' title='bbox 1078 430 1172 452; x_wconf 83' lang='lat' dir='ltr'><strong>natura</strong></span> <span class='ocrx_word' id='word_1_158' title='bbox 1185 427 1283 457; x_wconf 82' lang='lat' dir='ltr'><strong>solent,</strong></span> <span class='ocrx_word' id='word_1_159' title='bbox 1308 427 1465 454; x_wconf 78' lang='lat' dir='ltr'><strong>eﬂ&#39;icientia.</strong></span> <span class='ocrx_word' id='word_1_160' title='bbox 1491 428 1543 455; x_wconf 85' lang='lat' dir='ltr'><strong>Sed</strong></span> <span class='ocrx_word' id='word_1_161' title='bbox 1567 429 1638 455; x_wconf 89' lang='lat' dir='ltr'><strong>enim</strong></span> <span class='ocrx_word' id='word_1_162' title='bbox 1668 429 1722 455; x_wconf 83' lang='lat' dir='ltr'><strong>ler-</strong></span> 
     </span>
    </p>
   </div>
   <div class='ocr_carea' id='block_1_24' title="bbox 936 470 1720 507">
    <p class='ocr_par' dir='ltr' id='par_1_24' title="bbox 936 470 1720 507">
     <span class='ocr_line' id='line_1_24' title="bbox 936 470 1720 507; baseline 0.006 -12"><span class='ocrx_word' id='word_1_163' title='bbox 936 477 994 496; x_wconf 81' lang='lat' dir='ltr'><strong>rum</strong></span> <span class='ocrx_word' id='word_1_164' title='bbox 1011 470 1087 504; x_wconf 87' lang='lat' dir='ltr'><strong>quasi</strong></span> <span class='ocrx_word' id='word_1_165' title='bbox 1103 478 1149 503; x_wconf 83' lang='lat' dir='ltr'><strong>per</strong></span> <span class='ocrx_word' id='word_1_166' title='bbox 1161 470 1215 497; x_wconf 92' lang='lat' dir='ltr'><strong>vim</strong></span> <span class='ocrx_word' id='word_1_167' title='bbox 1228 478 1241 496; x_wconf 70' lang='grc' dir='ltr'>τι</span> <span class='ocrx_word' id='word_1_168' title='bbox 1253 471 1379 504; x_wconf 80' lang='lat' dir='ltr'><strong>rubigine</strong></span> <span class='ocrx_word' id='word_1_169' title='bbox 1400 473 1595 507; x_wconf 73' lang='lat' dir='ltr'><strong>corrumpitur,</strong></span> <span class='ocrx_word' id='word_1_170' title='bbox 1610 479 1636 500; x_wconf 90' lang='lat' dir='ltr'><strong>at</strong></span> <span class='ocrx_word' id='word_1_171' title='bbox 1649 474 1720 500; x_wconf 91' lang='lat' dir='ltr'><strong>istud</strong></span> 
     </span>
    </p>
   </div>
   <div class='ocr_carea' id='block_1_25' title="bbox 935 516 1724 552">
    <p class='ocr_par' dir='ltr' id='par_1_25' title="bbox 935 516 1724 552">
     <span class='ocr_line' id='line_1_25' title="bbox 935 516 1724 552; baseline 0.006 -10"><span class='ocrx_word' id='word_1_172' title='bbox 935 523 991 543; x_wconf 92' lang='lat' dir='ltr'><strong>non</strong></span> <span class='ocrx_word' id='word_1_173' title='bbox 1022 516 1177 551; x_wconf 84' lang='lat' dir='ltr'><strong>ignorantes</strong></span> <span class='ocrx_word' id='word_1_174' title='bbox 1202 517 1344 549; x_wconf 81' lang='lat' dir='ltr'><strong>aduritur;</strong></span> <span class='ocrx_word' id='word_1_175' title='bbox 1359 518 1472 552; x_wconf 87' lang='lat' dir='ltr'><strong>ideoque</strong></span> <span class='ocrx_word' id='word_1_176' title='bbox 1495 520 1593 546; x_wconf 81' lang='lat' dir='ltr'><strong>malum</strong></span> <span class='ocrx_word' id='word_1_177' title='bbox 1611 520 1661 547; x_wconf 84' lang='lat' dir='ltr'><strong>hoc</strong></span> <span class='ocrx_word' id='word_1_178' title='bbox 1675 528 1724 547; x_wconf 85' lang='lat' dir='ltr'><strong>no-</strong></span> 
     </span>
    </p>
   </div>
   <div class='ocr_carea' id='block_1_26' title="bbox 936 562 1721 597">
    <p class='ocr_par' dir='ltr' id='par_1_26' title="bbox 936 562 1721 597">
     <span class='ocr_line' id='line_1_26' title="bbox 936 562 1721 597; baseline 0.004 -8"><span class='ocrx_word' id='word_1_179' title='bbox 936 565 1023 589; x_wconf 88' lang='lat' dir='ltr'><strong>strum</strong></span> <span class='ocrx_word' id='word_1_180' title='bbox 1038 562 1114 595; x_wconf 88' lang='lat' dir='ltr'><strong>pejus</strong></span> <span class='ocrx_word' id='word_1_181' title='bbox 1126 567 1178 594; x_wconf 82' lang='lat' dir='ltr'><strong>est,</strong></span> <span class='ocrx_word' id='word_1_182' title='bbox 1198 570 1229 589; x_wconf 76' lang='lat' dir='ltr'><strong>:ic</strong></span> <span class='ocrx_word' id='word_1_183' title='bbox 1245 571 1327 597; x_wconf 81' lang='lat' dir='ltr'><strong>prope</strong></span> <span class='ocrx_word' id='word_1_184' title='bbox 1347 565 1451 590; x_wconf 83' lang='lat' dir='ltr'><strong>veniam</strong></span> <span class='ocrx_word' id='word_1_185' title='bbox 1469 565 1568 591; x_wconf 83' lang='lat' dir='ltr'><strong>nullam</strong></span> <span class='ocrx_word' id='word_1_186' title='bbox 1589 572 1721 593; x_wconf 88' lang='lat' dir='ltr'><strong>meretur.</strong></span> 
     </span>
    </p>
   </div>
   <div class='ocr_carea' id='block_1_27' title="bbox 937 607 1720 646">
    <p class='ocr_par' dir='ltr' id='par_1_27' title="bbox 937 607 1720 646">
     <span class='ocr_line' id='line_1_27' title="bbox 937 607 1720 646; baseline 0.008 -12"><span class='ocrx_word' id='word_1_187' title='bbox 937 607 1041 642; x_wconf 87' lang='lat' dir='ltr'><strong>Quippe</strong></span> <span class='ocrx_word' id='word_1_188' title='bbox 1053 609 1194 635; x_wconf 83' lang='lat' dir='ltr'><strong>consimile</strong></span> <span class='ocrx_word' id='word_1_189' title='bbox 1205 609 1333 643; x_wconf 89' lang='lat' dir='ltr'><strong>quiddam</strong></span> <span class='ocrx_word' id='word_1_190' title='bbox 1347 611 1458 642; x_wconf 74' lang='lat' dir='ltr'><strong>accidit,</strong></span> <span class='ocrx_word' id='word_1_191' title='bbox 1470 619 1500 638; x_wconf 81' lang='lat' dir='ltr'><strong>ac</strong></span> <span class='ocrx_word' id='word_1_192' title='bbox 1511 612 1533 638; x_wconf 87' lang='lat' dir='ltr'><strong>si</strong></span> <span class='ocrx_word' id='word_1_193' title='bbox 1546 613 1606 646; x_wconf 86' lang='lat' dir='ltr'><strong>quis</strong></span> <span class='ocrx_word' id='word_1_194' title='bbox 1616 613 1720 640; x_wconf 82' lang='lat' dir='ltr'><strong>hostem</strong></span> 
     </span>
    </p>
   </div>
   <div class='ocr_carea' id='block_1_28' title="bbox 937 658 1722 692">
    <p class='ocr_par' dir='ltr' id='par_1_28' title="bbox 937 658 1722 692">
     <span class='ocr_line' id='line_1_28' title="bbox 937 658 1722 692; baseline 0.008 -12"><span class='ocrx_word' id='word_1_195' title='bbox 937 663 1128 689; x_wconf 88' lang='lat' dir='ltr'><strong>quemcunque</strong></span> <span class='ocrx_word' id='word_1_196' title='bbox 1151 662 1328 683; x_wconf 88' lang='lat' dir='ltr'><strong>concremare</strong></span> <span class='ocrx_word' id='word_1_197' title='bbox 1354 658 1458 690; x_wconf 86' lang='lat' dir='ltr'><strong>volens,</strong></span> <span class='ocrx_word' id='word_1_198' title='bbox 1475 659 1577 692; x_wconf 72' lang='lat' dir='ltr'><strong>lignum</strong></span> <span class='ocrx_word' id='word_1_199' title='bbox 1592 660 1647 686; x_wconf 84' lang='lat' dir='ltr'><strong>ﬁeri</strong></span> <span class='ocrx_word' id='word_1_200' title='bbox 1660 668 1722 686; x_wconf 80' lang='lat' dir='ltr'><strong>sus-</strong></span> 
     </span>
    </p>
   </div>
   <div class='ocr_carea' id='block_1_29' title="bbox 937 702 1724 740">
    <p class='ocr_par' dir='ltr' id='par_1_29' title="bbox 937 702 1724 740">
     <span class='ocr_line' id='line_1_29' title="bbox 937 702 1724 740; baseline 0.005 -12"><span class='ocrx_word' id='word_1_201' title='bbox 937 702 1031 733; x_wconf 84' lang='lat' dir='ltr'><strong>tineat,</strong></span> <span class='ocrx_word' id='word_1_202' title='bbox 1049 703 1147 736; x_wconf 83' lang='lat' dir='ltr'><strong>aeigui</strong></span> <span class='ocrx_word' id='word_1_203' title='bbox 1165 702 1243 733; x_wconf 88' lang='lat' dir='ltr'><strong>tradi,</strong></span> <span class='ocrx_word' id='word_1_204' title='bbox 1256 710 1311 736; x_wconf 89' lang='lat' dir='ltr'><strong>quo</strong></span> <span class='ocrx_word' id='word_1_205' title='bbox 1336 704 1482 737; x_wconf 75' lang='lat' dir='ltr'><strong>conllagret</strong></span> <span class='ocrx_word' id='word_1_206' title='bbox 1513 705 1545 736; x_wconf 83' lang='lat' dir='ltr'><strong>is,</strong></span> <span class='ocrx_word' id='word_1_207' title='bbox 1571 713 1650 740; x_wconf 86' lang='lat' dir='ltr'><strong>quem</strong></span> <span class='ocrx_word' id='word_1_208' title='bbox 1663 706 1724 733; x_wconf 86' lang='lat' dir='ltr'><strong>odio</strong></span> 
     </span>
    </p>
   </div>
   <div class='ocr_carea' id='block_1_30' title="bbox 937 748 1725 783">
    <p class='ocr_par' dir='ltr' id='par_1_30' title="bbox 937 748 1725 783">
     <span class='ocr_line' id='line_1_30' title="bbox 937 748 1725 783; baseline 0.005 -10"><span class='ocrx_word' id='word_1_209' title='bbox 937 749 1122 781; x_wconf 89' lang='lat' dir='ltr'><strong>persequitur.</strong></span> <span class='ocrx_word' id='word_1_210' title='bbox 1144 748 1242 774; x_wconf 85' lang='lat' dir='ltr'><strong>Procul</strong></span> <span class='ocrx_word' id='word_1_211' title='bbox 1256 748 1339 774; x_wconf 82' lang='lat' dir='ltr'><strong>dubio</strong></span> <span class='ocrx_word' id='word_1_212' title='bbox 1359 748 1518 775; x_wconf 82' lang='lat' dir='ltr'><strong>Satanicum</strong></span> <span class='ocrx_word' id='word_1_213' title='bbox 1534 750 1663 783; x_wconf 79' lang='lat' dir='ltr'><strong>quiddam</strong></span> <span class='ocrx_word' id='word_1_214' title='bbox 1682 757 1725 778; x_wconf 88' lang='lat' dir='ltr'><strong>est</strong></span> 
     </span>
    </p>
   </div>
   <div class='ocr_carea' id='block_1_31' title="bbox 937 792 1724 830">
    <p class='ocr_par' dir='ltr' id='par_1_31' title="bbox 937 792 1724 830">
     <span class='ocr_line' id='line_1_31' title="bbox 937 792 1724 830; baseline 0.004 -11"><span class='ocrx_word' id='word_1_215' title='bbox 937 793 1051 819; x_wconf 81' lang='lat' dir='ltr'><strong>invidia.</strong></span> <span class='ocrx_word' id='word_1_216' title='bbox 1066 792 1170 827; x_wconf 85' lang='lat' dir='ltr'><strong>Quippe</strong></span> <span class='ocrx_word' id='word_1_217' title='bbox 1186 793 1300 819; x_wconf 81' lang='lat' dir='ltr'><strong>Satanas</strong></span> <span class='ocrx_word' id='word_1_218' title='bbox 1325 793 1405 820; x_wconf 81' lang='lat' dir='ltr'><strong>aliam</strong></span> <span class='ocrx_word' id='word_1_219' title='bbox 1430 795 1530 821; x_wconf 84' lang='lat' dir='ltr'><strong>nullam</strong></span> <span class='ocrx_word' id='word_1_220' title='bbox 1554 795 1588 821; x_wconf 88' lang='lat' dir='ltr'><strong>ob</strong></span> <span class='ocrx_word' id='word_1_221' title='bbox 1614 796 1724 830; x_wconf 81' lang='lat' dir='ltr'><strong>culpam</strong></span> 
     </span>
    </p>
   </div>
   <div class='ocr_carea' id='block_1_32' title="bbox 937 838 1725 875">
    <p class='ocr_par' dir='ltr' id='par_1_32' title="bbox 937 838 1725 875">
     <span class='ocr_line' id='line_1_32' title="bbox 937 838 1725 875; baseline 0.005 -10"><span class='ocrx_word' id='word_1_222' title='bbox 937 839 1075 873; x_wconf 80' lang='lat' dir='ltr'><strong>plectitur,</strong></span> <span class='ocrx_word' id='word_1_223' title='bbox 1093 847 1174 874; x_wconf 86' lang='lat' dir='ltr'><strong>quam</strong></span> <span class='ocrx_word' id='word_1_224' title='bbox 1200 840 1270 873; x_wconf 90' lang='lat' dir='ltr'><strong>quod</strong></span> <span class='ocrx_word' id='word_1_225' title='bbox 1294 838 1388 871; x_wconf 77' lang='lat' dir='ltr'><strong>edicit,</strong></span> <span class='ocrx_word' id='word_1_226' title='bbox 1421 845 1450 866; x_wconf 92' lang='lat' dir='ltr'><strong>ut</strong></span> <span class='ocrx_word' id='word_1_227' title='bbox 1482 841 1527 867; x_wconf 85' lang='lat' dir='ltr'><strong>alii</strong></span> <span class='ocrx_word' id='word_1_228' title='bbox 1561 841 1725 875; x_wconf 78' lang='lat' dir='ltr'><strong>plectantur.</strong></span> 
     </span>
    </p>
   </div>
   <div class='ocr_carea' id='block_1_33' title="bbox 939 885 1725 921">
    <p class='ocr_par' dir='ltr' id='par_1_33' title="bbox 939 885 1725 921">
     <span class='ocr_line' id='line_1_33' title="bbox 939 885 1725 921; baseline 0.005 -12"><span class='ocrx_word' id='word_1_229' title='bbox 939 885 1008 917; x_wconf 86' lang='lat' dir='ltr'><strong>Quin</strong></span> <span class='ocrx_word' id='word_1_230' title='bbox 1028 890 1054 910; x_wconf 76' lang='lat' dir='ltr'><strong>rt</strong></span> <span class='ocrx_word' id='word_1_231' title='bbox 1071 892 1164 911; x_wconf 77' lang='lat' dir='ltr'><strong>amens</strong></span> <span class='ocrx_word' id='word_1_232' title='bbox 1181 890 1231 915; x_wconf 74' lang='lat' dir='ltr'><strong>est.</strong></span> <span class='ocrx_word' id='word_1_233' title='bbox 1244 886 1289 919; x_wconf 87' lang='lat' dir='ltr'><strong>qui</strong></span> <span class='ocrx_word' id='word_1_234' title='bbox 1315 886 1421 912; x_wconf 77' lang='lat' dir='ltr'><strong>laborat</strong></span> <span class='ocrx_word' id='word_1_235' title='bbox 1445 886 1566 920; x_wconf 85' lang='lat' dir='ltr'><strong>invidia;</strong></span> <span class='ocrx_word' id='word_1_236' title='bbox 1583 895 1644 913; x_wconf 79' lang='lat' dir='ltr'><strong>nam</strong></span> <span class='ocrx_word' id='word_1_237' title='bbox 1660 888 1725 921; x_wconf 90' lang='lat' dir='ltr'><strong>quin</strong></span> 
     </span>
    </p>
   </div>
   <div class='ocr_carea' id='block_1_34' title="bbox 95 928 888 965">
    <p class='ocr_par' dir='ltr' id='par_1_34' title="bbox 95 928 888 964">
     <span class='ocr_line' id='line_1_34' title="bbox 95 928 888 964; baseline 0.003 -11"><span class='ocrx_word' id='word_1_238' title='bbox 95 928 154 953; x_wconf 79' lang='grc' dir='ltr'><strong>οὐκ</strong></span> <span class='ocrx_word' id='word_1_239' title='bbox 175 928 298 961; x_wconf 81' lang='grc' dir='ltr'><strong>εὒδηλον.</strong></span> <span class='ocrx_word' id='word_1_240' title='bbox 320 928 395 954; x_wconf 68' lang='grc' dir='ltr'><strong>Ἐπεὶ</strong></span> <span class='ocrx_word' id='word_1_241' title='bbox 411 931 457 954; x_wconf 78' lang='grc' dir='ltr'><strong>καὶ</strong></span> <span class='ocrx_word' id='word_1_242' title='bbox 478 928 544 960; x_wconf 75' lang='grc' dir='ltr'><strong>ξύλα</strong></span> <span class='ocrx_word' id='word_1_243' title='bbox 566 929 615 963; x_wconf 82' lang='grc' dir='ltr'><strong>μὲν</strong></span> <span class='ocrx_word' id='word_1_244' title='bbox 642 928 728 955; x_wconf 78' lang='grc' dir='ltr'>πολλὰ</span> <span class='ocrx_word' id='word_1_245' title='bbox 752 929 888 964; x_wconf 72' lang='grc' dir='ltr'>πολλάκις,</span> 
     </span>
    </p>
   </div>
   <div class='ocr_carea' id='block_1_35' title="bbox 942 928 1725 965">
    <p class='ocr_par' dir='ltr' id='par_1_35' title="bbox 945 929 1725 965">
     <span class='ocr_line' id='line_1_35' title="bbox 945 929 1725 965; baseline 0.006 -11"><span class='ocrx_word' id='word_1_246' title='bbox 945 929 1103 955; x_wconf 83' lang='lat' dir='ltr'><strong>absumatur</strong></span> <span class='ocrx_word' id='word_1_247' title='bbox 1118 929 1185 961; x_wconf 82' lang='lat' dir='ltr'><strong>ipse.</strong></span> <span class='ocrx_word' id='word_1_248' title='bbox 1203 930 1258 956; x_wconf 80' lang='lat' dir='ltr'><strong>ﬁeri</strong></span> <span class='ocrx_word' id='word_1_249' title='bbox 1274 931 1349 956; x_wconf 92' lang='lat' dir='ltr'><strong>nullo</strong></span> <span class='ocrx_word' id='word_1_250' title='bbox 1363 931 1442 957; x_wconf 89' lang='lat' dir='ltr'><strong>modo</strong></span> <span class='ocrx_word' id='word_1_251' title='bbox 1464 935 1551 965; x_wconf 84' lang='lat' dir='ltr'><strong>potest</strong></span> <span class='ocrx_word' id='word_1_252' title='bbox 1565 940 1571 957; x_wconf 90' lang='lat'>:</span> <span class='ocrx_word' id='word_1_253' title='bbox 1588 941 1620 958; x_wconf 85' lang='lat' dir='ltr'><strong>an</strong></span> <span class='ocrx_word' id='word_1_254' title='bbox 1636 937 1725 959; x_wconf 62' lang='lat' dir='ltr'><strong>autem</strong></span> 
     </span>
    </p>
   </div>
   <div class='ocr_carea' id='block_1_36' title="bbox 92 972 890 1009">
    <p class='ocr_par' dir='ltr' id='par_1_36' title="bbox 92 972 890 1009">
     <span class='ocr_line' id='line_1_36' title="bbox 92 972 890 1009; baseline 0 -10"><span class='ocrx_word' id='word_1_255' title='bbox 92 972 187 1007; x_wconf 74' lang='grc' dir='ltr'>οἶμαι,</span> <span class='ocrx_word' id='word_1_256' title='bbox 204 975 372 1008; x_wconf 71' lang='grc' dir='ltr'>τετέφρωτκι</span> <span class='ocrx_word' id='word_1_257' title='bbox 387 982 393 989; x_wconf 91' lang='grc'><strong>·</strong></span> <span class='ocrx_word' id='word_1_258' title='bbox 410 974 459 1009; x_wconf 80' lang='grc' dir='ltr'>τὴν</span> <span class='ocrx_word' id='word_1_259' title='bbox 478 974 506 999; x_wconf 75' lang='grc' dir='ltr'>δὲ</span> <span class='ocrx_word' id='word_1_260' title='bbox 520 974 570 1000; x_wconf 77' lang='grc' dir='ltr'><strong>οὐκ</strong></span> <span class='ocrx_word' id='word_1_261' title='bbox 587 973 740 1008; x_wconf 75' lang='grc' dir='ltr'><strong>εὔπρηστον</strong></span> <span class='ocrx_word' id='word_1_262' title='bbox 756 974 823 1009; x_wconf 84' lang='grc' dir='ltr'>ὕλην</span> <span class='ocrx_word' id='word_1_263' title='bbox 839 975 890 1000; x_wconf 71' lang='grc' dir='ltr'><strong>οὐκ</strong></span> 
     </span>
    </p>
   </div>
   <div class='ocr_carea' id='block_1_37' title="bbox 90 1019 892 1054">
    <p class='ocr_par' dir='ltr' id='par_1_37' title="bbox 90 1019 892 1054">
     <span class='ocr_line' id='line_1_37' title="bbox 90 1019 892 1054; baseline -0.001 -8"><span class='ocrx_word' id='word_1_264' title='bbox 90 1019 266 1051; x_wconf 68' lang='grc' dir='ltr'><strong>δξανάλωσε.</strong></span> <span class='ocrx_word' id='word_1_265' title='bbox 283 1020 366 1054; x_wconf 78' lang='grc' dir='ltr'><strong>Γεννᾷ</strong></span> <span class='ocrx_word' id='word_1_266' title='bbox 389 1020 416 1045; x_wconf 81' lang='grc' dir='ltr'>δὲ</span> <span class='ocrx_word' id='word_1_267' title='bbox 441 1019 538 1053; x_wconf 77' lang='grc' dir='ltr'>φθόνος</span> <span class='ocrx_word' id='word_1_268' title='bbox 566 1020 612 1045; x_wconf 76' lang='grc' dir='ltr'>τὸν</span> <span class='ocrx_word' id='word_1_269' title='bbox 638 1020 724 1051; x_wconf 64' lang='grc' dir='ltr'><strong>διλον⁹</strong></span> <span class='ocrx_word' id='word_1_270' title='bbox 739 1020 787 1046; x_wconf 77' lang='grc' dir='ltr'><strong>καὶ</strong></span> <span class='ocrx_word' id='word_1_271' title='bbox 810 1028 892 1046; x_wconf 59' lang='grc' dir='ltr'>συκῆ-</span> 
     </span>
    </p>
   </div>
   <div class='ocr_carea' id='block_1_38' title="bbox 93 1064 889 1100">
    <p class='ocr_par' dir='ltr' id='par_1_38' title="bbox 93 1064 889 1100">
     <span class='ocr_line' id='line_1_38' title="bbox 93 1064 889 1100; baseline 0.003 -10"><span class='ocrx_word' id='word_1_272' title='bbox 93 1066 230 1098; x_wconf 72' lang='grc' dir='ltr'>φαντίαν,</span> <span class='ocrx_word' id='word_1_273' title='bbox 247 1066 294 1090; x_wconf 73' lang='grc' dir='ltr'><strong>καὶ</strong></span> <span class='ocrx_word' id='word_1_274' title='bbox 322 1067 411 1099; x_wconf 76' lang='grc' dir='ltr'>μῖσος,</span> <span class='ocrx_word' id='word_1_275' title='bbox 439 1066 521 1096; x_wconf 68' lang='grc' dir='ltr'>αὐτὸς</span> <span class='ocrx_word' id='word_1_276' title='bbox 548 1064 587 1099; x_wconf 87' lang='grc' dir='ltr'>τῷ</span> <span class='ocrx_word' id='word_1_277' title='bbox 613 1066 688 1100; x_wconf 80' lang='grc' dir='ltr'>ζήλῳ</span> <span class='ocrx_word' id='word_1_278' title='bbox 707 1064 889 1100; x_wconf 70' lang='grc' dir='ltr'>γεννώμενος.</span> 
     </span>
    </p>
   </div>
   <div class='ocr_carea' id='block_1_39' title="bbox 92 1110 891 1146">
    <p class='ocr_par' dir='ltr' id='par_1_39' title="bbox 92 1110 891 1146">
     <span class='ocr_line' id='line_1_39' title="bbox 92 1110 891 1146; baseline -0.001 -9"><span class='ocrx_word' id='word_1_279' title='bbox 92 1111 176 1144; x_wconf 83' lang='grc' dir='ltr'>Πλὴν</span> <span class='ocrx_word' id='word_1_280' title='bbox 190 1110 252 1136; x_wconf 66' lang='grc' dir='ltr'>οὔτε</span> <span class='ocrx_word' id='word_1_281' title='bbox 274 1110 328 1137; x_wconf 84' lang='grc' dir='ltr'><strong>τῶν</strong></span> <span class='ocrx_word' id='word_1_282' title='bbox 347 1111 485 1144; x_wconf 80' lang='grc' dir='ltr'><strong>μεγίστων</strong></span> <span class='ocrx_word' id='word_1_283' title='bbox 504 1112 572 1146; x_wconf 61' lang='grc' dir='ltr'>πρός</span> <span class='ocrx_word' id='word_1_284' title='bbox 586 1113 649 1142; x_wconf 72' lang='grc' dir='ltr'>τοὺς</span> <span class='ocrx_word' id='word_1_285' title='bbox 671 1112 741 1144; x_wconf 75' lang='grc' dir='ltr'>ἄγαν</span> <span class='ocrx_word' id='word_1_286' title='bbox 756 1111 891 1145; x_wconf 81' lang='grc' dir='ltr'><strong>φαυλοτὲ-</strong></span> 
     </span>
    </p>
   </div>
   <div class='ocr_carea' id='block_1_40' title="bbox 93 1152 889 1191">
    <p class='ocr_par' dir='ltr' id='par_1_40' title="bbox 93 1152 889 1191">
     <span class='ocr_line' id='line_1_40' title="bbox 93 1152 889 1191; baseline 0 -9"><span class='ocrx_word' id='word_1_287' title='bbox 93 1165 178 1191; x_wconf 83' lang='grc' dir='ltr'>ρους.</span> <span class='ocrx_word' id='word_1_288' title='bbox 195 1156 225 1181; x_wconf 82' lang='grc' dir='ltr'><strong>ἐν</strong></span> <span class='ocrx_word' id='word_1_289' title='bbox 249 1152 271 1188; x_wconf 84' lang='grc' dir='ltr'>ᾧ</span> <span class='ocrx_word' id='word_1_290' title='bbox 289 1164 319 1188; x_wconf 84' lang='grc' dir='ltr'><strong>γε</strong></span> <span class='ocrx_word' id='word_1_291' title='bbox 339 1156 448 1189; x_wconf 72' lang='grc' dir='ltr'>μείζους</span> <span class='ocrx_word' id='word_1_292' title='bbox 464 1156 545 1185; x_wconf 80' lang='grc' dir='ltr'>εἰσὶν,</span> <span class='ocrx_word' id='word_1_293' title='bbox 558 1157 571 1181; x_wconf 86' lang='grc' dir='ltr'><strong>ό</strong></span> <span class='ocrx_word' id='word_1_294' title='bbox 595 1156 690 1190; x_wconf 78' lang='grc' dir='ltr'>φθόνος</span> <span class='ocrx_word' id='word_1_295' title='bbox 706 1155 791 1186; x_wconf 80' lang='grc' dir='ltr'>πάθος</span> <span class='ocrx_word' id='word_1_296' title='bbox 805 1157 889 1188; x_wconf 78' lang='grc' dir='ltr'><strong>ἐστὶν,</strong></span> 
     </span>
    </p>
   </div>
   <div class='ocr_carea' id='block_1_41' title="bbox 92 1201 890 1236">
    <p class='ocr_par' dir='ltr' id='par_1_41' title="bbox 92 1201 890 1236">
     <span class='ocr_line' id='line_1_41' title="bbox 92 1201 890 1236; baseline -0.001 -8"><span class='ocrx_word' id='word_1_297' title='bbox 92 1203 164 1228; x_wconf 80' lang='grc' dir='ltr'>οὒτε</span> <span class='ocrx_word' id='word_1_298' title='bbox 198 1202 252 1236; x_wconf 79' lang='grc' dir='ltr'><strong>μὴν</strong></span> <span class='ocrx_word' id='word_1_299' title='bbox 275 1202 329 1227; x_wconf 85' lang='grc' dir='ltr'><strong>τῶν</strong></span> <span class='ocrx_word' id='word_1_300' title='bbox 358 1201 525 1235; x_wconf 77' lang='grc' dir='ltr'>παμπληθὲς</span> <span class='ocrx_word' id='word_1_301' title='bbox 553 1202 708 1228; x_wconf 77' lang='grc' dir='ltr'>ἐλασσόνων</span> <span class='ocrx_word' id='word_1_302' title='bbox 732 1201 802 1236; x_wconf 80' lang='grc' dir='ltr'>πρὸς</span> <span class='ocrx_word' id='word_1_303' title='bbox 826 1202 890 1232; x_wconf 84' lang='grc' dir='ltr'>τοὺς</span> 
     </span>
    </p>
   </div>
   <div class='ocr_carea' id='block_1_42' title="bbox 93 1247 891 1283">
    <p class='ocr_par' dir='ltr' id='par_1_42' title="bbox 93 1247 891 1283">
     <span class='ocr_line' id='line_1_42' title="bbox 93 1247 891 1283; baseline -0.001 -9"><span class='ocrx_word' id='word_1_304' title='bbox 93 1248 285 1283; x_wconf 74' lang='grc' dir='ltr'><strong>ὑπερέχοντας</strong></span> <span class='ocrx_word' id='word_1_305' title='bbox 302 1248 415 1282; x_wconf 82' lang='grc' dir='ltr'>σφόδρα,</span> <span class='ocrx_word' id='word_1_306' title='bbox 429 1248 492 1274; x_wconf 77' lang='grc' dir='ltr'>οὔτε</span> <span class='ocrx_word' id='word_1_307' title='bbox 510 1248 564 1274; x_wconf 86' lang='grc' dir='ltr'><strong>τῶν</strong></span> <span class='ocrx_word' id='word_1_308' title='bbox 581 1248 730 1283; x_wconf 80' lang='grc' dir='ltr'><strong>χρωμένων</strong></span> <span class='ocrx_word' id='word_1_309' title='bbox 747 1247 891 1282; x_wconf 70' lang='grc' dir='ltr'><strong>ἐπιτηδεύ-</strong></span> 
     </span>
    </p>
   </div>
   <div class='ocr_carea' id='block_1_43' title="bbox 97 1293 887 1328">
    <p class='ocr_par' dir='ltr' id='par_1_43' title="bbox 97 1293 887 1328">
     <span class='ocr_line' id='line_1_43' title="bbox 97 1293 887 1328; baseline 0 -9"><span class='ocrx_word' id='word_1_310' title='bbox 97 1301 172 1328; x_wconf 81' lang='grc' dir='ltr'>μασι</span> <span class='ocrx_word' id='word_1_311' title='bbox 186 1293 370 1328; x_wconf 76' lang='grc' dir='ltr'><strong>διισταμένοις</strong></span> <span class='ocrx_word' id='word_1_312' title='bbox 389 1293 523 1327; x_wconf 79' lang='grc' dir='ltr'><strong>ἀλλήλων.</strong></span> <span class='ocrx_word' id='word_1_313' title='bbox 541 1294 609 1320; x_wconf 77' lang='grc' dir='ltr'>ἀλλὰ</span> <span class='ocrx_word' id='word_1_314' title='bbox 632 1295 686 1320; x_wconf 89' lang='grc' dir='ltr'><strong>τὼν</strong></span> <span class='ocrx_word' id='word_1_315' title='bbox 700 1293 801 1328; x_wconf 66' lang='grc' dir='ltr'>ἐρίζειν</span> <span class='ocrx_word' id='word_1_316' title='bbox 818 1293 887 1327; x_wconf 82' lang='grc' dir='ltr'>πρὸς</span> 
     </span>
    </p>
   </div>
   <div class='ocr_carea' id='block_1_44' title="bbox 97 1339 886 1375">
    <p class='ocr_par' dir='ltr' id='par_1_44' title="bbox 97 1339 886 1375">
     <span class='ocr_line' id='line_1_44' title="bbox 97 1339 886 1375; baseline -0.001 -9"><span class='ocrx_word' id='word_1_317' title='bbox 97 1339 237 1374; x_wconf 81' lang='grc' dir='ltr'>ἀλλήλους</span> <span class='ocrx_word' id='word_1_318' title='bbox 251 1339 419 1374; x_wconf 83' lang='grc' dir='ltr'><strong>δυναμένων,</strong></span> <span class='ocrx_word' id='word_1_319' title='bbox 434 1340 482 1366; x_wconf 75' lang='grc' dir='ltr'><strong>καὶ</strong></span> <span class='ocrx_word' id='word_1_320' title='bbox 495 1339 645 1366; x_wconf 77' lang='grc' dir='ltr'>δοκούντων</span> <span class='ocrx_word' id='word_1_321' title='bbox 661 1339 836 1366; x_wconf 75' lang='grc' dir='ltr'>ἐλαττοῦσθαι</span> <span class='ocrx_word' id='word_1_322' title='bbox 853 1340 886 1375; x_wconf 83' lang='grc' dir='ltr'>τῇ</span> 
     </span>
    </p>
   </div>
   <div class='ocr_carea' id='block_1_45' title="bbox 96 1386 574 1421">
    <p class='ocr_par' dir='ltr' id='par_1_45' title="bbox 96 1386 574 1421">
     <span class='ocr_line' id='line_1_45' title="bbox 96 1386 574 1421; baseline 0.002 -9"><span class='ocrx_word' id='word_1_323' title='bbox 96 1387 158 1412; x_wconf 79' lang='grc' dir='ltr'><strong>τῶν</strong></span> <span class='ocrx_word' id='word_1_324' title='bbox 178 1387 373 1420; x_wconf 74' lang='grc' dir='ltr'><strong>ἁμιλλωμένων</strong></span> <span class='ocrx_word' id='word_1_325' title='bbox 389 1386 574 1421; x_wconf 79' lang='grc' dir='ltr'><strong>λαμπρότητι.</strong></span> 
     </span>
    </p>
   </div>
   <div class='ocr_carea' id='block_1_46' title="bbox 940 973 1726 1010">
    <p class='ocr_par' dir='ltr' id='par_1_46' title="bbox 940 973 1726 1010">
     <span class='ocr_line' id='line_1_46' title="bbox 940 973 1726 1010; baseline 0.005 -11"><span class='ocrx_word' id='word_1_326' title='bbox 940 974 1054 1000; x_wconf 82' lang='lat' dir='ltr'><strong>exitium</strong></span> <span class='ocrx_word' id='word_1_327' title='bbox 1070 974 1105 1000; x_wconf 82' lang='lat' dir='ltr'><strong>sit</strong></span> <span class='ocrx_word' id='word_1_328' title='bbox 1119 973 1260 1000; x_wconf 82' lang='lat' dir='ltr'><strong>adlaturus</strong></span> <span class='ocrx_word' id='word_1_329' title='bbox 1290 975 1380 1006; x_wconf 91' lang='lat' dir='ltr'><strong>alteri,</strong></span> <span class='ocrx_word' id='word_1_330' title='bbox 1407 980 1482 1002; x_wconf 87' lang='lat' dir='ltr'><strong>certo</strong></span> <span class='ocrx_word' id='word_1_331' title='bbox 1509 984 1563 1002; x_wconf 92' lang='lat' dir='ltr'><strong>non</strong></span> <span class='ocrx_word' id='word_1_332' title='bbox 1597 981 1726 1010; x_wconf 78' lang='lat' dir='ltr'><strong>Constat;</strong></span> 
     </span>
    </p>
   </div>
   <div class='ocr_carea' id='block_1_47' title="bbox 940 1020 1727 1057">
    <p class='ocr_par' dir='ltr' id='par_1_47' title="bbox 940 1020 1727 1057">
     <span class='ocr_line' id='line_1_47' title="bbox 940 1020 1727 1057; baseline 0.006 -12"><span class='ocrx_word' id='word_1_333' title='bbox 940 1021 1050 1053; x_wconf 83' lang='lat' dir='ltr'><strong>quando</strong></span> <span class='ocrx_word' id='word_1_334' title='bbox 1066 1020 1175 1054; x_wconf 84' lang='lat' dir='ltr'><strong>quidem</strong></span> <span class='ocrx_word' id='word_1_335' title='bbox 1193 1026 1219 1045; x_wconf 82' lang='lat' dir='ltr'><strong>et</strong></span> <span class='ocrx_word' id='word_1_336' title='bbox 1239 1020 1290 1046; x_wconf 91' lang='lat' dir='ltr'><strong>vim</strong></span> <span class='ocrx_word' id='word_1_337' title='bbox 1318 1021 1455 1054; x_wconf 71' lang='lat' dir='ltr'><strong>lignorum</strong></span> <span class='ocrx_word' id='word_1_338' title='bbox 1471 1029 1598 1056; x_wconf 75' lang='lat' dir='ltr'><strong>magnam</strong></span> <span class='ocrx_word' id='word_1_339' title='bbox 1629 1024 1727 1057; x_wconf 65' lang='lat' dir='ltr'><strong>smpins</strong></span> 
     </span>
    </p>
   </div>
   <div class='ocr_carea' id='block_1_48' title="bbox 918 1065 1730 1099">
    <p class='ocr_par' dir='ltr' id='par_1_48' title="bbox 918 1065 1730 1099">
     <span class='ocr_line' id='line_1_48' title="bbox 918 1065 1730 1099; baseline 0.002 -7"><span class='ocrx_word' id='word_1_340' title='bbox 918 1092 921 1094; x_wconf 32' lang='grc' dir='ltr'>λ</span> <span class='ocrx_word' id='word_1_341' title='bbox 942 1066 968 1092; x_wconf 94' lang='lat' dir='ltr'><strong>in</strong></span> <span class='ocrx_word' id='word_1_342' title='bbox 990 1066 1095 1092; x_wconf 82' lang='lat' dir='ltr'><strong>cineres</strong></span> <span class='ocrx_word' id='word_1_343' title='bbox 1112 1065 1248 1092; x_wconf 74' lang='lat' dir='ltr'><strong>redactam</strong></span> <span class='ocrx_word' id='word_1_344' title='bbox 1278 1066 1394 1099; x_wconf 83' lang='lat' dir='ltr'><strong>scimus,</strong></span> <span class='ocrx_word' id='word_1_345' title='bbox 1411 1075 1474 1093; x_wconf 92' lang='lat' dir='ltr'><strong>cum</strong></span> <span class='ocrx_word' id='word_1_346' title='bbox 1506 1068 1615 1095; x_wconf 91' lang='lat' dir='ltr'><strong>interim</strong></span> <span class='ocrx_word' id='word_1_347' title='bbox 1643 1075 1730 1096; x_wconf 59' lang='lat' dir='ltr'><strong>ruite-</strong></span> 
     </span>
    </p>
   </div>
   <div class='ocr_carea' id='block_1_49' title="bbox 943 1110 1729 1148">
    <p class='ocr_par' dir='ltr' id='par_1_49' title="bbox 943 1110 1729 1148">
     <span class='ocr_line' id='line_1_49' title="bbox 943 1110 1729 1148; baseline 0.006 -12"><span class='ocrx_word' id='word_1_348' title='bbox 943 1112 1010 1137; x_wconf 86' lang='lat' dir='ltr'><strong>riam</strong></span> <span class='ocrx_word' id='word_1_349' title='bbox 1025 1115 1147 1137; x_wconf 90' lang='lat' dir='ltr'><strong>crematu</strong></span> <span class='ocrx_word' id='word_1_350' title='bbox 1160 1110 1298 1137; x_wconf 76' lang='lat' dir='ltr'><strong>diﬂicilem</strong></span> <span class='ocrx_word' id='word_1_351' title='bbox 1318 1119 1373 1138; x_wconf 88' lang='lat' dir='ltr'><strong>non</strong></span> <span class='ocrx_word' id='word_1_352' title='bbox 1405 1112 1613 1146; x_wconf 81' lang='lat' dir='ltr'><strong>absumpsisset.</strong></span> <span class='ocrx_word' id='word_1_353' title='bbox 1637 1114 1729 1148; x_wconf 78' lang='lat' dir='ltr'><strong>Gignit</strong></span> 
     </span>
    </p>
   </div>
   <div class='ocr_carea' id='block_1_50' title="bbox 942 1156 1729 1191">
    <p class='ocr_par' dir='ltr' id='par_1_50' title="bbox 942 1156 1729 1191">
     <span class='ocr_line' id='line_1_50' title="bbox 942 1156 1729 1191; baseline 0.006 -9"><span class='ocrx_word' id='word_1_354' title='bbox 942 1161 1031 1183; x_wconf 89' lang='lat' dir='ltr'><strong>autem</strong></span> <span class='ocrx_word' id='word_1_355' title='bbox 1046 1157 1146 1183; x_wconf 84' lang='lat' dir='ltr'><strong>invidia</strong></span> <span class='ocrx_word' id='word_1_356' title='bbox 1160 1156 1297 1188; x_wconf 78' lang='lat' dir='ltr'><strong>lramlem,</strong></span> <span class='ocrx_word' id='word_1_357' title='bbox 1317 1161 1344 1184; x_wconf 86' lang='lat' dir='ltr'><strong>et</strong></span> <span class='ocrx_word' id='word_1_358' title='bbox 1364 1158 1541 1185; x_wconf 79' lang='lat' dir='ltr'><strong>calumniam.</strong></span> <span class='ocrx_word' id='word_1_359' title='bbox 1567 1164 1594 1186; x_wconf 92' lang='lat' dir='ltr'><strong>et</strong></span> <span class='ocrx_word' id='word_1_360' title='bbox 1624 1161 1729 1191; x_wconf 84' lang='lat' dir='ltr'><strong>odium.</strong></span> 
     </span>
    </p>
   </div>
   <div class='ocr_carea' id='block_1_51' title="bbox 942 1203 1730 1236">
    <p class='ocr_par' dir='ltr' id='par_1_51' title="bbox 942 1203 1730 1236">
     <span class='ocr_line' id='line_1_51' title="bbox 942 1203 1730 1236; baseline 0.006 -8"><span class='ocrx_word' id='word_1_361' title='bbox 942 1211 1003 1229; x_wconf 69' lang='lat' dir='ltr'><strong>cum</strong></span> <span class='ocrx_word' id='word_1_362' title='bbox 1026 1203 1083 1236; x_wconf 83' lang='lat' dir='ltr'><strong>ipsa</strong></span> <span class='ocrx_word' id='word_1_363' title='bbox 1095 1208 1254 1236; x_wconf 89' lang='lat' dir='ltr'><strong>procreetur</strong></span> <span class='ocrx_word' id='word_1_364' title='bbox 1269 1204 1302 1230; x_wconf 83' lang='lat' dir='ltr'><strong>ab</strong></span> <span class='ocrx_word' id='word_1_365' title='bbox 1318 1205 1506 1232; x_wconf 68' lang='lat' dir='ltr'><strong>aemulatione.</strong></span> <span class='ocrx_word' id='word_1_366' title='bbox 1531 1205 1631 1233; x_wconf 87' lang='lat' dir='ltr'><strong>Verqu</strong></span> <span class='ocrx_word' id='word_1_367' title='bbox 1660 1207 1730 1234; x_wconf 81' lang='lat' dir='ltr'><strong>invi-</strong></span> 
     </span>
    </p>
   </div>
   <div class='ocr_carea' id='block_1_52' title="bbox 943 1248 1731 1286">
    <p class='ocr_par' dir='ltr' id='par_1_52' title="bbox 943 1248 1731 1286">
     <span class='ocr_line' id='line_1_52' title="bbox 943 1248 1731 1286; baseline 0.005 -11"><span class='ocrx_word' id='word_1_368' title='bbox 943 1249 994 1275; x_wconf 61' lang='lat' dir='ltr'><strong>diae</strong></span> <span class='ocrx_word' id='word_1_369' title='bbox 1010 1248 1076 1274; x_wconf 88' lang='lat' dir='ltr'><strong>vitio</strong></span> <span class='ocrx_word' id='word_1_370' title='bbox 1090 1256 1140 1275; x_wconf 88' lang='lat' dir='ltr'><strong>nec</strong></span> <span class='ocrx_word' id='word_1_371' title='bbox 1160 1249 1319 1282; x_wconf 83' lang='lat' dir='ltr'><strong>amplissimi</strong></span> <span class='ocrx_word' id='word_1_372' title='bbox 1334 1249 1459 1277; x_wconf 80' lang='lat' dir='ltr'><strong>laborant</strong></span> <span class='ocrx_word' id='word_1_373' title='bbox 1483 1259 1545 1286; x_wconf 79' lang='lat' dir='ltr'><strong>erga</strong></span> <span class='ocrx_word' id='word_1_374' title='bbox 1576 1253 1666 1279; x_wconf 88' lang='lat' dir='ltr'><strong>tenuis</strong></span> <span class='ocrx_word' id='word_1_375' title='bbox 1682 1253 1731 1279; x_wconf 85' lang='lat' dir='ltr'><strong>ad-</strong></span> 
     </span>
    </p>
   </div>
   <div class='ocr_carea' id='block_1_53' title="bbox 942 1294 1730 1332">
    <p class='ocr_par' dir='ltr' id='par_1_53' title="bbox 942 1294 1730 1332">
     <span class='ocr_line' id='line_1_53' title="bbox 942 1294 1730 1332; baseline 0.005 -12"><span class='ocrx_word' id='word_1_376' title='bbox 942 1294 1052 1321; x_wconf 87' lang='lat' dir='ltr'><strong>modum</strong></span> <span class='ocrx_word' id='word_1_377' title='bbox 1068 1294 1234 1322; x_wconf 82' lang='lat' dir='ltr'><strong>conditionis</strong></span> <span class='ocrx_word' id='word_1_378' title='bbox 1253 1295 1387 1327; x_wconf 82' lang='lat' dir='ltr'><strong>homines,</strong></span> <span class='ocrx_word' id='word_1_379' title='bbox 1414 1297 1485 1330; x_wconf 83' lang='lat' dir='ltr'><strong>quod</strong></span> <span class='ocrx_word' id='word_1_380' title='bbox 1516 1297 1559 1325; x_wconf 87' lang='lat' dir='ltr'><strong>his</strong></span> <span class='ocrx_word' id='word_1_381' title='bbox 1578 1297 1630 1332; x_wconf 91' lang='lat' dir='ltr'><strong>ipsi</strong></span> <span class='ocrx_word' id='word_1_382' title='bbox 1643 1298 1730 1332; x_wconf 86' lang='lat' dir='ltr'><strong>majo-</strong></span> 
     </span>
    </p>
   </div>
   <div class='ocr_carea' id='block_1_54' title="bbox 942 1337 1722 1376">
    <p class='ocr_par' dir='ltr' id='par_1_54' title="bbox 942 1337 1722 1376">
     <span class='ocr_line' id='line_1_54' title="bbox 942 1337 1722 1376; baseline 0.006 -12"><span class='ocrx_word' id='word_1_383' title='bbox 942 1346 984 1364; x_wconf 87' lang='lat' dir='ltr'><strong>res</strong></span> <span class='ocrx_word' id='word_1_384' title='bbox 1000 1337 1053 1364; x_wconf 89' lang='lat' dir='ltr'><strong>sint</strong></span> <span class='ocrx_word' id='word_1_385' title='bbox 1065 1346 1076 1369; x_wconf 61' lang='grc' dir='ltr'><strong>ς</strong></span> <span class='ocrx_word' id='word_1_386' title='bbox 1087 1345 1135 1363; x_wconf 85' lang='lat' dir='ltr'><strong>nee</strong></span> <span class='ocrx_word' id='word_1_387' title='bbox 1146 1337 1272 1364; x_wconf 90' lang='lat' dir='ltr'><strong>omnibus</strong></span> <span class='ocrx_word' id='word_1_388' title='bbox 1285 1338 1366 1365; x_wconf 83' lang='lat' dir='ltr'><strong>rebus</strong></span> <span class='ocrx_word' id='word_1_389' title='bbox 1382 1340 1537 1374; x_wconf 77' lang='lat' dir='ltr'><strong>inferiores,</strong></span> <span class='ocrx_word' id='word_1_390' title='bbox 1565 1350 1627 1376; x_wconf 74' lang='lat' dir='ltr'><strong>erga</strong></span> <span class='ocrx_word' id='word_1_391' title='bbox 1644 1343 1722 1376; x_wconf 37' lang='lat' dir='ltr'><strong>pluri’</strong></span> 
     </span>
    </p>
   </div>
   <div class='ocr_carea' id='block_1_55' title="bbox 951 1383 1726 1420">
    <p class='ocr_par' dir='ltr' id='par_1_55' title="bbox 951 1383 1726 1420">
     <span class='ocr_line' id='line_1_55' title="bbox 951 1383 1726 1420; baseline 0.005 -10"><span class='ocrx_word' id='word_1_392' title='bbox 951 1391 1024 1410; x_wconf 88' lang='lat' dir='ltr'><strong>mum</strong></span> <span class='ocrx_word' id='word_1_393' title='bbox 1040 1383 1211 1416; x_wconf 84' lang='lat' dir='ltr'><strong>eminentes;</strong></span> <span class='ocrx_word' id='word_1_394' title='bbox 1237 1391 1286 1410; x_wconf 85' lang='lat' dir='ltr'><strong>nec</strong></span> <span class='ocrx_word' id='word_1_395' title='bbox 1308 1384 1338 1416; x_wconf 87' lang='lat' dir='ltr'><strong>ii,</strong></span> <span class='ocrx_word' id='word_1_396' title='bbox 1354 1385 1400 1419; x_wconf 86' lang='lat' dir='ltr'><strong>qui</strong></span> <span class='ocrx_word' id='word_1_397' title='bbox 1431 1385 1616 1420; x_wconf 73' lang='lat' dir='ltr'><strong>professiones</strong></span> <span class='ocrx_word' id='word_1_398' title='bbox 1630 1393 1656 1414; x_wconf 85' lang='lat' dir='ltr'><strong>et</strong></span> <span class='ocrx_word' id='word_1_399' title='bbox 1669 1393 1726 1417; x_wconf 86' lang='lat' dir='ltr'><strong>stu-</strong></span> 
     </span>
    </p>
   </div>
   <div class='ocr_carea' id='block_1_56' title="bbox 98 1431 1732 1469">
    <p class='ocr_par' dir='ltr' id='par_1_56' title="bbox 98 1431 1732 1469">
     <span class='ocr_line' id='line_1_56' title="bbox 98 1431 1732 1469; baseline 0.001 -7"><span class='ocrx_word' id='word_1_400' title='bbox 98 1436 149 1462; x_wconf 87' lang='lat' dir='ltr'><strong>dia</strong></span> <span class='ocrx_word' id='word_1_401' title='bbox 167 1435 275 1462; x_wconf 85' lang='lat' dir='ltr'><strong>diversa</strong></span> <span class='ocrx_word' id='word_1_402' title='bbox 290 1439 450 1461; x_wconf 88' lang='lat' dir='ltr'><strong>sectantur:</strong></span> <span class='ocrx_word' id='word_1_403' title='bbox 467 1435 552 1461; x_wconf 85' lang='lat' dir='ltr'><strong>sediu</strong></span> <span class='ocrx_word' id='word_1_404' title='bbox 571 1441 618 1461; x_wconf 85' lang='lat' dir='ltr'><strong>eos</strong></span> <span class='ocrx_word' id='word_1_405' title='bbox 648 1433 732 1465; x_wconf 80' lang='lat' dir='ltr'><strong>cadit,</strong></span> <span class='ocrx_word' id='word_1_406' title='bbox 752 1433 798 1467; x_wconf 91' lang='lat' dir='ltr'><strong>qui</strong></span> <span class='ocrx_word' id='word_1_407' title='bbox 828 1436 942 1467; x_wconf 90' lang='lat' dir='ltr'><strong>possunt</strong></span> <span class='ocrx_word' id='word_1_408' title='bbox 959 1432 1029 1458; x_wconf 87' lang='lat' dir='ltr'><strong>inter</strong></span> <span class='ocrx_word' id='word_1_409' title='bbox 1055 1438 1116 1458; x_wconf 88' lang='lat' dir='ltr'><strong>sese</strong></span> <span class='ocrx_word' id='word_1_410' title='bbox 1137 1431 1312 1464; x_wconf 76' lang='lat' dir='ltr'><strong>contendere,</strong></span> <span class='ocrx_word' id='word_1_411' title='bbox 1340 1439 1442 1467; x_wconf 89' lang='lat' dir='ltr'><strong>perque</strong></span> <span class='ocrx_word' id='word_1_412' title='bbox 1475 1434 1647 1469; x_wconf 86' lang='lat' dir='ltr'><strong>splendorem</strong></span> <span class='ocrx_word' id='word_1_413' title='bbox 1681 1435 1732 1463; x_wconf 79' lang='lat' dir='ltr'><strong>ad-</strong></span> 
     </span>
    </p>
   </div>
   <div class='ocr_carea' id='block_1_57' title="bbox 100 1479 698 1517">
    <p class='ocr_par' dir='ltr' id='par_1_57' title="bbox 100 1479 698 1517">
     <span class='ocr_line' id='line_1_57' title="bbox 100 1479 698 1517; baseline -0.003 -8"><span class='ocrx_word' id='word_1_414' title='bbox 100 1481 289 1517; x_wconf 69' lang='lat' dir='ltr'><strong>versariorum]</strong></span> <span class='ocrx_word' id='word_1_415' title='bbox 306 1479 358 1506; x_wconf 88' lang='lat' dir='ltr'><strong>sibi</strong></span> <span class='ocrx_word' id='word_1_416' title='bbox 375 1480 440 1514; x_wconf 85' lang='lat' dir='ltr'><strong>quid</strong></span> <span class='ocrx_word' id='word_1_417' title='bbox 452 1479 584 1506; x_wconf 82' lang='lat' dir='ltr'><strong>decedere</strong></span> <span class='ocrx_word' id='word_1_418' title='bbox 596 1484 698 1514; x_wconf 83' lang='lat' dir='ltr'><strong>putant.</strong></span> 
     </span>
    </p>
   </div>
   <div class='ocr_carea' id='block_1_58' title="bbox 470 1548 531 1576">
    <p class='ocr_par' dir='ltr' id='par_1_58' title="bbox 470 1548 531 1576">
     <span class='ocr_line' id='line_1_58' title="bbox 470 1548 531 1576; baseline 0 0"><span class='ocrx_word' id='word_1_419' title='bbox 470 1548 531 1576; x_wconf 61' lang='grc' dir='ltr'><strong>ΚΧ.</strong></span> 
     </span>
    </p>
   </div>
   <div class='ocr_carea' id='block_1_59' title="bbox 154 1615 890 1651">
    <p class='ocr_par' dir='ltr' id='par_1_59' title="bbox 154 1615 890 1651">
     <span class='ocr_line' id='line_1_59' title="bbox 154 1615 890 1651; baseline -0.005 -6"><span class='ocrx_word' id='word_1_420' title='bbox 154 1619 191 1649; x_wconf 85' lang='grc' dir='ltr'>ος</span> <span class='ocrx_word' id='word_1_421' title='bbox 216 1618 323 1651; x_wconf 82' lang='grc' dir='ltr'>ἄγαμαι</span> <span class='ocrx_word' id='word_1_422' title='bbox 343 1617 389 1643; x_wconf 79' lang='grc' dir='ltr'><strong>τὸν</strong></span> <span class='ocrx_word' id='word_1_423' title='bbox 414 1615 550 1650; x_wconf 76' lang='grc' dir='ltr'>φεύγοντα</span> <span class='ocrx_word' id='word_1_424' title='bbox 576 1616 625 1646; x_wconf 81' lang='grc' dir='ltr'>τὰς</span> <span class='ocrx_word' id='word_1_425' title='bbox 652 1615 817 1650; x_wconf 75' lang='grc' dir='ltr'>ὑπερϐολάς.</span> <span class='ocrx_word' id='word_1_426' title='bbox 836 1615 890 1642; x_wconf 72' lang='grc' dir='ltr'><strong>Καὶ</strong></span> 
     </span>
    </p>
   </div>
   <div class='ocr_carea' id='block_1_60' title="bbox 100 1662 891 1699">
    <p class='ocr_par' dir='ltr' id='par_1_60' title="bbox 100 1662 891 1699">
     <span class='ocr_line' id='line_1_60' title="bbox 100 1662 891 1699; baseline -0.005 -8"><span class='ocrx_word' id='word_1_427' title='bbox 100 1665 179 1699; x_wconf 82' lang='grc' dir='ltr'>λόγοι</span> <span class='ocrx_word' id='word_1_428' title='bbox 197 1665 271 1699; x_wconf 78' lang='grc' dir='ltr'>μάλα</span> <span class='ocrx_word' id='word_1_429' title='bbox 299 1663 389 1698; x_wconf 78' lang='grc' dir='ltr'>σοφῶν</span> <span class='ocrx_word' id='word_1_430' title='bbox 410 1663 554 1689; x_wconf 75' lang='grc' dir='ltr'>συνιστῶσί</span> <span class='ocrx_word' id='word_1_431' title='bbox 573 1671 624 1696; x_wconf 86' lang='grc' dir='ltr'>μου</span> <span class='ocrx_word' id='word_1_432' title='bbox 647 1664 692 1688; x_wconf 74' lang='grc' dir='ltr'>τὸν</span> <span class='ocrx_word' id='word_1_433' title='bbox 718 1662 808 1696; x_wconf 76' lang='grc' dir='ltr'>ἔρωτι</span> <span class='ocrx_word' id='word_1_434' title='bbox 829 1671 891 1688; x_wconf 72' lang='grc' dir='ltr'>του-</span> 
     </span>
    </p>
   </div>
   <div class='ocr_carea' id='block_1_61' title="bbox 1260 1546 1378 1574">
    <p class='ocr_par' dir='ltr' id='par_1_61' title="bbox 1260 1546 1378 1574">
     <span class='ocr_line' id='line_1_61' title="bbox 1260 1546 1378 1574; baseline 0.008 -1"><span class='ocrx_word' id='word_1_435' title='bbox 1260 1556 1265 1559; x_wconf 59' lang='grc'><em>“</em></span> <span class='ocrx_word' id='word_1_436' title='bbox 1283 1546 1378 1574; x_wconf 74' lang='lat' dir='ltr'><strong>XXIV.</strong></span> 
     </span>
    </p>
   </div>
   <div class='ocr_carea' id='block_1_62' title="bbox 980 1615 1730 1650">
    <p class='ocr_par' dir='ltr' id='par_1_62' title="bbox 980 1615 1730 1650">
     <span class='ocr_line' id='line_1_62' title="bbox 980 1615 1730 1650; baseline 0.003 -8"><span class='ocrx_word' id='word_1_437' title='bbox 980 1615 1037 1642; x_wconf 89' lang='lat' dir='ltr'><strong>Non</strong></span> <span class='ocrx_word' id='word_1_438' title='bbox 1052 1623 1162 1650; x_wconf 89' lang='lat' dir='ltr'><strong>possum</strong></span> <span class='ocrx_word' id='word_1_439' title='bbox 1189 1622 1241 1641; x_wconf 90' lang='lat' dir='ltr'><strong>non</strong></span> <span class='ocrx_word' id='word_1_440' title='bbox 1271 1615 1396 1649; x_wconf 83' lang='lat' dir='ltr'><strong>amplecti</strong></span> <span class='ocrx_word' id='word_1_441' title='bbox 1421 1616 1558 1642; x_wconf 86' lang='lat' dir='ltr'><strong>hominem</strong></span> <span class='ocrx_word' id='word_1_442' title='bbox 1589 1617 1730 1650; x_wconf 78' lang='lat' dir='ltr'><strong>vitantem,</strong></span> 
     </span>
    </p>
   </div>
   <div class='ocr_carea' id='block_1_63' title="bbox 946 1661 1727 1696">
    <p class='ocr_par' dir='ltr' id='par_1_63' title="bbox 946 1661 1727 1696">
     <span class='ocr_line' id='line_1_63' title="bbox 946 1661 1727 1696; baseline 0.003 -8"><span class='ocrx_word' id='word_1_443' title='bbox 946 1661 1078 1696; x_wconf 88' lang='lat' dir='ltr'><strong>quidquid</strong></span> <span class='ocrx_word' id='word_1_444' title='bbox 1094 1666 1136 1688; x_wconf 78' lang='lat' dir='ltr'><strong>est</strong></span> <span class='ocrx_word' id='word_1_445' title='bbox 1150 1661 1274 1688; x_wconf 84' lang='lat' dir='ltr'><strong>uitulum.</strong></span> <span class='ocrx_word' id='word_1_446' title='bbox 1292 1662 1379 1695; x_wconf 79' lang='lat' dir='ltr'><strong>Atque</strong></span> <span class='ocrx_word' id='word_1_447' title='bbox 1397 1662 1469 1688; x_wconf 84' lang='lat' dir='ltr'><strong>hunc</strong></span> <span class='ocrx_word' id='word_1_448' title='bbox 1500 1669 1619 1688; x_wconf 84' lang='lat' dir='ltr'><strong>amorem</strong></span> <span class='ocrx_word' id='word_1_449' title='bbox 1637 1671 1727 1690; x_wconf 80' lang='lat' dir='ltr'><strong>meum</strong></span> 
     </span>
    </p>
   </div>
   <div class='ocr_carea' id='block_1_64' title="bbox 100 1706 888 1754">
    <p class='ocr_par' dir='ltr' id='par_1_64' title="bbox 100 1707 888 1744">
     <span class='ocr_line' id='line_1_64' title="bbox 100 1707 888 1744; baseline -0.005 -7"><span class='ocrx_word' id='word_1_450' title='bbox 100 1710 172 1738; x_wconf 84' lang='grc' dir='ltr'>τονί.</span> <span class='ocrx_word' id='word_1_451' title='bbox 197 1710 305 1744; x_wconf 78' lang='grc' dir='ltr'>Μέτρον</span> <span class='ocrx_word' id='word_1_452' title='bbox 330 1710 384 1743; x_wconf 77' lang='grc' dir='ltr'>γὰρ</span> <span class='ocrx_word' id='word_1_453' title='bbox 407 1709 529 1742; x_wconf 72' lang='grc' dir='ltr'><strong>ἄριστον,</strong></span> <span class='ocrx_word' id='word_1_454' title='bbox 553 1708 612 1739; x_wconf 71' lang='grc' dir='ltr'>καὶ,</span> <span class='ocrx_word' id='word_1_455' title='bbox 628 1707 720 1742; x_wconf 83' lang='grc' dir='ltr'>Μηδὲν</span> <span class='ocrx_word' id='word_1_456' title='bbox 745 1708 825 1741; x_wconf 82' lang='grc' dir='ltr'>ἄγαν,</span> <span class='ocrx_word' id='word_1_457' title='bbox 843 1709 888 1734; x_wconf 74' lang='grc' dir='ltr'>καὶ</span> 
     </span>
    </p>
   </div>
   <div class='ocr_carea' id='block_1_65' title="bbox 942 1706 1732 1754">
    <p class='ocr_par' dir='ltr' id='par_1_65' title="bbox 945 1706 1732 1742">
     <span class='ocr_line' id='line_1_65' title="bbox 945 1706 1732 1742; baseline -0.001 -7"><span class='ocrx_word' id='word_1_458' title='bbox 945 1710 1015 1736; x_wconf 84' lang='lat' dir='ltr'><strong>dicta</strong></span> <span class='ocrx_word' id='word_1_459' title='bbox 1040 1707 1306 1742; x_wconf 83' lang='lat' dir='ltr'><strong>sapientissimorum</strong></span> <span class='ocrx_word' id='word_1_460' title='bbox 1338 1706 1513 1738; x_wconf 79' lang='lat' dir='ltr'><strong>conﬁrmant,</strong></span> <span class='ocrx_word' id='word_1_461' title='bbox 1548 1709 1655 1735; x_wconf 79' lang='lat' dir='ltr'><strong>modum</strong></span> <span class='ocrx_word' id='word_1_462' title='bbox 1672 1717 1732 1737; x_wconf 73' lang='lat' dir='ltr'><strong>esse</strong></span> 
     </span>
    </p>
   </div>
   <div class='ocr_carea' id='block_1_66' title="bbox 101 1754 889 1792">
    <p class='ocr_par' dir='ltr' id='par_1_66' title="bbox 101 1754 889 1792">
     <span class='ocr_line' id='line_1_66' title="bbox 101 1754 889 1792; baseline -0.006 -8"><span class='ocrx_word' id='word_1_463' title='bbox 101 1758 186 1792; x_wconf 70' lang='grc' dir='ltr'>ἔτερα</span> <span class='ocrx_word' id='word_1_464' title='bbox 208 1756 330 1783; x_wconf 79' lang='grc' dir='ltr'>τοιαῦτα.</span> <span class='ocrx_word' id='word_1_465' title='bbox 351 1756 433 1781; x_wconf 64' lang='grc' dir='ltr'>Ὥστε</span> <span class='ocrx_word' id='word_1_466' title='bbox 455 1755 484 1780; x_wconf 72' lang='grc' dir='ltr'>τὸ</span> <span class='ocrx_word' id='word_1_467' title='bbox 503 1755 711 1789; x_wconf 78' lang='grc' dir='ltr'><strong>μεμετρημένον</strong></span> <span class='ocrx_word' id='word_1_468' title='bbox 736 1755 783 1780; x_wconf 78' lang='grc' dir='ltr'><strong>καὶ</strong></span> <span class='ocrx_word' id='word_1_469' title='bbox 806 1754 889 1785; x_wconf 78' lang='grc' dir='ltr'>μέσον</span> 
     </span>
    </p>
   </div>
   <div class='ocr_carea' id='block_1_67' title="bbox 102 1799 889 1837">
    <p class='ocr_par' dir='ltr' id='par_1_67' title="bbox 102 1799 889 1837">
     <span class='ocr_line' id='line_1_67' title="bbox 102 1799 889 1837; baseline -0.004 -8"><span class='ocrx_word' id='word_1_470' title='bbox 102 1803 227 1837; x_wconf 75' lang='grc' dir='ltr'><strong>ἀκρότης</strong></span> <span class='ocrx_word' id='word_1_471' title='bbox 253 1804 354 1836; x_wconf 82' lang='grc' dir='ltr'>τρόπον</span> <span class='ocrx_word' id='word_1_472' title='bbox 370 1802 464 1835; x_wconf 77' lang='grc' dir='ltr'>ἓτερον</span> <span class='ocrx_word' id='word_1_473' title='bbox 489 1801 558 1834; x_wconf 79' lang='grc' dir='ltr'>πρὸς</span> <span class='ocrx_word' id='word_1_474' title='bbox 582 1801 613 1826; x_wconf 80' lang='grc' dir='ltr'>τὸ</span> <span class='ocrx_word' id='word_1_475' title='bbox 635 1800 738 1834; x_wconf 77' lang='grc' dir='ltr'>ἀγαθὸν</span> <span class='ocrx_word' id='word_1_476' title='bbox 753 1799 889 1833; x_wconf 82' lang='grc' dir='ltr'>γίγνεται.</span> 
     </span>
    </p>
   </div>
   <div class='ocr_carea' id='block_1_68' title="bbox 103 1847 889 1884">
    <p class='ocr_par' dir='ltr' id='par_1_68' title="bbox 103 1847 889 1884">
     <span class='ocr_line' id='line_1_68' title="bbox 103 1847 889 1884; baseline -0.005 -9"><span class='ocrx_word' id='word_1_477' title='bbox 103 1849 218 1884; x_wconf 80' lang='grc' dir='ltr'>Συνᾴδει</span> <span class='ocrx_word' id='word_1_478' title='bbox 235 1849 264 1875; x_wconf 77' lang='grc' dir='ltr'>δὲ</span> <span class='ocrx_word' id='word_1_479' title='bbox 279 1850 336 1879; x_wconf 84' lang='grc' dir='ltr'>τοῖς</span> <span class='ocrx_word' id='word_1_480' title='bbox 354 1849 445 1881; x_wconf 82' lang='grc' dir='ltr'>λόγοις</span> <span class='ocrx_word' id='word_1_481' title='bbox 459 1848 494 1874; x_wconf 77' lang='grc' dir='ltr'><strong>τὰ</strong></span> <span class='ocrx_word' id='word_1_482' title='bbox 509 1847 673 1881; x_wconf 83' lang='grc' dir='ltr'><strong>πράγματα,</strong></span> <span class='ocrx_word' id='word_1_483' title='bbox 694 1847 742 1872; x_wconf 78' lang='grc' dir='ltr'><strong>καὶ</strong></span> <span class='ocrx_word' id='word_1_484' title='bbox 767 1847 889 1872; x_wconf 80' lang='grc' dir='ltr'>δείκνυσι</span> 
     </span>
    </p>
   </div>
   <div class='ocr_carea' id='block_1_69' title="bbox 102 1893 890 1930">
    <p class='ocr_par' dir='ltr' id='par_1_69' title="bbox 102 1893 890 1930">
     <span class='ocr_line' id='line_1_69' title="bbox 102 1893 890 1930; baseline -0.005 -8"><span class='ocrx_word' id='word_1_485' title='bbox 102 1897 217 1922; x_wconf 82' lang='grc' dir='ltr'>κάκεῖνο</span> <span class='ocrx_word' id='word_1_486' title='bbox 241 1896 313 1930; x_wconf 71' lang='grc' dir='ltr'>μάλα</span> <span class='ocrx_word' id='word_1_487' title='bbox 331 1895 479 1929; x_wconf 80' lang='grc' dir='ltr'>λαμπρῶς.</span> <span class='ocrx_word' id='word_1_488' title='bbox 499 1893 646 1929; x_wconf 79' lang='grc' dir='ltr'><strong>Κακοήοης</strong></span> <span class='ocrx_word' id='word_1_489' title='bbox 668 1894 722 1927; x_wconf 81' lang='grc' dir='ltr'><strong>γὰρ</strong></span> <span class='ocrx_word' id='word_1_490' title='bbox 747 1893 890 1927; x_wconf 76' lang='grc' dir='ltr'>ἄνθρωπος</span> 
     </span>
    </p>
   </div>
   <div class='ocr_carea' id='block_1_70' title="bbox 103 1939 890 1975">
    <p class='ocr_par' dir='ltr' id='par_1_70' title="bbox 103 1939 890 1975">
     <span class='ocr_line' id='line_1_70' title="bbox 103 1939 890 1975; baseline -0.005 -7"><span class='ocrx_word' id='word_1_491' title='bbox 103 1943 151 1968; x_wconf 73' lang='grc' dir='ltr'><strong>καὶ</strong></span> <span class='ocrx_word' id='word_1_492' title='bbox 169 1942 280 1975; x_wconf 75' lang='grc' dir='ltr'><strong>εὐήθης,</strong></span> <span class='ocrx_word' id='word_1_493' title='bbox 295 1941 323 1971; x_wconf 75' lang='grc' dir='ltr'>ἐς</span> <span class='ocrx_word' id='word_1_494' title='bbox 338 1941 453 1974; x_wconf 71' lang='grc' dir='ltr'>ἔσχατον</span> <span class='ocrx_word' id='word_1_495' title='bbox 468 1939 593 1972; x_wconf 84' lang='grc' dir='ltr'>ἀλλήλων</span> <span class='ocrx_word' id='word_1_496' title='bbox 614 1939 799 1972; x_wconf 76' lang='grc' dir='ltr'>διεστηκότες,</span> <span class='ocrx_word' id='word_1_497' title='bbox 815 1939 890 1972; x_wconf 82' lang='grc' dir='ltr'>ὅμως</span> 
     </span>
    </p>
   </div>
   <div class='ocr_carea' id='block_1_71' title="bbox 103 1986 889 2023">
    <p class='ocr_par' dir='ltr' id='par_1_71' title="bbox 103 1986 889 2023">
     <span class='ocr_line' id='line_1_71' title="bbox 103 1986 889 2023; baseline -0.005 -8"><span class='ocrx_word' id='word_1_498' title='bbox 103 1989 189 2023; x_wconf 70' lang='grc' dir='ltr'>ἄμφω</span> <span class='ocrx_word' id='word_1_499' title='bbox 207 1987 295 2014; x_wconf 80' lang='grc' dir='ltr'><strong>κακώ.</strong></span> <span class='ocrx_word' id='word_1_500' title='bbox 312 1987 364 2014; x_wconf 74' lang='grc' dir='ltr'><strong>Καὶ</strong></span> <span class='ocrx_word' id='word_1_501' title='bbox 381 1987 457 2013; x_wconf 81' lang='grc' dir='ltr'>οὐδὲν</span> <span class='ocrx_word' id='word_1_502' title='bbox 483 1986 584 2012; x_wconf 74' lang='grc' dir='ltr'>κωλύει</span> <span class='ocrx_word' id='word_1_503' title='bbox 599 1986 629 2012; x_wconf 84' lang='grc' dir='ltr'>τὸ</span> <span class='ocrx_word' id='word_1_504' title='bbox 651 1986 782 2015; x_wconf 74' lang='grc' dir='ltr'>ἐναντίως</span> <span class='ocrx_word' id='word_1_505' title='bbox 806 1986 889 2020; x_wconf 71' lang='grc' dir='ltr'><strong>ἔχειν,</strong></span> 
     </span>
    </p>
   </div>
   <div class='ocr_carea' id='block_1_72' title="bbox 102 2031 892 2066">
    <p class='ocr_par' dir='ltr' id='par_1_72' title="bbox 102 2031 892 2066">
     <span class='ocr_line' id='line_1_72' title="bbox 102 2031 892 2066; baseline -0.006 -6"><span class='ocrx_word' id='word_1_506' title='bbox 102 2035 156 2060; x_wconf 78' lang='grc' dir='ltr'><strong>οὐκ</strong></span> <span class='ocrx_word' id='word_1_507' title='bbox 182 2033 317 2059; x_wconf 76' lang='grc' dir='ltr'>ὲτιαινετὼ</span> <span class='ocrx_word' id='word_1_508' title='bbox 333 2033 391 2066; x_wconf 66' lang='grc' dir='ltr'><strong>ἅμα</strong></span> <span class='ocrx_word' id='word_1_509' title='bbox 410 2031 488 2058; x_wconf 61' lang='grc' dir='ltr'><strong>εἷναι.</strong></span> <span class='ocrx_word' id='word_1_510' title='bbox 507 2033 536 2058; x_wconf 83' lang='grc' dir='ltr'><strong>Εἰ</strong></span> <span class='ocrx_word' id='word_1_511' title='bbox 553 2032 582 2058; x_wconf 78' lang='grc' dir='ltr'>δέ</span> <span class='ocrx_word' id='word_1_512' title='bbox 604 2040 646 2062; x_wconf 82' lang='grc' dir='ltr'><strong>τις</strong></span> <span class='ocrx_word' id='word_1_513' title='bbox 662 2032 757 2065; x_wconf 83' lang='grc' dir='ltr'>φεύγοι</span> <span class='ocrx_word' id='word_1_514' title='bbox 778 2031 828 2064; x_wconf 81' lang='grc' dir='ltr'>μὲν</span> <span class='ocrx_word' id='word_1_515' title='bbox 843 2039 892 2056; x_wconf 75' lang='grc' dir='ltr'>τιο-</span> 
     </span>
    </p>
   </div>
   <div class='ocr_carea' id='block_1_73' title="bbox 103 2073 892 2114">
    <p class='ocr_par' dir='ltr' id='par_1_73' title="bbox 103 2073 892 2114">
     <span class='ocr_line' id='line_1_73' title="bbox 103 2073 892 2114; baseline -0.005 -9"><span class='ocrx_word' id='word_1_516' title='bbox 103 2080 214 2114; x_wconf 81' lang='grc' dir='ltr'>νηρίαν,</span> <span class='ocrx_word' id='word_1_517' title='bbox 238 2079 335 2113; x_wconf 64' lang='grc' dir='ltr'>φεύγοι</span> <span class='ocrx_word' id='word_1_518' title='bbox 360 2078 387 2105; x_wconf 79' lang='grc' dir='ltr'>δὲ</span> <span class='ocrx_word' id='word_1_519' title='bbox 411 2078 553 2112; x_wconf 72' lang='grc' dir='ltr'>ἀφέλειαν,</span> <span class='ocrx_word' id='word_1_520' title='bbox 568 2073 631 2103; x_wconf 66' lang='grc' dir='ltr'>νοῦν</span> <span class='ocrx_word' id='word_1_521' title='bbox 645 2076 715 2111; x_wconf 77' lang='grc' dir='ltr'>ἔχων</span> <span class='ocrx_word' id='word_1_522' title='bbox 737 2077 796 2111; x_wconf 78' lang='grc' dir='ltr'>μετ’</span> <span class='ocrx_word' id='word_1_523' title='bbox 812 2076 892 2102; x_wconf 81' lang='grc' dir='ltr'><strong>εὐθύ-</strong></span> 
     </span>
    </p>
   </div>
   <div class='ocr_carea' id='block_1_74' title="bbox 103 2122 890 2158">
    <p class='ocr_par' dir='ltr' id='par_1_74' title="bbox 103 2122 890 2158">
     <span class='ocr_line' id='line_1_74' title="bbox 103 2122 890 2158; baseline -0.005 -7"><span class='ocrx_word' id='word_1_524' title='bbox 103 2133 184 2158; x_wconf 83' lang='grc' dir='ltr'>τητος</span> <span class='ocrx_word' id='word_1_525' title='bbox 199 2125 392 2158; x_wconf 77' lang='grc' dir='ltr'><strong>εὑρεθήσεται,</strong></span> <span class='ocrx_word' id='word_1_526' title='bbox 410 2124 458 2149; x_wconf 82' lang='grc' dir='ltr'><strong>καὶ</strong></span> <span class='ocrx_word' id='word_1_527' title='bbox 482 2123 560 2148; x_wconf 79' lang='grc' dir='ltr'>ἔσται</span> <span class='ocrx_word' id='word_1_528' title='bbox 587 2122 761 2149; x_wconf 82' lang='grc' dir='ltr'>παντάπασιν</span> <span class='ocrx_word' id='word_1_529' title='bbox 778 2122 890 2154; x_wconf 81' lang='grc' dir='ltr'><strong>ἁγαθός.</strong></span> 
     </span>
    </p>
   </div>
   <div class='ocr_carea' id='block_1_75' title="bbox 104 2166 892 2203">
    <p class='ocr_par' dir='ltr' id='par_1_75' title="bbox 104 2166 892 2203">
     <span class='ocr_line' id='line_1_75' title="bbox 104 2166 892 2203; baseline -0.005 -8"><span class='ocrx_word' id='word_1_530' title='bbox 104 2169 188 2196; x_wconf 67' lang='grc' dir='ltr'>Ὥστε</span> <span class='ocrx_word' id='word_1_531' title='bbox 218 2169 251 2195; x_wconf 85' lang='grc' dir='ltr'>τὰ</span> <span class='ocrx_word' id='word_1_532' title='bbox 281 2169 389 2203; x_wconf 81' lang='grc' dir='ltr'>πέρατα</span> <span class='ocrx_word' id='word_1_533' title='bbox 410 2167 554 2200; x_wconf 46' lang='lat' dir='ltr'><strong>nauigaui</strong></span> <span class='ocrx_word' id='word_1_534' title='bbox 581 2167 615 2193; x_wconf 74' lang='grc' dir='ltr'>τΞι</span> <span class='ocrx_word' id='word_1_535' title='bbox 643 2167 713 2202; x_wconf 84' lang='grc' dir='ltr'>μέσα</span> <span class='ocrx_word' id='word_1_536' title='bbox 737 2166 892 2192; x_wconf 86' lang='grc' dir='ltr'>τούναντίον</span> 
     </span>
    </p>
   </div>
   <div class='ocr_carea' id='block_1_76' title="bbox 104 2211 893 2250">
    <p class='ocr_par' dir='ltr' id='par_1_76' title="bbox 104 2211 893 2250">
     <span class='ocr_line' id='line_1_76' title="bbox 104 2211 893 2250; baseline -0.006 -8"><span class='ocrx_word' id='word_1_537' title='bbox 104 2216 206 2250; x_wconf 72' lang='grc' dir='ltr'>ἀγαθὰ.</span> <span class='ocrx_word' id='word_1_538' title='bbox 226 2215 287 2241; x_wconf 83' lang='grc' dir='ltr'><strong>Ἔτι</strong></span> <span class='ocrx_word' id='word_1_539' title='bbox 307 2214 337 2240; x_wconf 84' lang='grc' dir='ltr'>τὸ</span> <span class='ocrx_word' id='word_1_540' title='bbox 353 2213 461 2248; x_wconf 83' lang='grc' dir='ltr'>φοονετν</span> <span class='ocrx_word' id='word_1_541' title='bbox 477 2214 532 2244; x_wconf 81' lang='grc' dir='ltr'>τοῖς</span> <span class='ocrx_word' id='word_1_542' title='bbox 547 2212 600 2238; x_wconf 87' lang='grc' dir='ltr'><strong>τῶν</strong></span> <span class='ocrx_word' id='word_1_543' title='bbox 620 2212 740 2248; x_wconf 79' lang='grc' dir='ltr'>ἀρίστων</span> <span class='ocrx_word' id='word_1_544' title='bbox 757 2211 893 2245; x_wconf 79' lang='grc' dir='ltr'>ἀνδραγα-</span> 
     </span>
    </p>
   </div>
   <div class='ocr_carea' id='block_1_77' title="bbox 104 2257 894 2296">
    <p class='ocr_par' dir='ltr' id='par_1_77' title="bbox 104 2257 894 2296">
     <span class='ocr_line' id='line_1_77' title="bbox 104 2257 894 2296; baseline -0.005 -10"><span class='ocrx_word' id='word_1_545' title='bbox 104 2261 219 2296; x_wconf 76' lang='grc' dir='ltr'><strong>Θήμασι,</strong></span> <span class='ocrx_word' id='word_1_546' title='bbox 228 2260 275 2286; x_wconf 76' lang='grc' dir='ltr'><strong>καὶ</strong></span> <span class='ocrx_word' id='word_1_547' title='bbox 289 2259 445 2285; x_wconf 82' lang='grc' dir='ltr'>τούναντίον</span> <span class='ocrx_word' id='word_1_548' title='bbox 461 2259 498 2293; x_wconf 84' lang='grc' dir='ltr'>μὴ</span> <span class='ocrx_word' id='word_1_549' title='bbox 512 2258 669 2290; x_wconf 76' lang='grc' dir='ltr'>δάκνεσθαι,</span> <span class='ocrx_word' id='word_1_550' title='bbox 680 2258 752 2291; x_wconf 76' lang='grc' dir='ltr'>ἆπερ</span> <span class='ocrx_word' id='word_1_551' title='bbox 764 2257 894 2288; x_wconf 78' lang='grc' dir='ltr'>ἐναντίως</span> 
     </span>
    </p>
   </div>
   <div class='ocr_carea' id='block_1_78' title="bbox 104 2304 892 2341">
    <p class='ocr_par' dir='ltr' id='par_1_78' title="bbox 104 2304 892 2341">
     <span class='ocr_line' id='line_1_78' title="bbox 104 2304 892 2341; baseline -0.004 -8"><span class='ocrx_word' id='word_1_552' title='bbox 104 2308 267 2338; x_wconf 72' lang='grc' dir='ltr'>διάκεινται,</span> <span class='ocrx_word' id='word_1_553' title='bbox 284 2306 336 2333; x_wconf 80' lang='grc' dir='ltr'><strong>ὑπὸ</strong></span> <span class='ocrx_word' id='word_1_554' title='bbox 357 2307 488 2341; x_wconf 81' lang='grc' dir='ltr'>μεγίστην</span> <span class='ocrx_word' id='word_1_555' title='bbox 505 2305 596 2331; x_wconf 76' lang='grc' dir='ltr'>αἰτίαν</span> <span class='ocrx_word' id='word_1_556' title='bbox 611 2305 676 2330; x_wconf 79' lang='grc' dir='ltr'>ὅντα</span> <span class='ocrx_word' id='word_1_557' title='bbox 700 2304 841 2340; x_wconf 83' lang='grc' dir='ltr'><strong>τυγχάνει.</strong></span> <span class='ocrx_word' id='word_1_558' title='bbox 856 2304 892 2330; x_wconf 84' lang='grc' dir='ltr'><strong>Τὸ</strong></span> 
     </span>
    </p>
   </div>
   <div class='ocr_carea' id='block_1_79' title="bbox 105 2350 890 2388">
    <p class='ocr_par' dir='ltr' id='par_1_79' title="bbox 105 2350 890 2388">
     <span class='ocr_line' id='line_1_79' title="bbox 105 2350 890 2388; baseline -0.004 -9"><span class='ocrx_word' id='word_1_559' title='bbox 105 2355 154 2388; x_wconf 81' lang='grc' dir='ltr'><strong>μὲν</strong></span> <span class='ocrx_word' id='word_1_560' title='bbox 169 2355 224 2387; x_wconf 71' lang='grc' dir='ltr'><strong>γὰρ</strong></span> <span class='ocrx_word' id='word_1_561' title='bbox 242 2353 422 2388; x_wconf 81' lang='grc' dir='ltr'>ἀρχαιότατον</span> <span class='ocrx_word' id='word_1_562' title='bbox 449 2351 546 2381; x_wconf 65' lang='grc' dir='ltr'>δεινὸν,</span> <span class='ocrx_word' id='word_1_563' title='bbox 560 2351 674 2386; x_wconf 73' lang='grc' dir='ltr'><strong>Θάτερον</strong></span> <span class='ocrx_word' id='word_1_564' title='bbox 700 2351 729 2377; x_wconf 76' lang='grc' dir='ltr'>δὲ</span> <span class='ocrx_word' id='word_1_565' title='bbox 749 2350 871 2385; x_wconf 76' lang='grc' dir='ltr'>μαλακόν</span> <span class='ocrx_word' id='word_1_566' title='bbox 883 2357 890 2365; x_wconf 72' lang='grc'><em>⁸</em></span> 
     </span>
    </p>
   </div>
   <div class='ocr_carea' id='block_1_80' title="bbox 102 2388 929 2434">
    <p class='ocr_par' dir='ltr' id='par_1_80' title="bbox 102 2388 929 2434">
     <span class='ocr_line' id='line_1_80' title="bbox 102 2388 929 2434; baseline -0.006 -8"><span class='ocrx_word' id='word_1_567' title='bbox 102 2401 150 2427; x_wconf 81' lang='grc' dir='ltr'><strong>καὶ</strong></span> <span class='ocrx_word' id='word_1_568' title='bbox 164 2399 306 2434; x_wconf 79' lang='grc' dir='ltr'>ἀμφότερα</span> <span class='ocrx_word' id='word_1_569' title='bbox 323 2399 453 2434; x_wconf 63' lang='grc' dir='ltr'><strong>βλαῦερᾶι,</strong></span> <span class='ocrx_word' id='word_1_570' title='bbox 469 2397 504 2423; x_wconf 77' lang='grc' dir='ltr'>δι’</span> <span class='ocrx_word' id='word_1_571' title='bbox 519 2397 597 2423; x_wconf 78' lang='grc' dir='ltr'>οὐδὲν</span> <span class='ocrx_word' id='word_1_572' title='bbox 615 2397 708 2431; x_wconf 70' lang='grc' dir='ltr'>ἕτερον</span> <span class='ocrx_word' id='word_1_573' title='bbox 721 2394 809 2430; x_wconf 81' lang='grc' dir='ltr'>οἶμαι,</span> <span class='ocrx_word' id='word_1_574' title='bbox 825 2396 842 2430; x_wconf 83' lang='grc' dir='ltr'>ἢ</span> <span class='ocrx_word' id='word_1_575' title='bbox 858 2395 887 2422; x_wconf 71' lang='grc' dir='ltr'><strong>τὸ</strong></span> <span class='ocrx_word' id='word_1_576' title='bbox 903 2388 929 2418; x_wconf 84' lang='grc' dir='ltr'><strong>Ῑ)</strong></span> 
     </span>
    </p>
   </div>
   <div class='ocr_carea' id='block_1_81' title="bbox 103 2441 889 2480">
    <p class='ocr_par' dir='ltr' id='par_1_81' title="bbox 103 2441 889 2480">
     <span class='ocr_line' id='line_1_81' title="bbox 103 2441 889 2480; baseline -0.009 -8"><span class='ocrx_word' id='word_1_577' title='bbox 103 2445 170 2480; x_wconf 72' lang='grc' dir='ltr'>πρὸς</span> <span class='ocrx_word' id='word_1_578' title='bbox 185 2444 235 2479; x_wconf 85' lang='grc' dir='ltr'>τὴν</span> <span class='ocrx_word' id='word_1_579' title='bbox 249 2444 383 2478; x_wconf 69' lang='grc' dir='ltr'>ἀμετρίαν</span> <span class='ocrx_word' id='word_1_580' title='bbox 401 2443 493 2476; x_wconf 84' lang='grc' dir='ltr'>ἄκρως</span> <span class='ocrx_word' id='word_1_581' title='bbox 509 2441 622 2476; x_wconf 70' lang='grc' dir='ltr'><strong>ἀφῖχθαι</strong></span> <span class='ocrx_word' id='word_1_582' title='bbox 636 2449 644 2457; x_wconf 82' lang='grc'>⁶</span> <span class='ocrx_word' id='word_1_583' title='bbox 669 2441 730 2467; x_wconf 67' lang='grc' dir='ltr'><strong>ἐπεὶ</strong></span> <span class='ocrx_word' id='word_1_584' title='bbox 744 2449 775 2475; x_wconf 80' lang='grc' dir='ltr'><strong>γε</strong></span> <span class='ocrx_word' id='word_1_585' title='bbox 792 2441 822 2466; x_wconf 78' lang='grc' dir='ltr'><strong>τὸ</strong></span> <span class='ocrx_word' id='word_1_586' title='bbox 839 2441 889 2475; x_wconf 80' lang='grc' dir='ltr'><strong>ζη-</strong></span> 
     </span>
    </p>
   </div>
   <div class='ocr_carea' id='block_1_82' title="bbox 103 2486 889 2524">
    <p class='ocr_par' dir='ltr' id='par_1_82' title="bbox 103 2486 889 2524">
     <span class='ocr_line' id='line_1_82' title="bbox 103 2486 889 2524; baseline -0.006 -7"><span class='ocrx_word' id='word_1_587' title='bbox 103 2490 220 2517; x_wconf 81' lang='grc' dir='ltr'>λότυπον</span> <span class='ocrx_word' id='word_1_588' title='bbox 250 2491 335 2524; x_wconf 74' lang='grc' dir='ltr'>ψιλῶς</span> <span class='ocrx_word' id='word_1_589' title='bbox 367 2488 527 2523; x_wconf 73' lang='grc' dir='ltr'><strong>ἐμπεφυκὸς</strong></span> <span class='ocrx_word' id='word_1_590' title='bbox 553 2489 586 2523; x_wconf 84' lang='grc' dir='ltr'>τῇ</span> <span class='ocrx_word' id='word_1_591' title='bbox 612 2488 685 2522; x_wconf 79' lang='grc' dir='ltr'>ψυχῇ</span> <span class='ocrx_word' id='word_1_592' title='bbox 709 2487 742 2514; x_wconf 80' lang='grc' dir='ltr'>δι’</span> <span class='ocrx_word' id='word_1_593' title='bbox 770 2486 889 2513; x_wconf 77' lang='grc' dir='ltr'><strong>ἐπαίνων</strong></span> 
     </span>
    </p>
   </div>
   <div class='ocr_carea' id='block_1_83' title="bbox 104 2533 890 2572">
    <p class='ocr_par' dir='ltr' id='par_1_83' title="bbox 104 2533 890 2572">
     <span class='ocr_line' id='line_1_83' title="bbox 104 2533 890 2572; baseline -0.008 -9"><span class='ocrx_word' id='word_1_594' title='bbox 104 2537 203 2572; x_wconf 75' lang='grc' dir='ltr'>ἔρωτα,</span> <span class='ocrx_word' id='word_1_595' title='bbox 213 2536 276 2562; x_wconf 71' lang='grc' dir='ltr'>οὔτε</span> <span class='ocrx_word' id='word_1_596' title='bbox 291 2537 359 2570; x_wconf 74' lang='grc' dir='ltr'>πρὸς</span> <span class='ocrx_word' id='word_1_597' title='bbox 373 2536 469 2569; x_wconf 84' lang='grc' dir='ltr'>φθόνον</span> <span class='ocrx_word' id='word_1_598' title='bbox 484 2534 667 2570; x_wconf 77' lang='grc' dir='ltr'>ὐπερελάσαν,</span> <span class='ocrx_word' id='word_1_599' title='bbox 677 2533 725 2559; x_wconf 81' lang='grc' dir='ltr'><strong>καὶ</strong></span> <span class='ocrx_word' id='word_1_600' title='bbox 745 2533 794 2568; x_wconf 78' lang='grc' dir='ltr'><strong>τὴν</strong></span> <span class='ocrx_word' id='word_1_601' title='bbox 809 2533 890 2560; x_wconf 82' lang='grc' dir='ltr'>ἀναλ-</span> 
     </span>
    </p>
   </div>
   <div class='ocr_carea' id='block_1_84' title="bbox 104 2577 889 2618">
    <p class='ocr_par' dir='ltr' id='par_1_84' title="bbox 104 2577 889 2618">
     <span class='ocr_line' id='line_1_84' title="bbox 104 2577 889 2618; baseline -0.008 -9"><span class='ocrx_word' id='word_1_602' title='bbox 104 2583 212 2618; x_wconf 79' lang='grc' dir='ltr'>γησίαν,</span> <span class='ocrx_word' id='word_1_603' title='bbox 230 2582 272 2616; x_wconf 74' lang='grc' dir='ltr'>ἐφ’</span> <span class='ocrx_word' id='word_1_604' title='bbox 289 2579 329 2613; x_wconf 76' lang='grc' dir='ltr'>οἷς</span> <span class='ocrx_word' id='word_1_605' title='bbox 346 2581 376 2607; x_wconf 81' lang='grc' dir='ltr'>οὐ</span> <span class='ocrx_word' id='word_1_606' title='bbox 401 2580 472 2612; x_wconf 75' lang='grc' dir='ltr'>δέον,</span> <span class='ocrx_word' id='word_1_607' title='bbox 488 2578 638 2613; x_wconf 82' lang='grc' dir='ltr'>διαφυγόν·</span> <span class='ocrx_word' id='word_1_608' title='bbox 656 2578 783 2613; x_wconf 80' lang='grc' dir='ltr'><strong>μεσότης,</strong></span> <span class='ocrx_word' id='word_1_609' title='bbox 798 2577 889 2613; x_wconf 83' lang='grc' dir='ltr'>οἶμαι,</span> 
     </span>
    </p>
   </div>
   <div class='ocr_carea' id='block_1_85' title="bbox 105 2623 891 2660">
    <p class='ocr_par' dir='ltr' id='par_1_85' title="bbox 105 2623 891 2660">
     <span class='ocr_line' id='line_1_85' title="bbox 105 2623 891 2660; baseline -0.008 -6"><span class='ocrx_word' id='word_1_610' title='bbox 105 2628 204 2660; x_wconf 81' lang='grc' dir='ltr'>γένοιτ’</span> <span class='ocrx_word' id='word_1_611' title='bbox 227 2627 260 2653; x_wconf 84' lang='grc' dir='ltr'><strong>ἂν</strong></span> <span class='ocrx_word' id='word_1_612' title='bbox 286 2626 401 2653; x_wconf 77' lang='grc' dir='ltr'>τουτωνὶ</span> <span class='ocrx_word' id='word_1_613' title='bbox 425 2626 479 2651; x_wconf 81' lang='grc' dir='ltr'><strong>τῶν</strong></span> <span class='ocrx_word' id='word_1_614' title='bbox 504 2625 634 2650; x_wconf 78' lang='grc' dir='ltr'>ἐναντίων</span> <span class='ocrx_word' id='word_1_615' title='bbox 651 2623 755 2654; x_wconf 77' lang='grc' dir='ltr'>κακῶν,</span> <span class='ocrx_word' id='word_1_616' title='bbox 771 2624 819 2649; x_wconf 79' lang='grc' dir='ltr'><strong>καὶ</strong></span> <span class='ocrx_word' id='word_1_617' title='bbox 831 2630 891 2657; x_wconf 84' lang='grc' dir='ltr'>κρι-</span> 
     </span>
    </p>
   </div>
   <div class='ocr_carea' id='block_1_86' title="bbox 105 2667 890 2707">
    <p class='ocr_par' dir='ltr' id='par_1_86' title="bbox 105 2667 890 2707">
     <span class='ocr_line' id='line_1_86' title="bbox 105 2667 890 2707; baseline -0.009 -8"><span class='ocrx_word' id='word_1_618' title='bbox 105 2673 219 2705; x_wconf 82' lang='grc' dir='ltr'>Θήσεται</span> <span class='ocrx_word' id='word_1_619' title='bbox 235 2673 364 2707; x_wconf 85' lang='grc' dir='ltr'>χρηστόν.</span> <span class='ocrx_word' id='word_1_620' title='bbox 382 2671 430 2705; x_wconf 84' lang='grc' dir='ltr'><strong>Εῐη</strong></span> <span class='ocrx_word' id='word_1_621' title='bbox 444 2671 499 2705; x_wconf 82' lang='grc' dir='ltr'>γὰρ</span> <span class='ocrx_word' id='word_1_622' title='bbox 516 2670 549 2696; x_wconf 85' lang='grc' dir='ltr'>ἃν</span> <span class='ocrx_word' id='word_1_623' title='bbox 558 2668 699 2704; x_wconf 73' lang='grc' dir='ltr'><strong>,δήπουθεν</strong></span> <span class='ocrx_word' id='word_1_624' title='bbox 714 2667 890 2702; x_wconf 83' lang='grc' dir='ltr'>φρονήματος</span> 
     </span>
    </p>
   </div>
   <div class='ocr_carea' id='block_1_87' title="bbox 106 2714 889 2754">
    <p class='ocr_par' dir='ltr' id='par_1_87' title="bbox 106 2714 889 2754">
     <span class='ocr_line' id='line_1_87' title="bbox 106 2714 889 2754; baseline -0.006 -10"><span class='ocrx_word' id='word_1_625' title='bbox 106 2720 220 2754; x_wconf 62' lang='grc' dir='ltr'>καρπὸς,</span> <span class='ocrx_word' id='word_1_626' title='bbox 236 2717 462 2753; x_wconf 75' lang='grc' dir='ltr'>παρακαλοῦντος</span> <span class='ocrx_word' id='word_1_627' title='bbox 488 2718 528 2748; x_wconf 83' lang='grc' dir='ltr'><strong>εἰς</strong></span> <span class='ocrx_word' id='word_1_628' title='bbox 558 2714 680 2750; x_wconf 77' lang='grc' dir='ltr'><strong>ἆρετήν’</strong></span> <span class='ocrx_word' id='word_1_629' title='bbox 706 2715 732 2741; x_wconf 74' lang='lat' dir='ltr'><strong>et</strong></span> <span class='ocrx_word' id='word_1_630' title='bbox 756 2722 787 2747; x_wconf 87' lang='grc' dir='ltr'><strong>γε</strong></span> <span class='ocrx_word' id='word_1_631' title='bbox 810 2714 889 2745; x_wconf 82' lang='grc' dir='ltr'>δίδως</span> 
     </span>
    </p>
   </div>
   <div class='ocr_carea' id='block_1_88' title="bbox 105 2760 890 2798">
    <p class='ocr_par' dir='ltr' id='par_1_88' title="bbox 105 2760 890 2798">
     <span class='ocr_line' id='line_1_88' title="bbox 105 2760 890 2798; baseline -0.005 -8"><span class='ocrx_word' id='word_1_632' title='bbox 105 2763 174 2790; x_wconf 77' lang='grc' dir='ltr'>εἶναι</span> <span class='ocrx_word' id='word_1_633' title='bbox 196 2763 318 2790; x_wconf 83' lang='grc' dir='ltr'>τοιοῦτον</span> <span class='ocrx_word' id='word_1_634' title='bbox 338 2764 368 2790; x_wconf 70' lang='grc' dir='ltr'>τὸ</span> <span class='ocrx_word' id='word_1_635' title='bbox 385 2764 422 2798; x_wconf 85' lang='grc' dir='ltr'>μὴ</span> <span class='ocrx_word' id='word_1_636' title='bbox 445 2762 588 2789; x_wconf 80' lang='grc' dir='ltr'><strong>καθεύδειν</strong></span> <span class='ocrx_word' id='word_1_637' title='bbox 610 2761 742 2789; x_wconf 81' lang='grc' dir='ltr'>δύνασθαι</span> <span class='ocrx_word' id='word_1_638' title='bbox 768 2761 814 2787; x_wconf 78' lang='grc' dir='ltr'>τὸν</span> <span class='ocrx_word' id='word_1_639' title='bbox 839 2760 890 2787; x_wconf 89' lang='grc' dir='ltr'><strong>Θε-</strong></span> 
     </span>
    </p>
   </div>
   <div class='ocr_carea' id='block_1_89' title="bbox 107 2809 808 2845">
    <p class='ocr_par' dir='ltr' id='par_1_89' title="bbox 107 2809 808 2845">
     <span class='ocr_line' id='line_1_89' title="bbox 107 2809 808 2845; baseline -0.004 -8"><span class='ocrx_word' id='word_1_640' title='bbox 107 2810 253 2843; x_wconf 70' lang='grc' dir='ltr'>μιστοκλέα.</span> <span class='ocrx_word' id='word_1_641' title='bbox 282 2810 320 2845; x_wconf 82' lang='grc' dir='ltr'>τῷ</span> <span class='ocrx_word' id='word_1_642' title='bbox 335 2809 481 2837; x_wconf 80' lang='grc' dir='ltr'>Μιλτιάδου</span> <span class='ocrx_word' id='word_1_643' title='bbox 497 2809 621 2844; x_wconf 83' lang='grc' dir='ltr'>τροπαίῳ</span> <span class='ocrx_word' id='word_1_644' title='bbox 634 2809 808 2842; x_wconf 74' lang='grc' dir='ltr'>δακνόμενον.</span> 
     </span>
    </p>
   </div>
   <div class='ocr_carea' id='block_1_90' title="bbox 944 1750 1731 1786">
    <p class='ocr_par' dir='ltr' id='par_1_90' title="bbox 944 1750 1731 1786">
     <span class='ocr_line' id='line_1_90' title="bbox 944 1750 1731 1786; baseline 0.001 -6"><span class='ocrx_word' id='word_1_645' title='bbox 944 1761 1000 1780; x_wconf 85' lang='lat' dir='ltr'><strong>rem</strong></span> <span class='ocrx_word' id='word_1_646' title='bbox 1017 1753 1146 1785; x_wconf 85' lang='lat' dir='ltr'><strong>optimam</strong></span> <span class='ocrx_word' id='word_1_647' title='bbox 1161 1760 1167 1777; x_wconf 87' lang='lat'><strong>:</strong></span> <span class='ocrx_word' id='word_1_648' title='bbox 1187 1754 1213 1778; x_wconf 88' lang='lat' dir='ltr'><strong>et</strong></span> <span class='ocrx_word' id='word_1_649' title='bbox 1226 1750 1263 1777; x_wconf 86' lang='lat' dir='ltr'><strong>Ne</strong></span> <span class='ocrx_word' id='word_1_650' title='bbox 1277 1751 1340 1785; x_wconf 85' lang='lat' dir='ltr'><strong>quid</strong></span> <span class='ocrx_word' id='word_1_651' title='bbox 1360 1751 1450 1783; x_wconf 87' lang='lat' dir='ltr'><strong>nimis,</strong></span> <span class='ocrx_word' id='word_1_652' title='bbox 1465 1751 1570 1786; x_wconf 79' lang='lat' dir='ltr'><strong>aliaque</strong></span> <span class='ocrx_word' id='word_1_653' title='bbox 1591 1753 1731 1786; x_wconf 77' lang='lat' dir='ltr'><strong>talin.Quo</strong></span> 
     </span>
    </p>
   </div>
   <div class='ocr_carea' id='block_1_91' title="bbox 944 1797 1732 1833">
    <p class='ocr_par' dir='ltr' id='par_1_91' title="bbox 944 1797 1732 1833">
     <span class='ocr_line' id='line_1_91' title="bbox 944 1797 1732 1833; baseline 0.001 -7"><span class='ocrx_word' id='word_1_654' title='bbox 944 1801 983 1831; x_wconf 84' lang='lat' dir='ltr'><strong>tit,</strong></span> <span class='ocrx_word' id='word_1_655' title='bbox 996 1805 1025 1826; x_wconf 90' lang='lat' dir='ltr'><strong>ut</strong></span> <span class='ocrx_word' id='word_1_656' title='bbox 1048 1798 1119 1832; x_wconf 87' lang='lat' dir='ltr'><strong>quod</strong></span> <span class='ocrx_word' id='word_1_657' title='bbox 1137 1798 1247 1824; x_wconf 88' lang='lat' dir='ltr'><strong>modum</strong></span> <span class='ocrx_word' id='word_1_658' title='bbox 1260 1797 1353 1828; x_wconf 75' lang='lat' dir='ltr'><strong>habet,</strong></span> <span class='ocrx_word' id='word_1_659' title='bbox 1370 1803 1396 1824; x_wconf 81' lang='lat' dir='ltr'><strong>et</strong></span> <span class='ocrx_word' id='word_1_660' title='bbox 1412 1798 1530 1824; x_wconf 89' lang='lat' dir='ltr'><strong>medium</strong></span> <span class='ocrx_word' id='word_1_661' title='bbox 1553 1799 1597 1833; x_wconf 89' lang='lat' dir='ltr'><strong>qui</strong></span> <span class='ocrx_word' id='word_1_662' title='bbox 1615 1805 1666 1830; x_wconf 85' lang='lat' dir='ltr'><strong>est.</strong></span> <span class='ocrx_word' id='word_1_663' title='bbox 1678 1801 1732 1827; x_wconf 90' lang='lat' dir='ltr'><strong>alio</strong></span> 
     </span>
    </p>
   </div>
   <div class='ocr_carea' id='block_1_92' title="bbox 943 1843 1727 1879">
    <p class='ocr_par' dir='ltr' id='par_1_92' title="bbox 943 1843 1727 1879">
     <span class='ocr_line' id='line_1_92' title="bbox 943 1843 1727 1879; baseline 0.004 -10"><span class='ocrx_word' id='word_1_664' title='bbox 943 1846 1059 1879; x_wconf 86' lang='lat' dir='ltr'><strong>quodam</strong></span> <span class='ocrx_word' id='word_1_665' title='bbox 1082 1846 1161 1870; x_wconf 86' lang='lat' dir='ltr'><strong>modo</strong></span> <span class='ocrx_word' id='word_1_666' title='bbox 1179 1843 1242 1870; x_wconf 91' lang='lat' dir='ltr'><strong>boni</strong></span> <span class='ocrx_word' id='word_1_667' title='bbox 1263 1847 1389 1876; x_wconf 86' lang='lat' dir='ltr'><strong>respectu</strong></span> <span class='ocrx_word' id='word_1_668' title='bbox 1404 1843 1449 1869; x_wconf 72' lang='lat' dir='ltr'><strong>[int</strong></span> <span class='ocrx_word' id='word_1_669' title='bbox 1471 1848 1639 1871; x_wconf 76' lang='lat' dir='ltr'><strong>extremum.</strong></span> <span class='ocrx_word' id='word_1_670' title='bbox 1659 1844 1727 1872; x_wconf 83' lang='lat' dir='ltr'><strong>Ver-</strong></span> 
     </span>
    </p>
   </div>
   <div class='ocr_carea' id='block_1_93' title="bbox 943 1889 1731 1924">
    <p class='ocr_par' dir='ltr' id='par_1_93' title="bbox 943 1889 1731 1924">
     <span class='ocr_line' id='line_1_93' title="bbox 943 1889 1731 1924; baseline 0.001 -7"><span class='ocrx_word' id='word_1_671' title='bbox 943 1891 984 1917; x_wconf 87' lang='lat' dir='ltr'><strong>bis</strong></span> <span class='ocrx_word' id='word_1_672' title='bbox 997 1890 1062 1924; x_wconf 73' lang='lat' dir='ltr'><strong>ipsa:</strong></span> <span class='ocrx_word' id='word_1_673' title='bbox 1074 1897 1117 1916; x_wconf 86' lang='lat' dir='ltr'><strong>res</strong></span> <span class='ocrx_word' id='word_1_674' title='bbox 1130 1889 1317 1919; x_wconf 78' lang='lat' dir='ltr'><strong>consentiunt,</strong></span> <span class='ocrx_word' id='word_1_675' title='bbox 1330 1893 1353 1916; x_wconf 92' lang='lat' dir='ltr'><strong>et</strong></span> <span class='ocrx_word' id='word_1_676' title='bbox 1368 1889 1395 1915; x_wconf 91' lang='lat' dir='ltr'><strong>in</strong></span> <span class='ocrx_word' id='word_1_677' title='bbox 1410 1889 1506 1923; x_wconf 90' lang='lat' dir='ltr'><strong>primis</strong></span> <span class='ocrx_word' id='word_1_678' title='bbox 1515 1889 1566 1917; x_wconf 87' lang='lat' dir='ltr'><strong>hoc</strong></span> <span class='ocrx_word' id='word_1_679' title='bbox 1577 1898 1633 1917; x_wconf 86' lang='lat' dir='ltr'><strong>rem</strong></span> <span class='ocrx_word' id='word_1_680' title='bbox 1649 1896 1731 1918; x_wconf 84' lang='lat' dir='ltr'><strong>totam</strong></span> 
     </span>
    </p>
   </div>
   <div class='ocr_carea' id='block_1_94' title="bbox 943 1934 1730 1969">
    <p class='ocr_par' dir='ltr' id='par_1_94' title="bbox 943 1934 1730 1969">
     <span class='ocr_line' id='line_1_94' title="bbox 943 1934 1730 1969; baseline 0.001 -7"><span class='ocrx_word' id='word_1_681' title='bbox 943 1935 1015 1962; x_wconf 88' lang='lat' dir='ltr'><strong>clare</strong></span> <span class='ocrx_word' id='word_1_682' title='bbox 1031 1935 1137 1969; x_wconf 87' lang='lat' dir='ltr'><strong>probat.</strong></span> <span class='ocrx_word' id='word_1_683' title='bbox 1149 1934 1235 1961; x_wconf 88' lang='lat' dir='ltr'><strong>Homo</strong></span> <span class='ocrx_word' id='word_1_684' title='bbox 1251 1941 1369 1968; x_wconf 85' lang='lat' dir='ltr'><strong>namque</strong></span> <span class='ocrx_word' id='word_1_685' title='bbox 1387 1935 1542 1962; x_wconf 83' lang='lat' dir='ltr'><strong>malitiosus</strong></span> <span class='ocrx_word' id='word_1_686' title='bbox 1558 1940 1584 1962; x_wconf 86' lang='lat' dir='ltr'><strong>et</strong></span> <span class='ocrx_word' id='word_1_687' title='bbox 1597 1936 1730 1969; x_wconf 85' lang='lat' dir='ltr'><strong>stolidus,</strong></span> 
     </span>
    </p>
   </div>
   <div class='ocr_carea' id='block_1_95' title="bbox 944 1981 1731 2013">
    <p class='ocr_par' dir='ltr' id='par_1_95' title="bbox 944 1981 1731 2013">
     <span class='ocr_line' id='line_1_95' title="bbox 944 1981 1731 2013; baseline 0.004 -6"><span class='ocrx_word' id='word_1_688' title='bbox 944 1982 1007 2008; x_wconf 86' lang='lat' dir='ltr'><strong>licet</strong></span> <span class='ocrx_word' id='word_1_689' title='bbox 1021 1985 1143 2008; x_wconf 80' lang='lat' dir='ltr'><strong>extreme</strong></span> <span class='ocrx_word' id='word_1_690' title='bbox 1156 1981 1339 2008; x_wconf 83' lang='lat' dir='ltr'><strong>distentalter</strong></span> <span class='ocrx_word' id='word_1_691' title='bbox 1354 1981 1388 2007; x_wconf 76' lang='lat' dir='ltr'><strong>at)</strong></span> <span class='ocrx_word' id='word_1_692' title='bbox 1402 1981 1501 2013; x_wconf 86' lang='lat' dir='ltr'><strong>altero,</strong></span> <span class='ocrx_word' id='word_1_693' title='bbox 1534 1986 1622 2008; x_wconf 83' lang='lat' dir='ltr'><strong>tamen</strong></span> <span class='ocrx_word' id='word_1_694' title='bbox 1650 1983 1731 2010; x_wconf 87' lang='lat' dir='ltr'><strong>ambo</strong></span> 
     </span>
    </p>
   </div>
   <div class='ocr_carea' id='block_1_96' title="bbox 944 2026 1730 2061">
    <p class='ocr_par' dir='ltr' id='par_1_96' title="bbox 944 2026 1730 2061">
     <span class='ocr_line' id='line_1_96' title="bbox 944 2026 1730 2061; baseline 0.003 -8"><span class='ocrx_word' id='word_1_695' title='bbox 944 2027 1008 2053; x_wconf 86' lang='lat' dir='ltr'><strong>mali</strong></span> <span class='ocrx_word' id='word_1_696' title='bbox 1024 2032 1108 2059; x_wconf 89' lang='lat' dir='ltr'><strong>sunt;</strong></span> <span class='ocrx_word' id='word_1_697' title='bbox 1128 2035 1178 2053; x_wconf 88' lang='lat' dir='ltr'><strong>nec</strong></span> <span class='ocrx_word' id='word_1_698' title='bbox 1200 2027 1273 2061; x_wconf 89' lang='lat' dir='ltr'><strong>quod</strong></span> <span class='ocrx_word' id='word_1_699' title='bbox 1305 2026 1424 2060; x_wconf 82' lang='lat' dir='ltr'><strong>inyicem</strong></span> <span class='ocrx_word' id='word_1_700' title='bbox 1457 2028 1509 2054; x_wconf 84' lang='lat' dir='ltr'><strong>sibi</strong></span> <span class='ocrx_word' id='word_1_701' title='bbox 1538 2027 1730 2061; x_wconf 79' lang='lat' dir='ltr'><strong>adversantur,</strong></span> 
     </span>
    </p>
   </div>
   <div class='ocr_carea' id='block_1_97' title="bbox 944 2072 1723 2108">
    <p class='ocr_par' dir='ltr' id='par_1_97' title="bbox 944 2072 1723 2108">
     <span class='ocr_line' id='line_1_97' title="bbox 944 2072 1723 2108; baseline 0.001 -9"><span class='ocrx_word' id='word_1_702' title='bbox 944 2081 998 2108; x_wconf 88' lang='lat' dir='ltr'><strong>quo</strong></span> <span class='ocrx_word' id='word_1_703' title='bbox 1027 2073 1117 2100; x_wconf 83' lang='lat' dir='ltr'><strong>minus</strong></span> <span class='ocrx_word' id='word_1_704' title='bbox 1133 2073 1214 2099; x_wconf 80' lang='lat' dir='ltr'><strong>simul</strong></span> <span class='ocrx_word' id='word_1_705' title='bbox 1230 2073 1310 2099; x_wconf 80' lang='lat' dir='ltr'><strong>ambo</strong></span> <span class='ocrx_word' id='word_1_706' title='bbox 1331 2072 1420 2099; x_wconf 79' lang='lat' dir='ltr'><strong>laudis</strong></span> <span class='ocrx_word' id='word_1_707' title='bbox 1437 2078 1563 2107; x_wconf 83' lang='lat' dir='ltr'><strong>expertes</strong></span> <span class='ocrx_word' id='word_1_708' title='bbox 1582 2075 1723 2106; x_wconf 81' lang='lat' dir='ltr'><strong>sint,-im-</strong></span> 
     </span>
    </p>
   </div>
   <div class='ocr_carea' id='block_1_98' title="bbox 945 2113 1730 2153">
    <p class='ocr_par' dir='ltr' id='par_1_98' title="bbox 945 2113 1730 2153">
     <span class='ocr_line' id='line_1_98' title="bbox 945 2113 1730 2153; baseline 0.001 -8"><span class='ocrx_word' id='word_1_709' title='bbox 945 2119 1028 2153; x_wconf 87' lang='lat' dir='ltr'><strong>pedit.</strong></span> <span class='ocrx_word' id='word_1_710' title='bbox 1041 2119 1075 2144; x_wconf 92' lang='lat' dir='ltr'><strong>At</strong></span> <span class='ocrx_word' id='word_1_711' title='bbox 1086 2113 1109 2145; x_wconf 68' lang='lat' dir='ltr'><strong>di</strong></span> <span class='ocrx_word' id='word_1_712' title='bbox 1128 2118 1190 2152; x_wconf 88' lang='lat' dir='ltr'><strong>quis</strong></span> <span class='ocrx_word' id='word_1_713' title='bbox 1215 2122 1242 2145; x_wconf 87' lang='lat' dir='ltr'><strong>et</strong></span> <span class='ocrx_word' id='word_1_714' title='bbox 1264 2119 1395 2145; x_wconf 85' lang='lat' dir='ltr'><strong>malitiam</strong></span> <span class='ocrx_word' id='word_1_715' title='bbox 1422 2119 1533 2149; x_wconf 75' lang='lat' dir='ltr'><strong>devitet,</strong></span> <span class='ocrx_word' id='word_1_716' title='bbox 1560 2123 1586 2144; x_wconf 85' lang='lat' dir='ltr'><strong>et</strong></span> <span class='ocrx_word' id='word_1_717' title='bbox 1606 2119 1730 2146; x_wconf 82' lang='lat' dir='ltr'><strong>stolidam</strong></span> 
     </span>
    </p>
   </div>
   <div class='ocr_carea' id='block_1_99' title="bbox 946 2164 1729 2197">
    <p class='ocr_par' dir='ltr' id='par_1_99' title="bbox 946 2164 1729 2197">
     <span class='ocr_line' id='line_1_99' title="bbox 946 2164 1729 2197; baseline 0 -7"><span class='ocrx_word' id='word_1_718' title='bbox 946 2164 1161 2197; x_wconf 86' lang='lat' dir='ltr'><strong>simplicitatem,</strong></span> <span class='ocrx_word' id='word_1_719' title='bbox 1176 2164 1198 2191; x_wconf 88' lang='lat' dir='ltr'><strong>is</strong></span> <span class='ocrx_word' id='word_1_720' title='bbox 1218 2171 1279 2191; x_wconf 88' lang='lat' dir='ltr'><strong>cum</strong></span> <span class='ocrx_word' id='word_1_721' title='bbox 1307 2164 1468 2191; x_wconf 80' lang='lat' dir='ltr'><strong>dexteritate</strong></span> <span class='ocrx_word' id='word_1_722' title='bbox 1489 2169 1606 2191; x_wconf 83' lang='lat' dir='ltr'><strong>mentem</strong></span> <span class='ocrx_word' id='word_1_723' title='bbox 1629 2164 1729 2191; x_wconf 84' lang='lat' dir='ltr'><strong>habere</strong></span> 
     </span>
    </p>
   </div>
   <div class='ocr_carea' id='block_1_100' title="bbox 945 2209 1730 2245">
    <p class='ocr_par' dir='ltr' id='par_1_100' title="bbox 945 2209 1730 2245">
     <span class='ocr_line' id='line_1_100' title="bbox 945 2209 1730 2245; baseline -0.001 -8"><span class='ocrx_word' id='word_1_724' title='bbox 945 2209 1179 2245; x_wconf 83' lang='lat' dir='ltr'><strong>deprehendetur.</strong></span> <span class='ocrx_word' id='word_1_725' title='bbox 1198 2215 1224 2236; x_wconf 89' lang='lat' dir='ltr'><strong>et</strong></span> <span class='ocrx_word' id='word_1_726' title='bbox 1242 2209 1354 2236; x_wconf 90' lang='lat' dir='ltr'><strong>omnino</strong></span> <span class='ocrx_word' id='word_1_727' title='bbox 1371 2210 1459 2236; x_wconf 87' lang='lat' dir='ltr'><strong>bonus</strong></span> <span class='ocrx_word' id='word_1_728' title='bbox 1476 2210 1537 2236; x_wconf 86' lang='lat' dir='ltr'><strong>erit.</strong></span> <span class='ocrx_word' id='word_1_729' title='bbox 1557 2209 1635 2236; x_wconf 82' lang='lat' dir='ltr'><strong>Unde</strong></span> <span class='ocrx_word' id='word_1_730' title='bbox 1663 2217 1730 2236; x_wconf 85' lang='lat' dir='ltr'><strong>con-</strong></span> 
     </span>
    </p>
   </div>
   <div class='ocr_carea' id='block_1_101' title="bbox 945 2254 1730 2288">
    <p class='ocr_par' dir='ltr' id='par_1_101' title="bbox 945 2254 1730 2288">
     <span class='ocr_line' id='line_1_101' title="bbox 945 2254 1730 2288; baseline -0.003 -6"><span class='ocrx_word' id='word_1_731' title='bbox 945 2260 1009 2287; x_wconf 80' lang='lat' dir='ltr'><strong>stat,</strong></span> <span class='ocrx_word' id='word_1_732' title='bbox 1032 2256 1097 2283; x_wconf 88' lang='lat' dir='ltr'><strong>lines</strong></span> <span class='ocrx_word' id='word_1_733' title='bbox 1107 2263 1169 2283; x_wconf 84' lang='lat' dir='ltr'><strong>esse</strong></span> <span class='ocrx_word' id='word_1_734' title='bbox 1183 2255 1278 2288; x_wconf 82' lang='lat' dir='ltr'><strong>malos,</strong></span> <span class='ocrx_word' id='word_1_735' title='bbox 1297 2261 1324 2282; x_wconf 87' lang='lat' dir='ltr'><strong>et</strong></span> <span class='ocrx_word' id='word_1_736' title='bbox 1339 2255 1436 2287; x_wconf 79' lang='lat' dir='ltr'><strong>media,</strong></span> <span class='ocrx_word' id='word_1_737' title='bbox 1462 2255 1520 2281; x_wconf 86' lang='lat' dir='ltr'><strong>vice</strong></span> <span class='ocrx_word' id='word_1_738' title='bbox 1543 2262 1632 2286; x_wconf 74' lang='lat' dir='ltr'><strong>versa,</strong></span> <span class='ocrx_word' id='word_1_739' title='bbox 1649 2254 1730 2281; x_wconf 86' lang='lat' dir='ltr'><strong>bona.</strong></span> 
     </span>
    </p>
   </div>
   <div class='ocr_carea' id='block_1_102' title="bbox 946 2300 1732 2336">
    <p class='ocr_par' dir='ltr' id='par_1_102' title="bbox 946 2300 1732 2336">
     <span class='ocr_line' id='line_1_102' title="bbox 946 2300 1732 2336; baseline -0.001 -8"><span class='ocrx_word' id='word_1_740' title='bbox 946 2302 1063 2334; x_wconf 75' lang='lat' dir='ltr'><strong>Rursus,</strong></span> <span class='ocrx_word' id='word_1_741' title='bbox 1095 2302 1218 2328; x_wconf 87' lang='lat' dir='ltr'><strong>invidere</strong></span> <span class='ocrx_word' id='word_1_742' title='bbox 1245 2301 1531 2336; x_wconf 72' lang='lat' dir='ltr'><strong>prmstantissimorum</strong></span> <span class='ocrx_word' id='word_1_743' title='bbox 1546 2300 1662 2327; x_wconf 76' lang='lat' dir='ltr'><strong>fortibus</strong></span> <span class='ocrx_word' id='word_1_744' title='bbox 1676 2300 1732 2328; x_wconf 81' lang='lat' dir='ltr'><strong>fac-</strong></span> 
     </span>
    </p>
   </div>
   <div class='ocr_carea' id='block_1_103' title="bbox 946 2346 1730 2380">
    <p class='ocr_par' dir='ltr' id='par_1_103' title="bbox 946 2346 1730 2380">
     <span class='ocr_line' id='line_1_103' title="bbox 946 2346 1730 2380; baseline -0.001 -6"><span class='ocrx_word' id='word_1_745' title='bbox 946 2348 991 2380; x_wconf 86' lang='lat' dir='ltr'><strong>tis,</strong></span> <span class='ocrx_word' id='word_1_746' title='bbox 1011 2353 1038 2374; x_wconf 88' lang='lat' dir='ltr'><strong>et</strong></span> <span class='ocrx_word' id='word_1_747' title='bbox 1056 2347 1222 2374; x_wconf 78' lang='lat' dir='ltr'><strong>econtrario</strong></span> <span class='ocrx_word' id='word_1_748' title='bbox 1242 2347 1345 2373; x_wconf 91' lang='lat' dir='ltr'><strong>nullum</strong></span> <span class='ocrx_word' id='word_1_749' title='bbox 1359 2347 1461 2373; x_wconf 86' lang='lat' dir='ltr'><strong>sentire</strong></span> <span class='ocrx_word' id='word_1_750' title='bbox 1487 2346 1642 2377; x_wconf 89' lang='lat' dir='ltr'><strong>stimulum,</strong></span> <span class='ocrx_word' id='word_1_751' title='bbox 1668 2354 1730 2380; x_wconf 67' lang='lat' dir='ltr'><strong>qua:</strong></span> 
     </span>
    </p>
   </div>
   <div class='ocr_carea' id='block_1_104' title="bbox 943 2392 1731 2426">
    <p class='ocr_par' dir='ltr' id='par_1_104' title="bbox 943 2392 1731 2426">
     <span class='ocr_line' id='line_1_104' title="bbox 943 2392 1731 2426; baseline -0.004 -4"><span class='ocrx_word' id='word_1_752' title='bbox 943 2394 1060 2422; x_wconf 88' lang='lat' dir='ltr'><strong>invicem</strong></span> <span class='ocrx_word' id='word_1_753' title='bbox 1089 2394 1140 2420; x_wconf 91' lang='lat' dir='ltr'><strong>sibi</strong></span> <span class='ocrx_word' id='word_1_754' title='bbox 1170 2394 1360 2422; x_wconf 84' lang='lat' dir='ltr'><strong>adversantur.</strong></span> <span class='ocrx_word' id='word_1_755' title='bbox 1391 2392 1511 2419; x_wconf 79' lang='lat' dir='ltr'><strong>maxime</strong></span> <span class='ocrx_word' id='word_1_756' title='bbox 1541 2392 1731 2426; x_wconf 72' lang='lat' dir='ltr'><strong>vituperabilia</strong></span> 
     </span>
    </p>
   </div>
   <div class='ocr_carea' id='block_1_105' title="bbox 942 2437 1730 2471">
    <p class='ocr_par' dir='ltr' id='par_1_105' title="bbox 942 2437 1730 2471">
     <span class='ocr_line' id='line_1_105' title="bbox 942 2437 1730 2471; baseline -0.005 -3"><span class='ocrx_word' id='word_1_757' title='bbox 942 2445 1017 2468; x_wconf 82' lang='lat' dir='ltr'><strong>sunt.</strong></span> <span class='ocrx_word' id='word_1_758' title='bbox 1035 2440 1104 2467; x_wconf 88' lang='lat' dir='ltr'><strong>lllnd</strong></span> <span class='ocrx_word' id='word_1_759' title='bbox 1116 2439 1189 2466; x_wconf 83' lang='lat' dir='ltr'><strong>enim</strong></span> <span class='ocrx_word' id='word_1_760' title='bbox 1215 2439 1316 2465; x_wconf 84' lang='lat' dir='ltr'><strong>malum</strong></span> <span class='ocrx_word' id='word_1_761' title='bbox 1342 2441 1384 2464; x_wconf 90' lang='lat' dir='ltr'><strong>est</strong></span> <span class='ocrx_word' id='word_1_762' title='bbox 1406 2437 1652 2471; x_wconf 81' lang='lat' dir='ltr'><strong>antiquissimum:</strong></span> <span class='ocrx_word' id='word_1_763' title='bbox 1679 2438 1730 2464; x_wconf 85' lang='lat' dir='ltr'><strong>hoc</strong></span> 
     </span>
    </p>
   </div>
   <div class='ocr_carea' id='block_1_106' title="bbox 943 2483 1727 2518">
    <p class='ocr_par' dir='ltr' id='par_1_106' title="bbox 943 2483 1727 2518">
     <span class='ocr_line' id='line_1_106' title="bbox 943 2483 1727 2518; baseline -0.006 -5"><span class='ocrx_word' id='word_1_764' title='bbox 943 2486 1060 2513; x_wconf 76' lang='lat' dir='ltr'><strong>alterum</strong></span> <span class='ocrx_word' id='word_1_765' title='bbox 1076 2493 1089 2511; x_wconf 83' lang='lat' dir='ltr'><strong>a</strong></span> <span class='ocrx_word' id='word_1_766' title='bbox 1107 2485 1220 2511; x_wconf 64' lang='lat' dir='ltr'><strong>molliti..-</strong></span> <span class='ocrx_word' id='word_1_767' title='bbox 1249 2483 1431 2518; x_wconf 77' lang='lat' dir='ltr'><strong>proﬁciscitur</strong></span> <span class='ocrx_word' id='word_1_768' title='bbox 1450 2492 1456 2509; x_wconf 93' lang='lat'><strong>:</strong></span> <span class='ocrx_word' id='word_1_769' title='bbox 1487 2488 1605 2516; x_wconf 83' lang='lat' dir='ltr'><strong>utraque</strong></span> <span class='ocrx_word' id='word_1_770' title='bbox 1634 2484 1727 2514; x_wconf 78' lang='lat' dir='ltr'><strong>noxia,</strong></span> 
     </span>
    </p>
   </div>
   <div class='ocr_carea' id='block_1_107' title="bbox 943 2528 1728 2563">
    <p class='ocr_par' dir='ltr' id='par_1_107' title="bbox 943 2528 1728 2563">
     <span class='ocr_line' id='line_1_107' title="bbox 943 2528 1728 2563; baseline -0.003 -7"><span class='ocrx_word' id='word_1_771' title='bbox 943 2529 1044 2557; x_wconf 88' lang='lat' dir='ltr'><strong>nullam</strong></span> <span class='ocrx_word' id='word_1_772' title='bbox 1061 2529 1190 2563; x_wconf 88' lang='lat' dir='ltr'><strong>(opinor)</strong></span> <span class='ocrx_word' id='word_1_773' title='bbox 1220 2529 1254 2554; x_wconf 88' lang='lat' dir='ltr'><strong>ob</strong></span> <span class='ocrx_word' id='word_1_774' title='bbox 1267 2529 1346 2554; x_wconf 78' lang='lat' dir='ltr'><strong>alium</strong></span> <span class='ocrx_word' id='word_1_775' title='bbox 1364 2535 1486 2560; x_wconf 82' lang='lat' dir='ltr'><strong>causam,</strong></span> <span class='ocrx_word' id='word_1_776' title='bbox 1519 2528 1570 2554; x_wconf 83' lang='lat' dir='ltr'><strong>uisi</strong></span> <span class='ocrx_word' id='word_1_777' title='bbox 1595 2528 1666 2563; x_wconf 91' lang='lat' dir='ltr'><strong>quod</strong></span> <span class='ocrx_word' id='word_1_778' title='bbox 1694 2529 1728 2554; x_wconf 84' lang='lat' dir='ltr'><strong>ad</strong></span> 
     </span>
    </p>
   </div>
   <div class='ocr_carea' id='block_1_108' title="bbox 944 2572 1730 2607">
    <p class='ocr_par' dir='ltr' id='par_1_108' title="bbox 944 2572 1730 2607">
     <span class='ocr_line' id='line_1_108' title="bbox 944 2572 1730 2607; baseline -0.004 -5"><span class='ocrx_word' id='word_1_779' title='bbox 944 2576 1058 2603; x_wconf 87' lang='lat' dir='ltr'><strong>nimium</strong></span> <span class='ocrx_word' id='word_1_780' title='bbox 1076 2579 1198 2601; x_wconf 83' lang='lat' dir='ltr'><strong>extreme</strong></span> <span class='ocrx_word' id='word_1_781' title='bbox 1214 2575 1334 2601; x_wconf 82' lang='lat' dir='ltr'><strong>tendant.</strong></span> <span class='ocrx_word' id='word_1_782' title='bbox 1351 2572 1418 2599; x_wconf 77' lang='lat' dir='ltr'><strong>Nam</strong></span> <span class='ocrx_word' id='word_1_783' title='bbox 1444 2574 1593 2603; x_wconf 66' lang='lat' dir='ltr'><strong>aumdatio.</strong></span> <span class='ocrx_word' id='word_1_784' title='bbox 1625 2574 1730 2607; x_wconf 86' lang='lat' dir='ltr'><strong>simpli-</strong></span> 
     </span>
    </p>
   </div>
   <div class='ocr_carea' id='block_1_109' title="bbox 944 2619 1728 2655">
    <p class='ocr_par' dir='ltr' id='par_1_109' title="bbox 944 2619 1728 2655">
     <span class='ocr_line' id='line_1_109' title="bbox 944 2619 1728 2655; baseline -0.005 -6"><span class='ocrx_word' id='word_1_785' title='bbox 944 2622 1011 2649; x_wconf 87' lang='lat' dir='ltr'><strong>citer</strong></span> <span class='ocrx_word' id='word_1_786' title='bbox 1024 2621 1115 2648; x_wconf 81' lang='lat' dir='ltr'><strong>animo</strong></span> <span class='ocrx_word' id='word_1_787' title='bbox 1133 2626 1242 2655; x_wconf 86' lang='lat' dir='ltr'><strong>propter</strong></span> <span class='ocrx_word' id='word_1_788' title='bbox 1263 2620 1438 2654; x_wconf 86' lang='lat' dir='ltr'><strong>cupiditatem</strong></span> <span class='ocrx_word' id='word_1_789' title='bbox 1470 2620 1558 2646; x_wconf 75' lang='lat' dir='ltr'><strong>lanulis</strong></span> <span class='ocrx_word' id='word_1_790' title='bbox 1585 2619 1677 2651; x_wconf 87' lang='lat' dir='ltr'><strong>insita,</strong></span> <span class='ocrx_word' id='word_1_791' title='bbox 1705 2620 1728 2646; x_wconf 85' lang='lat' dir='ltr'><strong>si</strong></span> 
     </span>
    </p>
   </div>
   <div class='ocr_carea' id='block_1_110' title="bbox 943 2656 1730 2700">
    <p class='ocr_par' dir='ltr' id='par_1_110' title="bbox 943 2656 1730 2700">
     <span class='ocr_line' id='line_1_110' title="bbox 943 2656 1730 2700; baseline -0.004 -6"><span class='ocrx_word' id='word_1_792' title='bbox 943 2675 993 2694; x_wconf 89' lang='lat' dir='ltr'><strong>nec</strong></span> <span class='ocrx_word' id='word_1_793' title='bbox 1007 2667 1039 2693; x_wconf 86' lang='lat' dir='ltr'><strong>ad</strong></span> <span class='ocrx_word' id='word_1_794' title='bbox 1055 2666 1185 2693; x_wconf 82' lang='lat' dir='ltr'><strong>invidiam</strong></span> <span class='ocrx_word' id='word_1_795' title='bbox 1212 2666 1357 2700; x_wconf 77' lang='lat' dir='ltr'><strong>cxorbitet,</strong></span> <span class='ocrx_word' id='word_1_796' title='bbox 1391 2673 1423 2692; x_wconf 86' lang='lat' dir='ltr'><strong>ac</strong></span> <span class='ocrx_word' id='word_1_797' title='bbox 1457 2656 1596 2700; x_wconf 75' lang='lat' dir='ltr'><strong>stuporem</strong></span> <span class='ocrx_word' id='word_1_798' title='bbox 1626 2664 1730 2691; x_wconf 81' lang='lat' dir='ltr'><strong>doleris</strong></span> 
     </span>
    </p>
   </div>
   <div class='ocr_carea' id='block_1_111' title="bbox 941 2707 1732 2744">
    <p class='ocr_par' dir='ltr' id='par_1_111' title="bbox 941 2707 1732 2744">
     <span class='ocr_line' id='line_1_111' title="bbox 941 2707 1732 2744; baseline -0.008 -4"><span class='ocrx_word' id='word_1_799' title='bbox 941 2712 1032 2740; x_wconf 86' lang='lat' dir='ltr'><strong>omnis</strong></span> <span class='ocrx_word' id='word_1_800' title='bbox 1047 2718 1174 2744; x_wconf 83' lang='lat' dir='ltr'><strong>vacuum,</strong></span> <span class='ocrx_word' id='word_1_801' title='bbox 1188 2710 1233 2737; x_wconf 90' lang='lat' dir='ltr'><strong>ubi</strong></span> <span class='ocrx_word' id='word_1_802' title='bbox 1248 2711 1351 2737; x_wconf 89' lang='lat' dir='ltr'><strong>doloris</strong></span> <span class='ocrx_word' id='word_1_803' title='bbox 1367 2717 1464 2738; x_wconf 80' lang='lat' dir='ltr'><strong>sensus</strong></span> <span class='ocrx_word' id='word_1_804' title='bbox 1488 2709 1584 2736; x_wconf 84' lang='lat' dir='ltr'><strong>abesse</strong></span> <span class='ocrx_word' id='word_1_805' title='bbox 1614 2715 1669 2735; x_wconf 91' lang='lat' dir='ltr'><strong>non</strong></span> <span class='ocrx_word' id='word_1_806' title='bbox 1683 2707 1732 2734; x_wconf 82' lang='lat' dir='ltr'><strong>de-</strong></span> 
     </span>
    </p>
   </div>
   <div class='ocr_carea' id='block_1_112' title="bbox 941 2754 1728 2790">
    <p class='ocr_par' dir='ltr' id='par_1_112' title="bbox 941 2754 1728 2790">
     <span class='ocr_line' id='line_1_112' title="bbox 941 2754 1728 2790; baseline -0.006 -5"><span class='ocrx_word' id='word_1_807' title='bbox 941 2757 1155 2789; x_wconf 79' lang='lat' dir='ltr'><strong>bebat,evitct:</strong></span> <span class='ocrx_word' id='word_1_808' title='bbox 1186 2756 1306 2783; x_wconf 87' lang='lat' dir='ltr'><strong>medium</strong></span> <span class='ocrx_word' id='word_1_809' title='bbox 1331 2756 1461 2790; x_wconf 83' lang='lat' dir='ltr'><strong>quiddam</strong></span> <span class='ocrx_word' id='word_1_810' title='bbox 1495 2755 1587 2785; x_wconf 69' lang='lat' dir='ltr'><strong>fuerit,</strong></span> <span class='ocrx_word' id='word_1_811' title='bbox 1618 2754 1728 2788; x_wconf 78' lang='lat' dir='ltr'><strong>opinor,</strong></span> 
     </span>
    </p>
   </div>
   <div class='ocr_carea' id='block_1_113' title="bbox 940 2800 1728 2835">
    <p class='ocr_par' dir='ltr' id='par_1_113' title="bbox 940 2800 1728 2835">
     <span class='ocr_line' id='line_1_113' title="bbox 940 2800 1728 2835; baseline -0.005 -4"><span class='ocrx_word' id='word_1_812' title='bbox 940 2805 1011 2831; x_wconf 86' lang='lat' dir='ltr'><strong>inter</strong></span> <span class='ocrx_word' id='word_1_813' title='bbox 1028 2803 1085 2829; x_wconf 77' lang='lat' dir='ltr'><strong>ha-c</strong></span> <span class='ocrx_word' id='word_1_814' title='bbox 1099 2801 1164 2828; x_wconf 77' lang='lat' dir='ltr'><strong>vitia</strong></span> <span class='ocrx_word' id='word_1_815' title='bbox 1179 2801 1333 2832; x_wconf 88' lang='lat' dir='ltr'><strong>contraria;</strong></span> <span class='ocrx_word' id='word_1_816' title='bbox 1359 2808 1462 2835; x_wconf 85' lang='lat' dir='ltr'><strong>proque</strong></span> <span class='ocrx_word' id='word_1_817' title='bbox 1472 2807 1501 2827; x_wconf 84' lang='lat' dir='ltr'><strong>re</strong></span> <span class='ocrx_word' id='word_1_818' title='bbox 1514 2800 1584 2826; x_wconf 87' lang='lat' dir='ltr'><strong>bona</strong></span> <span class='ocrx_word' id='word_1_819' title='bbox 1602 2800 1728 2827; x_wconf 82' lang='lat' dir='ltr'><strong>ducetur.</strong></span> 
     </span>
    </p>
   </div>
   <div class='ocr_carea' id='block_1_114' title="bbox 107 2844 1729 2886">
    <p class='ocr_par' dir='ltr' id='par_1_114' title="bbox 107 2844 1729 2886">
     <span class='ocr_line' id='line_1_114' title="bbox 107 2844 1729 2886; baseline -0.008 -2"><span class='ocrx_word' id='word_1_820' title='bbox 107 2856 162 2884; x_wconf 74' lang='lat' dir='ltr'><strong>Erit</strong></span> <span class='ocrx_word' id='word_1_821' title='bbox 180 2859 252 2884; x_wconf 89' lang='lat' dir='ltr'><strong>enim</strong></span> <span class='ocrx_word' id='word_1_822' title='bbox 268 2844 373 2882; x_wconf 76' lang='lat' dir='ltr'><strong>fructus</strong></span> <span class='ocrx_word' id='word_1_823' title='bbox 399 2854 593 2885; x_wconf 81' lang='lat' dir='ltr'><strong>auimositatis,</strong></span> <span class='ocrx_word' id='word_1_824' title='bbox 622 2854 655 2880; x_wconf 84' lang='lat' dir='ltr'><strong>ad</strong></span> <span class='ocrx_word' id='word_1_825' title='bbox 685 2853 812 2880; x_wconf 83' lang='lat' dir='ltr'><strong>virtutem</strong></span> <span class='ocrx_word' id='word_1_826' title='bbox 837 2849 1013 2886; x_wconf 84' lang='lat' dir='ltr'><strong>impellentis.</strong></span> <span class='ocrx_word' id='word_1_827' title='bbox 1042 2846 1178 2882; x_wconf 81' lang='lat' dir='ltr'><strong>siquidem</strong></span> <span class='ocrx_word' id='word_1_828' title='bbox 1207 2853 1267 2873; x_wconf 87' lang='lat' dir='ltr'><strong>esse</strong></span> <span class='ocrx_word' id='word_1_829' title='bbox 1294 2845 1372 2872; x_wconf 82' lang='lat' dir='ltr'><strong>dabis</strong></span> <span class='ocrx_word' id='word_1_830' title='bbox 1397 2844 1541 2880; x_wconf 82' lang='lat' dir='ltr'><strong>ejusmodi,</strong></span> <span class='ocrx_word' id='word_1_831' title='bbox 1557 2845 1630 2880; x_wconf 87' lang='lat' dir='ltr'><strong>quod</strong></span> <span class='ocrx_word' id='word_1_832' title='bbox 1657 2844 1729 2872; x_wconf 82' lang='lat' dir='ltr'><strong>Tlte-</strong></span> 
     </span>
    </p>
   </div>
   <div class='ocr_carea' id='block_1_115' title="bbox 108 2895 1198 2939">
    <p class='ocr_par' dir='ltr' id='par_1_115' title="bbox 108 2895 1198 2939">
     <span class='ocr_line' id='line_1_115' title="bbox 108 2895 1198 2939; baseline -0.009 -7"><span class='ocrx_word' id='word_1_833' title='bbox 108 2904 254 2936; x_wconf 74' lang='lat' dir='ltr'><strong>tnistoeles,</strong></span> <span class='ocrx_word' id='word_1_834' title='bbox 271 2903 399 2932; x_wconf 80' lang='lat' dir='ltr'><strong>Miltiadis</strong></span> <span class='ocrx_word' id='word_1_835' title='bbox 418 2908 530 2939; x_wconf 76' lang='lat' dir='ltr'><strong>_tropa:o</strong></span> <span class='ocrx_word' id='word_1_836' title='bbox 560 2901 729 2934; x_wconf 84' lang='lat' dir='ltr'><strong>stimulatus,</strong></span> <span class='ocrx_word' id='word_1_837' title='bbox 758 2907 886 2929; x_wconf 88' lang='lat' dir='ltr'><strong>somnum</strong></span> <span class='ocrx_word' id='word_1_838' title='bbox 907 2905 1004 2934; x_wconf 83' lang='lat' dir='ltr'><strong>capere</strong></span> <span class='ocrx_word' id='word_1_839' title='bbox 1021 2904 1075 2923; x_wconf 93' lang='lat' dir='ltr'><strong>non</strong></span> <span class='ocrx_word' id='word_1_840' title='bbox 1101 2895 1198 2931; x_wconf 84' lang='lat' dir='ltr'><strong>potuit.</strong></span> 
     </span>
    </p>
   </div>
  </div>
