1938 3083
188 99 190 101 ι
202 77 255 109 339

200 183 284 210 etiam
302 186 423 212 extraria
441 187 566 221 quaedam
582 188 643 224 ejus
658 190 788 225 impulsio
803 201 811 219 :
831 194 930 227 quibus
945 199 986 221 at-

201 229 368 257 tendendum
382 235 425 258 est
441 237 522 265 recte,
534 241 583 261 nec
596 239 697 263 temere
708 238 772 271 quid
787 238 984 273 inchoandum.

201 275 224 303 si
242 276 330 306 bonus
347 280 409 312 quis
422 287 483 308 esse
499 281 573 310 velit.
588 284 702 318 Agettda
715 290 779 312 sunt
799 287 873 314 enini
891 289 983 315 omnia

201 323 322 350 adhibita
336 324 569 361 consideratione,
579 329 689 363 judicio,
701 331 827 364 consilio,
842 334 985 360 conscien—

202 371 249 401 tia,
265 374 292 396 ct
307 371 407 406 tthiqtte
425 375 569 409 principum
582 380 674 410 partes
691 377 806 405 honesto
822 378 982 406 tribuendaa.

200 413 291 443 Tarde
301 419 410 452 quidem
422 422 624 454 procedendum
639 423 664 449 in
678 424 853 452 decerni-udo
866 434 872 457 ;
889 434 982 458 verum

201 463 246 488 ubi
270 470 343 490 recte
361 466 546 499 consulueris,
565 469 701 496 ambobus
720 472 887 497 currendum
907 472 983 505 pedi-

173 507 186 556 Ἰ
200 507 261 537 bus.
277 507 373 537 Itidem
388 520 441 538 tton
455 514 558 547 agenda
574 515 698 547 confuse,
715 524 773 549 quze
787 516 858 543 forte
873 525 901 544 se
919 518 984 544 οπο-

198 560 284 588 runt;
300 557 348 583 sed
368 565 475 592 semper
490 560 587 593 prima,
605 562 734 593 primunt.
753 562 819 589 Nam
835 571 930 597 magna
942 564 984 591 vis

198 602 307 629 ordinis
327 609 378 634 est.
405 609 488 639 atque
514 607 552 632 uti
569 607 630 640 quis
647 615 660 634 a
684 608 863 636 dilationibus
878 610 982 636 abhor—

199 652 258 674 reat
277 656 284 674 :
301 656 363 675 cutn
384 651 477 677 tnultis
493 651 598 678 diversa
615 652 816 686 factitantibus,
833 656 982 689 cmteroqui

198 694 444 728 praestantissimis,
460 704 498 723 ere
515 704 557 723 res
573 699 658 724 exitio
675 698 787 726 iuerint.

546 752 641 782 XXXI.

786 86 988 122 MANUEIJS
1006 92 1228 127 PAL/EOLOGI

201 135 312 164 nomine
337 143 437 172 potest,
466 139 571 174 primus
595 140 680 169 animi
707 148 820 178 motus;
849 145 870 173 si
886 147 983 181 placet,

1039 151 1107 186 χῆς·
1124 153 1148 178 εί
1169 153 1196 179 δε
1212 153 1314 188 βούλει,

1771 104 1830 139 5L0

1330 155 1377 181 καὶ
1392 156 1408 190 ἡ
1422 154 1539 191 Θύραοεν
1556 158 1722 195 ἐγγινομένη
1740 163 1829 199 ταύτῃ

1038 197 1194 232 προσϐολή·
1213 197 1258 230 αἷς
1284 200 1429 234 προσέχειν
1443 203 1496 237 χρὴ
1517 203 1619 236 καλῶς,
1636 205 1682 231 καὶ
1698 207 1736 241 μὴ
1758 197 1828 241 ergo;

1037 242 1126 274 πετῶς
1153 243 1298 279 ἐγχειρεῖν,
1326 246 1350 272 εἰ
1379 245 1472 281 μέλλει
1500 257 1541 279 τις
1566 250 1670 283 ἀγαθὸς
1699 251 1826 279 ἔσεσθαι·

1038 287 1133 314 Πάντα
1150 289 1204 324 γὰρ
1223 291 1312 317 ποιεῖν
1332 293 1468 327 προσήκει
1483 294 1589 328 σκέψει,
1603 296 1652 322 καὶ
1666 297 1765 331 κρίσει,
1780 299 1829 325 καὶ

1036 336 1158 367 γνώσει,
1196 337 1244 363 καὶ
1275 338 1449 372 συνειδήσει,
1479 340 1527 366 καὶ
1553 340 1655 368 διδόναι
1687 343 1828 378 πανταχοῦ

1035 381 1147 414 κρατεῖν
1171 381 1202 408 τὸ
1230 382 1324 410 καλόν.
1346 384 1401 410 Καὶ
1433 385 1502 420 πρὸς
1531 388 1580 420 μὲν
1605 388 1654 419 τὰς
1675 389 1829 421 ἀποφάσεις

1037 425 1118 461 σχολῇ
1137 426 1256 461 βαδίζειν
1267 437 1275 444 ⁸
1291 428 1504 466 βεϐουλευμένον
1524 432 1552 458 δὲ
1564 433 1666 464 καλῶς,
1681 433 1743 461 δυσὶ
1761 436 1829 460 ποσὶ

1035 471 1161 505 τρέχειν·
1179 473 1311 506 πράττειν
1325 483 1355 500 τε
1372 475 1408 510 μὴ
1423 476 1541 512 φύρδην,
1557 477 1576 504 ἃ.
1592 478 1670 513 τύχοι
1684 488 1692 495 ·
1710 479 1768 505 ἀλλ’
1784 481 1829 506 ἀεὶ

1034 517 1068 543 τὰ
1082 517 1179 552 πρῶτα
1196 519 1322 554 πρώτως.
1340 521 1420 554 Μέγα
1441 523 1494 556 γὰρ
1513 523 1601 557 ίσχύει
1625 524 1714 557 τάξις,
1730 525 1778 550 καὶ
1795 525 1829 551 τὸ

1037 563 1074 597 μὴ
1099 564 1204 599 χαίρειν
1232 565 1386 598 ἀναὸολαῖς,
1415 568 1462 593 καὶ
1488 568 1604 600 πολλούς
1632 578 1664 602 γε
1694 570 1828 596 τάναντία.

1035 610 1155 643 καθεῖλε,
1174 611 1256 638 τᾶλλα
1275 611 1434 646 βελτίστους
1450 613 1636 649 ὑπάρχοντας.

1400 757 1460 785 AA’.

234 808 362 836 Numinis.
377 817 443 836 sane
458 810 543 837 divini
558 811 652 843 l'uetil,
667 816 694 839 et
715 812 814 846 quibus
833 813 878 840 illa
897 814 981 841 facul—

1072 809 1108 836 Τὸ
1135 811 1183 844 μὲν
1208 811 1251 838 ἀεὶ
1268 812 1302 838 τὰ
1327 801 1424 847 βελτίω
1445 813 1497 839 τῶν
1514 813 1644 848 χειρόνων
1661 815 1826 849 ἐκλέγεσθαι

198 860 242 882 tas
255 855 288 882 ab
304 856 397 882 eodettt
414 856 496 883 fuerit
510 864 652 888 concessa,
665 865 720 892 prae
732 858 914 886 deterioribus
927 868 981 886 me-

199 901 268 927 liora
295 908 404 935 semper
425 902 537 935 eligere.
561 902 745 930 Nihilominus
766 905 933 937 conandum,
953 910 982 932 ut

198 947 327 974 omnibus
355 947 444 974 modis
469 955 620 982 agnoscas,
638 956 697 983 quae
720 950 822 984 optima
836 951 982 978 videantur

198 999 282 1025 esse;
298 998 379 1027 atque
393 994 485 1028 agnita
504 994 599 1026 facias,
616 999 643 1021 et
659 995 768 1029 quidem
783 996 884 1024 talibus
899 997 981 1029 mini-

198 1044 242 1065 me
259 1038 368 1065 salieris
381 1048 388 1071 ;
401 1047 463 1065 ttattt
481 1044 509 1066 ut
528 1040 645 1073 prituum
663 1040 729 1067 illud
747 1046 788 1069 est
805 1041 862 1074 Dei,
885 1042 925 1069 sic
942 1044 982 1069 al-

198 1088 285 1112 ternm
303 1085 328 1111 in
342 1085 481 1112 hominem
502 1086 585 1113 cadit.
606 1085 725 1113 Necesse
744 1092 787 1114 est
804 1087 876 1114 enini
893 1088 981 1122 magis

197 1139 247 1158 eos
262 1131 322 1158 aliis
340 1137 479 1166 compotes
493 1131 600 1159 virtutis
616 1132 695 1165 efﬁci,
711 1133 751 1159 vel
766 1133 798 1160 ad
811 1141 870 1160 eam
885 1134 980 1161 saltem

197 1177 312 1212 propius
329 1178 469 1209 accedere,
483 1179 529 1212 qui
548 1179 636 1205 oculis
655 1179 681 1205 itt
697 1179 734 1210 id,
748 1179 818 1213 qttod
837 1180 980 1207 honestum

197 1227 248 1254 est,
263 1224 385 1255 directis,
407 1224 712 1258 prtestantissimorum,
728 1233 783 1252 non
799 1225 980 1259 plurimoruttt

197 1271 322 1298 aeiiones
335 1275 416 1305 atque
427 1271 539 1297 consilia
551 1278 659 1305 semper
671 1271 822 1303 itttuentttr,
837 1277 862 1297 et
874 1279 983 1298 eorum-

197 1317 258 1343 dem
276 1317 379 1343 exitum
402 1317 549 1343 observant
565 1325 572 1342 :
591 1324 623 1343 ac
641 1317 673 1343 iis
700 1317 820 1350 quidem.
836 1325 896 1350 quae
919 1325 982 1344 esse

198 1361 270 1388 bona
282 1362 436 1388 docuerunt
447 1366 562 1388 eventus
573 1362 635 1395 ipsi,
646 1362 723 1395 quasi
736 1362 837 1394 regulis
848 1367 980 1389 ututttur:

198 1407 335 1433 contraria
360 1407 551 1440 magistrorum
568 1407 629 1434 loco
644 1406 695 1434 sibi
709 1408 889 1441 constituunt,
907 1416 941 1435 ne
955 1407 981 1434 itt

198 1451 269 1476 mala
283 1450 439 1477 consimilia
452 1457 543 1478 ruant.

536 1505 643 1535 XXXII.

236 1550 388 1578 Admodum
405 1553 525 1586 jucunda
542 1561 585 1581 res
608 1559 651 1581 est
666 1554 779 1588 erudiri,
796 1563 850 1582 non
873 1558 982 1591 lapsum

200 1597 341 1632 patiendo,
355 1599 402 1625 sed
422 1599 547 1626 acerbius
563 1600 665 1634 aliquid
679 1600 836 1633 devitando,
856 1610 917 1628 cum
928 1603 983 1629 l'ac-

200 1648 244 1671 tus
256 1642 371 1672 alterius
381 1653 476 1672 errore
488 1646 600 1680 peritior
611 1646 706 1674 fueris.
720 1647 806 1681 Major
816 1654 904 1674 autem
919 1656 983 1682 pars

200 1691 353 1722 hominum,
372 1691 410 1718 uti
428 1691 537 1725 quidem
554 1697 675 1726 apparet.
693 1693 762 1720 hanc
779 1701 834 1720 rem
860 1689 981 1728 negligit,

199 1741 226 1762 ct
241 1736 411 1764 calamitates
424 1738 549 1772 proprias
561 1743 712 1773 exspectat,
729 1744 759 1765 ut
771 1747 817 1773 per
828 1748 859 1766 ea
875 1741 983 1766 erudia-

200 1787 246 1808 tur
264 1791 270 1809 :
287 1789 368 1816 quam
384 1782 582 1810 institutionem
601 1784 726 1811 mercede
741 1784 833 1811 damni
849 1793 919 1819 saepe
935 1793 982 1819 pa-

199 1833 261 1853 rum
278 1821 437 1861 reparabilis
462 1833 631 1862 compensat.
651 1829 734 1855 Iidem
748 1836 924 1856 consuevere
941 1830 982 1856 di-

200 1881 273 1905 cere,
294 1874 442 1906 medicutn,
469 1876 515 1908 qui
534 1883 630 1902 nomen
658 1876 710 1902 hoc
727 1880 891 1903 consecutus
916 1876 950 1902 sit
969 1884 983 1903 e

200 1920 326 1951 scientia,
344 1927 398 1946 non
418 1920 458 1946 illi
473 1913 566 1954 parem
582 1927 652 1952 esse,
667 1921 713 1955 qui
729 1920 818 1947 varios
831 1921 858 1947 itt
874 1921 983 1947 morbos

200 1961 338 1991 inciderit.
355 1963 395 1992 Tu
410 1973 474 1992 vero
493 1966 571 1993 modo
592 1966 660 1992 velis
688 1966 771 1992 etiam
785 1973 837 1992 non
855 1966 983 2000 patiendo

201 2011 303 2046 poteris
314 2012 429 2039 evadere
443 2012 567 2046 peritior,
583 2011 604 2038 si
618 2011 789 2038 calamitates
803 2011 919 2038 alioruttt
933 2020 982 2046 pro

200 2059 256 2086 tuis
270 2059 391 2091 duxeris,
413 2065 563 2090 earumque
587 2065 684 2085 causas
701 2057 851 2089 vitaveris;
875 2062 902 2084 et
921 2057 983 2092 qui-

200 2106 262 2133 dem
279 2106 330 2133 hoc.
347 2111 402 2132 tam
420 2110 549 2133 accurate
569 2104 760 2138 consequeris.
777 2110 809 2131 ac
826 2104 849 2130 si
865 2105 982 2139 teipsum

200 2153 228 2180 in
244 2160 288 2180 res
305 2152 435 2179 adversas
449 2151 578 2178 incidisse
593 2151 770 2186 contingeret.

533 2208 653 2236 XXXIII.

236 2255 361 2284 Tendere
378 2255 554 2290 cupiditatem
569 2255 724 2287 hominum,
741 2263 756 2282 e
774 2255 886 2289 pulvere
903 2255 987 2289 spiri-

203 2309 288 2338 tuque
315 2303 513 2333 consiantium,
535 2302 617 2329 modo
637 2301 747 2336 quidem
764 2309 886 2332 sursum,
905 2301 986 2327 tnodo

202 2359 267 2377 τετυ
284 2350 424 2381 deorsum,
447 2349 516 2376 nihil
537 2356 604 2376 sane
619 2349 682 2375 novi
696 2349 786 2375 fuerit.
804 2348 859 2375 Sed
875 2352 985 2383 oportet

201 2399 292 2424 vitum
308 2396 567 2428 praestantissimum
584 2402 639 2422 non
655 2395 786 2421 continuo
802 2394 985 2428 voluptatum,

202 2443 318 2476 Irarum,
329 2449 463 2470 tcrrorunt
474 2441 701 2476 impressionibus
710 2441 916 2476 expugnabilem
927 2447 988 2467 sese

203 2490 337 2524 praebere,
360 2488 432 2523 quod
448 2487 615 2515 etieminatis
640 2487 763 2514 accidere
779 2487 915 2517 videmus,
937 2486 985 2520 qui

202 2542 231 2561 sc
243 2534 284 2561 vel
296 2533 362 2568 ipsis
374 2534 494 2560 ltostiuttt
510 2533 725 2568 praecursoribus
738 2532 861 2559 dedunt:
875 2531 921 2558 sed
936 2531 987 2557 im-

203 2584 308 2608 motum
320 2587 430 2606 manere
446 2587 478 2606 ac
492 2587 553 2606 esse
568 2579 818 2610 stablletti,exitum
835 2578 874 2605 rei
891 2578 985 2605 cuius-

203 2633 257 2662 que
279 2626 494 2661 perqttirentem.
522 2623 590 2651 Nam
613 2624 758 2651 confestim
782 2624 986 2658 etttergeniibus

204 2679 296 2699 rerum
313 2671 456 2706 principiis
472 2678 625 2702 accurrere,
639 2678 699 2705 qua:
717 2671 847 2698 suavibus
865 2669 986 2697 exordiis

203 2717 321 2745 blandiri
333 2723 510 2748 consuevere,
525 2723 588 2743 cum
600 2715 699 2743 occulti
715 2717 771 2743 sint
786 2722 882 2742 eorum
904 2715 984 2748 lines,

203 2763 249 2790 vix
266 2762 426 2791 hominibus
439 2762 544 2791 insanis
559 2757 759 2797 cutupetcht-it.
777 2761 868 2796 Itaque
879 2763 912 2788 da
924 2768 989 2795 ope-

206 2816 278 2844 ram,
295 2815 326 2838 ut
339 2811 432 2838 tittnus
449 2810 488 2838 sis
501 2814 583 2845 utque
597 2808 714 2841 stabilis,
731 2815 836 2842 resuuv.
852 2807 931 2834 linem
946 2807 988 2834 iu-

1033 856 1102 882 Θεοῦ
1133 856 1166 882 ἂν
1195 857 1249 891 εἴη,
1268 857 1314 883 καὶ
1341 855 1381 888 οἷς
1413 857 1446 884 ἂν
1471 858 1600 892 μεταδοίη
1628 862 1746 895 ταυτησὶ
1775 862 1826 895 τῆς

1032 902 1193 937 δυνάμεως·
1216 903 1364 938 πειρᾶσθαι
1396 904 1487 937 μέντοι
1513 905 1649 939 προσήκει
1678 905 1827 938 γινώσκειν

1033 947 1118 975 ἅπασι
1133 949 1255 982 τρόποις,
1272 948 1341 975 ἅττα
1367 949 1493 984 βέλτιστα
1515 949 1625 976 πάντων
1641 949 1712 976 εἶναι
1737 951 1825 984 δοκεῖ,

1032 995 1080 1021 καὶ¹
1092 994 1262 1029 γινώσκοντα
1277 996 1374 1026 ποιεῖν,
1388 995 1436 1022 καὶ
1451 995 1564 1022 τοιαῦτα
1582 995 1619 1030 μὴ
1634 997 1825 1030 κορέννυσθαι.

1039 1039 1083 1070 Ὠς
1099 1041 1152 1075 γὰρ
1169 1040 1200 1067 τὸ
1216 1041 1325 1074 πρῶτον
1341 1040 1421 1074 Θεοῦ,
1443 1041 1515 1068 οὕτω
1535 1041 1565 1068 τὸ
1575 1041 1704 1076 δεύτερον
1718 1043 1825 1078 ἀνδρός.

1039 1085 1158 1121 ’Λνάγκη
1174 1086 1229 1122 γὰρ
1246 1086 1347 1121 μᾶλλον
1367 1088 1421 1113 τῶν
1437 1087 1526 1114 ἄλλων
1541 1088 1682 1121 ἐπιτυχεῖς
1703 1088 1826 1119 ἐκείνους

1033 1133 1160 1166 γενέσθαι
1188 1133 1237 1167 τῆς
1262 1133 1375 1166 ἀρετῆς,
1395 1132 1411 1168 ἢ
1435 1133 1502 1167 γοῦν
1527 1134 1563 1168 μὴ
1594 1134 1689 1169 πόρρω
1716 1133 1826 1166 βάλλειν

1033 1178 1130 1212 αὐτῆς,
1147 1178 1204 1204 ὅσοι
1221 1179 1253 1212 δὴ
1272 1178 1341 1211 πρὸς
1359 1178 1390 1204 τὸ
1410 1178 1492 1204 καλὸν
1513 1179 1683 1213 ἀφορῶντες,
1697 1179 1747 1210 τὰς
1767 1180 1824 1206 τῶν

1033 1223 1160 1258 ἀρίστων,
1179 1223 1239 1257 οὐχὶ
1252 1223 1306 1249 τῶν
1319 1223 1453 1250 πλείστων
1467 1223 1582 1258 πράξεις
1599 1232 1629 1250 τε
1645 1225 1693 1250 καὶ
1709 1224 1824 1259 γνώμας

1033 1269 1075 1295 ἀεὶ
1093 1268 1254 1299 σκοποῦσιν,
1272 1266 1321 1295 εἶτ’
1337 1268 1500 1303 ὲπιτηροῦσι
1512 1269 1547 1295 τὰ
1559 1269 1663 1296 τούτων
1677 1270 1742 1304 τέλη
1754 1278 1760 1285 ‘
1775 1271 1825 1296 καὶ

1032 1316 1090 1345 ταῖς
1117 1315 1166 1348 μὲν
1192 1314 1290 1345 καλαῖς
1316 1315 1350 1340 ἐκ
1376 1313 1430 1340 τῶν
1461 1315 1605 1341 ὲκδάσεων
1633 1315 1825 1349 δεδειγμέναις

1033 1360 1127 1395 ὥσπερ
1146 1361 1240 1387 κανόσι
1264 1360 1404 1395 χρῶνται·
1425 1361 1473 1392 τὰς
1499 1361 1522 1387 δ’
1546 1361 1674 1392 ἐναντίας
1691 1361 1824 1395 φανείσας

1035 1407 1109 1439 σφῶν
1128 1406 1218 1432 αὐτῶν
1243 1405 1422 1437 διδασκάλους
1444 1407 1578 1439 ποιοῦσιν,
1594 1405 1665 1433 ὥστε
1686 1407 1724 1441 μὴ
1745 1414 1826 1441 περι-

1034 1452 1128 1478 πεσεῖν
1146 1452 1203 1482 τοῖς
1219 1452 1324 1486 ὁμοίοις
1339 1452 1464 1482 κακοῖς.⁶

1399 1510 1418 1536 Λ
1423 1508 1460 1537 B’.

1074 1554 1139 1581 Ἦδύ
1169 1564 1193 1581 τι
1219 1553 1248 1581 τὸ
1279 1555 1375 1588 μαθεῖν
1404 1555 1489 1585 ἐστιν,
1512 1556 1561 1582 οὐκ
1595 1556 1628 1582 ὲκ
1649 1555 1697 1581 τοῦ
1726 1556 1826 1582 παθεῖν

1034 1600 1197 1632 πταίσαντα,
1219 1598 1278 1625 ἀλλ’
1306 1600 1337 1624 ἐκ
1360 1598 1407 1625 τοῦ
1432 1599 1646 1632 διαπεφευγέναι
1669 1600 1701 1626 τὸ
1725 1599 1824 1634 δυσχε-

1036 1644 1176 1679 ρέστερον,
1194 1645 1226 1680 τῇ
1252 1645 1307 1670 τῶν
1334 1644 1422 1670 ἄλλων
1438 1645 1589 1680 διαμαρτίᾳ
1612 1646 1758 1680 γενόμενον
1773 1646 1825 1680 ὲμ-
1843 1640 1852 1646 ”

1034 1692 1202 1725 πειρότερον.
1219 1691 1249 1717 Οἰ
1277 1690 1387 1721 πλείους
1414 1690 1452 1721 δὲ,
1478 1691 1516 1722 ὡς
1539 1690 1637 1723 ἔοικεν,
1654 1691 1823 1725 ὀλιγωροῦσι

1033 1736 1109 1763 τοῦδε
1131 1735 1180 1762 τοῦ
1206 1736 1382 1769 πράγματος,
1406 1736 1453 1761 καὶ
1479 1736 1528 1767 ἰὰς
1548 1736 1653 1766 οἰκείας
1679 1736 1824 1770 συμφορὰς

1034 1782 1223 1816 ἀναμένουσιν.
1254 1780 1324 1807 ὥστε
1347 1780 1411 1815 παρ’
1440 1782 1552 1808 ἐκείνων
1586 1782 1694 1816 μαθεῖν,
1726 1782 1825 1816 μισθὸν

1034 1827 1202 1861 παρέχοντες
1218 1826 1334 1860 ταυτησὶ
1353 1825 1403 1859 τῆς
1423 1826 1570 1860 μαθήσεως
1587 1826 1703 1860 ζημίαν,
1722 1827 1825 1854 πολλάν

1034 1882 1078 1904 κις
1094 1873 1147 1899 οὐδ’
1162 1871 1355 1906 εὐανάκλητον.
1370 1871 1462 1902 Μῦθος
1477 1871 1504 1898 δέ
1524 1871 1568 1902 τίς
1583 1873 1659 1898 ἐστιν
1675 1873 1779 1906 αὐτοῖς,
1793 1874 1824 1899 οὐ

1034 1920 1159 1959 τοσοῦητον
1176 1918 1268 1952 ίατρδν
1283 1915 1354 1943 εἶναι
1376 1917 1422 1943 τὸν
1440 1919 1581 1953 ἐπιστήμῃ
1598 1918 1672 1944 τοῦτ’
1693 1919 1767 1950 ὄντα,
1785 1920 1824 1950 ὡς

1034 1967 1080 1992 τὸν
1098 1965 1327 2000 περιπεπτωκότα
1343 1963 1477 1994 ποικίλοις
1503 1964 1612 1990 italiam.
1627 1964 1663 1990 Σὺ
1678 1964 1701 1991 δ’
1721 1966 1754 1991 ἂν
1772 1966 1825 1999 μά-

1035 2012 1102 2042 Οοις,
1119 2012 1142 2037 εἰ
1158 2010 1259 2045 βούλει,
1277 2012 1322 2036 καὶ
1338 2011 1375 2044 μὴ
1391 2010 1496 2041 παθὼν,
1514 2009 1563 2040 τὰς
1578 2010 1634 2036 τῶν
1649 2010 1737 2036 ἄλλων
1752 2019 1824 2044 συμ-

1035 2058 1120 2093 φορὰς
1140 2057 1338 2091 οἰκειούμενος,
1357 2056 1404 2082 καὶ
1424 2056 1458 2082 τὰ
1481 2056 1583 2082 τούτων
1601 2056 1677 2082 αἴτια
1693 2057 1826 2090 φυλαττό-

1037 2111 1127 2137 μενος,
1141 2101 1212 2128 οὕτω
1229 2102 1404 2127 παντάπασιν
1421 2101 1555 2135 ἁκριὸὡς,
1568 2100 1663 2136 ὥσπερ
1681 2101 1714 2127 ἂν
1733 2101 1760 2127 εἴ
1783 2109 1826 2127 σοι

1001 2157 1023 2182 ι)
1038 2148 1136 2181 συνέϐη
1153 2147 1393 2181 περιπεπτωκέναι
1414 2146 1471 2177 τοῖς
1489 2145 1628 2180 χαλεποῖς.

1400 2203 1461 2230 AI".

1079 2252 1188 2278 Ῥἐπειν
1211 2252 1261 2287 τὴν
1288 2250 1438 2284 ἐπιθυμίαν
1459 2248 1625 2283 ἀνθρώπων,
1641 2249 1673 2274 ἐκ
1692 2249 1754 2283 χοὸς
1779 2249 1828 2275 καὶ

1038 2299 1192 2333 πνεύματος
1209 2296 1466 2333 ὑπιρχόντων,τοτὲ
1480 2295 1528 2330 μὲν
1541 2295 1606 2327 ἄνω,
1616 2294 1677 2320 τοτὲ
1692 2295 1720 2321 δὲ
1736 2295 1824 2326 κάτω,

1036 2346 1113 2372 οὐδὲν
1132 2346 1164 2372 ἂν
1192 2345 1234 2378 εἴη
1264 2344 1351 2378 δήπου
1379 2342 1484 2369 καινόν.
1510 2342 1556 2367 Δεῖ
1583 2341 1611 2367 δὲ
1641 2341 1687 2367 τὸν
1713 2341 1827 2376 ἄριστον

1037 2391 1121 2426 ἄνδρα
1137 2390 1174 2426 μὴ
1187 2391 1247 2421 ταῖς
1261 2389 1366 2423 ἐφόδοις
1383 2389 1437 2414 τῶν
1453 2387 1566 2422 ἡδονῶν,
1584 2387 1631 2413 καὶ
1646 2388 1701 2413 τῶν
1717 2387 1824 2421 θυμῶν,

1036 2438 1082 2463 καὶ
1097 2432 1151 2462 τῶν
1164 2435 1255 2470 φόσων
1269 2434 1350 2464 εὐθὺς
1366 2432 1501 2459 εὐάλωτον
1520 2429 1602 2463 εἶναι,
1620 2431 1634 2457 ὃ
1653 2431 1716 2462 τοὺς
1730 2440 1828 2464 γυναι-

1037 2483 1133 2509 κώδαιε
1145 2480 1255 2516 ὁρῶμεν
1270 2480 1436 2513 πάσχοντας,
1448 2477 1625 2512 προδιδόντας
1642 2476 1712 2509 σφᾶς
1725 2476 1827 2507 αὐτοὺς

1036 2529 1091 2558 τοῖς
1113 2524 1302 2561 προδραμοῦσι
1319 2524 1373 2550 τῶν
1386 2523 1541 2556 πολεμίων·
1559 2522 1628 2548 ἀλλὰ
1653 2522 1748 2555 μένειν
1766 2521 1828 2547 τοῦ‹

1036 2582 1082 2601 τον
1098 2573 1228 2608 ἀτρέμας,
1248 2571 1348 2605 πάγιον
1372 2569 1442 2597 εἶναι
1468 2568 1603 2603 ζητοῦντα
1628 2568 1657 2593 τὸ
1671 2567 1746 2597 τέλος
1762 2567 1828 2593 ἐκά-

1037 2629 1100 2646 στου
1126 2619 1299 2654 πράγματος.
1315 2617 1352 2642 Τὸ
1373 2616 1427 2651 γὰρ
1446 2615 1547 2642 αὐτίκα
1569 2613 1711 2648 φανείσαις
1726 2613 1825 2646 ἀρχαῖς

1037 2667 1209 2702 πριγμάτων
1228 2664 1423 2700 προστρέχειν,
1443 2662 1658 2692 ὑποσαινούσαις
1672 2659 1826 2694 προοιμίοις

1037 2715 1163 2748 χαρίεσι,
1180 2712 1234 2738 τῶν
1258 2711 1344 2749 τελῶν
1361 2710 1457 2740 αὑταῖς
1477 2709 1684 2744 κρυπτομένων,
1705 2707 1780 2740 μόλις
1794 2706 1827 2730 ἂν

1039 2759 1170 2793 ἁρμόσειε
1207 2755 1412 2790 τετυφωμένοις
1450 2753 1617 2788 ἀνθρώποις.
1655 2752 1736 2784 licet.
1779 2749 1826 2775 οὖν

1039 2804 1116 2839 ὲδραῖ
1132 2812 1145 2835 ς
1168 2800 1250 2835 εἶναι,
1271 2801 1317 2827 καὶ
1341 2800 1450 2828 σκοπῶν
1476 2800 1506 2827 τὸ
1524 2799 1620 2834 πέρας,
1634 2798 1737 2834 πρᾶττε
1751 2803 1758 2810 ’
1776 2797 1824 2822 και
