1938 3083
125 79 181 111 341

628 80 834 111 ΡΒΛΕΟΕΡΤΑ
850 80 1109 112 EDUCATIONIS
1130 82 1271 112 REGLE.

1707 83 1757 115 3έῖ

116 137 180 172 πρὸ
193 136 290 164 τούτου
308 137 375 172 μηδὲ
401 136 536 172 ἐγχείρει*
557 137 629 173 ὄφρα
643 146 683 172 σε,
696 138 757 165 καθ’
776 138 912 174 Ὅμηρον,

968 142 1055 168 tuens,
1081 137 1173 172 agito:
1202 138 1274 171 quod
1296 137 1384 172 prius,
1401 145 1482 173 quam
1500 138 1608 171 feceris,
1626 140 1693 167 nihil
1710 142 1736 169 iu
1748 158 1756 163 κ

118 184 223 211 τίωσιν

344 272 420 307 ἠμὲν
434 273 507 304 νέοι,
525 273 581 308 ἠδὲ
598 274 747 308 γέροντες.

119 317 281 353 Προσθείην
295 318 318 344 δ’
333 319 366 345 ἂν
386 318 485 353 ἔγωγε,
501 319 573 354 ὄφρα
600 329 630 346 σε
651 320 781 354 πολέμιος
804 320 915 356 φρίττῃ,

119 366 176 391 καὶ
189 365 309 401 ὑπήκοος
324 366 388 401 φιλῇ
400 375 406 383 ·
420 367 467 393 καὶ
480 366 609 403 θαυμάζῃ
623 367 674 401 μὲν
686 367 773 401 φίλος,
787 366 916 403 θαυμάζῃ

119 411 154 438 δὲ
172 411 319 446 συγγενὴς,
337 412 385 439 καὶ
402 413 459 445 τοῖς
473 412 527 440 ὑπὸ
550 413 598 440 σοῦ
617 405 829 449 πεπραγμένοις
847 413 916 440 πάν-

119 465 174 490 τες
190 458 407 494 ἐκπλήττωνται.

495 505 556 533 ΛΔ’.

165 550 285 586 ’Υψηλόν
298 560 330 586 γε
349 552 487 587 οὐδαμῶς,
504 552 566 579 οὐδὲ
590 554 725 588 μεγίστης
744 553 917 589 φρονήσεως,
931 570 935 572 -

117 595 186 622 οὐδὲ
203 596 303 631 πολλῆς
322 598 524 632 γενναιότητος.
540 598 571 624 τὸ
595 598 634 633 μὴ
652 599 712 630 ταῖς
726 598 861 633 πρώταις,
879 599 917 630 ὡς

117 642 156 669 ἄν
171 651 214 673 τις
231 643 316 674 εἴποι,
330 643 385 670 τῶν
404 644 493 678 ἔργων
519 645 567 672 καὶ
585 645 727 680 λογισμῶν
752 645 918 675 ἐπιπνεύσε-

117 696 166 715 σιν
181 688 310 723 ἀκίνητόν
328 698 390 716 τινα
405 691 559 724 γίγνεσθαι,
571 692 595 717 ει
613 690 651 726 μὴ
669 693 715 718 καὶ
733 691 764 717 τὸ
782 692 918 727 προσδρα-

119 735 187 768 μεῖν
203 735 251 762 aut
262 735 442 771 οἱκειωθῆναι
458 737 540 763 καλὸν
554 737 586 764 ἂν
601 738 692 768 εἴποις
704 737 787 769 εὐθὺς
802 738 917 772 φανέντι

118 781 269 816 πράγματι
290 782 427 818 βλαϐερῷ.
446 783 535 809 Ὅπου
567 783 622 817 γὰρ
649 783 781 820 καὶτοῖς
808 784 918 817 ἀλόγοις

118 825 265 860 ὲμπέφυκέ
278 836 320 859 τις
336 828 425 862 ἰσχὺς,
441 828 472 854 τὸ
491 829 632 864 συμφέρον
647 829 701 855 ἀπὸ
716 829 764 855 τοῦ
781 829 917 864 βλάπτον-

116 879 167 902 τος
183 872 373 908 διακρίνουσα,
389 873 423 900 ἂν
446 873 515 908 μηδὲ
542 874 581 905 εις
607 874 666 901 ἴσον
685 875 777 906 αὐτοῖς
792 873 917 909 ἔλθωμεν

117 918 146 944 οι
173 918 245 954 λόγῳ
274 920 351 954 μόνοι
377 921 568 956 τετιμημένοι,
596 921 655 947 ἀλλ’
684 921 791 956 ἀρκέσῃ
820 921 873 955 μὲν
900 922 917 956 ὴ

117 965 204 998 φύσις
220 965 348 998 ἐκεινοις,
366 967 434 1001 παρ’
449 968 518 1002 ἡμῖν
545 967 574 994 δὲ
594 968 641 994 καὶ
657 968 689 994 τὸ
703 968 816 1002 λογικὸν
833 968 916 994 ἀσθε-

117 1010 167 1042 νὲς
183 1013 267 1048 φανῇ,
286 1013 347 1044 πῶς
364 1013 414 1048 μὲν
431 1014 462 1040 οὗ
489 1013 614 1049 σχέτλιον
641 1014 762 1048 κομιδῆ;
787 1014 845 1046 πῶς
866 1014 916 1040 οὐκ

117 1057 258 1093 αἰσχύνης
274 1058 420 1086 ἀνάπλεων
430 1067 438 1092 ;

487 1149 551 1176 ΛΕ’.

165 1192 266 1230 Ἰέραξ,
289 1194 384 1229 ἵππος,
412 1195 488 1230 ἰχθὺς
507 1195 579 1222 κατὰ
602 1194 692 1229 λόγον,
708 1195 739 1221 οὗ
767 1194 817 1222 σὺν
843 1193 915 1227 λόγῳ

121 1241 157 1268 τὰ
187 1242 363 1276 συμφέροντα
394 1242 527 1276 πράττειν
565 1241 743 1276 πεφύκασιν·
775 1240 846 1267 ὥστε
875 1241 916 1267 δεῖ

121 1286 214 1322 ¹ιτολλῷ
232 1295 264 1321 γε
286 1286 388 1321 μᾶλλον
408 1287 482 1321 ἡμᾶς
495 1287 544 1313 σὺν
555 1287 628 1321 λόγῳ
642 1287 780 1320 πράττειν
794 1286 828 1312 τὰ
843 1286 914 1311 κατὰ

120 1332 220 1365 λόγον,
243 1333 463 1367 ἀπαιτουμένους
493 1333 570 1367 παρά
600 1332 650 1366 τῆς
682 1332 791 1366 φύσεως
824 1331 913 1366 ἀρχῆς

123 1379 298 1414 βλαπτούσης
327 1380 484 1415 ἀποπηδᾷν.
508 1381 546 1406 υύ
578 1380 631 1415 μὴν
663 1379 777 1410 ἐκεινοις
806 1378 912 1413 μέμψις

122 1425 225 1456 δικαία,
241 1425 321 1460 θυμῷ
343 1434 373 1451 τε
399 1427 447 1453 καὶ
468 1425 603 1460 ἐπιθυμίᾳ
630 1425 818 1453 δουλεύουσιν.
844 1424 912 1451 Οὐδὲ

122 1471 177 1506 γὰρ
193 1472 283 1507 ψυχὴν
296 1472 410 1507 λογικὴν
427 1473 551 1507 ἡγεμόνα
576 1472 629 1499 τῶν
646 1471 736 1507 ἔργων
750 1472 910 1507 κέκτηνται.

968 182 1094 217 choabis,
1116 188 1145 210 ut
1162 184 1264 211 honore
1281 189 1308 211 te
1329 184 1457 217 aliiciant,
1476 186 1628 212 secundum
1655 187 1756 215 Home-

969 236 1044 260 rum,

1193 275 1354 310 juuenesque
1379 283 1514 310 senesque.

970 317 1077 350 Quibus
1091 319 1219 354 equidem
1246 320 1409 357 adiecerim,
1426 326 1455 348 ut
1473 326 1499 348 te
1515 320 1641 348 formidet
1658 323 1757 353 hostis,

969 369 996 392 et
1019 366 1147 393 subditus
1161 371 1258 394 amet:
1289 366 1443 394 admiretur
1468 368 1586 400 amicus,
1612 368 1758 402 itidemque

969 414 1103 444 cognatus
1123 411 1275 439 admiretur
1294 419 1301 439 :
1319 416 1346 439 et
1363 420 1461 440 omnes
1477 413 1510 440 ad
1526 420 1568 446 ea,
1586 421 1646 448 qua:
1670 414 1718 441 abs
1734 419 1760 441 te

970 460 1043 489 gesta
1056 455 1122 487 sint,
1140 455 1349 491 obstupescunt.

1303 502 1425 531 XXXIV.

1005 545 1124 574 Omnino
1144 547 1261 575 sublime
1277 549 1405 582 quiddam
1429 557 1483 577 non
1503 555 1556 583 est,
1572 559 1621 578 nec
1636 552 1677 579 vel
1698 560 1756 579 ma-

971 590 1051 618 xima:
1067 592 1234 627 prudentiae,
1248 594 1291 621 vel
1318 594 1418 622 indolis
1435 595 1512 623 valde
1536 604 1685 630 generosae,
1702 605 1756 624 n0n

970 636 1003 662 ad
1021 636 1124 670 primos
1149 644 1263 672 operum
1284 642 1368 673 atque
1385 641 1583 673 cogitationum
1599 642 1641 675 (ut
1661 642 1698 668 ita
1717 643 1758 668 di-

970 681 1068 715 xerim)
1093 682 1201 711 amatus
1217 689 1244 711 et
1261 691 1345 712 auras
1366 685 1510 713 immotum
1530 694 1590 714 sese
1611 688 1755 722 prmbere:

969 727 1022 754 nisi
1037 727 1109 755 forte
1124 729 1270 764 pulchrum
1286 738 1347 758 esse
1362 732 1474 765 dixeris,
1493 740 1556 760 mox
1570 734 1602 759 ad
1621 733 1756 768 objectam

970 778 1026 802 rem
1042 775 1151 803 noxiam
1164 783 1320 809 accurrere,
1334 782 1415 812 atque
1428 778 1501 805 illam
1514 780 1606 806 statim
1619 781 1755 815 amplecti.

969 819 1036 846 Nam
1059 828 1121 847 cum
1143 821 1226 848 ctiam
1245 821 1338 849 brutis
1356 823 1544 852 animantibus
1569 833 1584 851 a
1603 831 1700 852 natura
1717 827 1756 853 vis

969 865 1093 900 quaedam
1112 866 1148 894 sit
1164 867 1259 900 indita,
1273 875 1325 902 qua
1338 868 1412 903 quod
1431 870 1553 904 expedit.
1569 878 1584 898 a
1614 872 1696 898 noxio
1715 873 1758 899 di-

970 917 1103 940 scernunt
1119 922 1125 940 :
1140 914 1186 949 qui
1197 922 1251 941 non
1268 915 1410 950 indignum
1423 917 1502 945 valde
1512 919 1559 950 sit,
1574 925 1627 945 non
1642 919 1758 954 ignomi-

970 959 1022 985 niae
1035 959 1158 993 plenum,
1173 961 1196 987 si
1215 968 1277 993 nos,
1293 962 1339 995 qui
1352 962 1403 989 soli
1419 963 1526 991 ratione
1546 971 1642 992 smnus
1657 966 1757 996 ornati,

969 1012 1003 1031 ne
1016 1012 1096 1038 pares
1114 1005 1226 1039 quidem
1249 1007 1290 1034 eis
1307 1008 1406 1040 simus,
1423 1009 1471 1036 sed
1497 1009 1566 1044 ipsis
1582 1010 1693 1044 quidem
1710 1018 1758 1038 na-

970 1054 1031 1077 tura
1047 1043 1176 1082 subiciat.
1200 1052 1227 1079 in
1244 1054 1324 1082 nobis
1347 1059 1438 1082 autem
1462 1056 1578 1084 rationis
1594 1064 1702 1092 quoque
1717 1057 1758 1085 fa-

968 1095 1058 1124 cultas
1073 1098 1251 1133 elanguescat

1305 1145 1414 1174 XXXV.

1002 1188 1151 1224 Accipiter,
1163 1198 1262 1226 equus,
1278 1193 1363 1227 piscis
1373 1195 1524 1222 secundum
1538 1196 1684 1230 rationem,
1702 1205 1755 1225 non

967 1242 1028 1262 cum
1056 1236 1172 1270 ratione,
1191 1237 1282 1266 facere
1304 1239 1355 1266 sibi
1379 1241 1566 1269 conducibilia
1593 1243 1757 1271 naturaliter

967 1281 1069 1307 solent.
1084 1281 1169 1310 Multo
1191 1283 1277 1319 magis
1296 1292 1347 1312 nos
1364 1285 1454 1313 facere
1473 1287 1572 1315 rationi
1589 1294 1755 1316 cosentanea

965 1335 1026 1354 cum
1038 1328 1144 1355 ratione
1155 1329 1296 1363 debemus,
1308 1340 1322 1359 a
1337 1333 1438 1366 quibus
1449 1333 1506 1368 ipsa
1521 1338 1617 1362 natura
1627 1336 1755 1370 postulat,

964 1379 994 1400 ut
1009 1380 1024 1400 a
1040 1374 1124 1401 noxio
1144 1375 1280 1410 principio
1298 1377 1381 1405 veluti
1396 1379 1565 1407 resiliamus.
1581 1380 1627 1408 Illa
1643 1382 1754 1416 quidem

963 1419 1124 1452 reprehendi
1138 1421 1213 1448 nullo
1226 1421 1289 1456 jure
1301 1428 1428 1457 possunt,
1442 1432 1504 1452 cum
1522 1425 1569 1453 ira:
1590 1427 1763 1463 libidinique-

963 1462 1094 1496 serviunt,
1109 1471 1161 1491 non
1179 1466 1250 1493 enim
1262 1468 1380 1495 animam
1399 1469 1504 1496 ratione
1518 1472 1655 1505 praeditam
1671 1462 1756 1500 facto-

128 1518 218 1552 Ἥμᾶς
233 1518 260 1544 δὲ
276 1518 348 1554 λόγῳ
369 1519 596 1553 κεκοσμημένους
621 1519 676 1553 χρὴ
694 1518 740 1544 τὸν
760 1517 824 1544 νοῦν
840 1517 913 1552 ἡνίομ

968 1514 1025 1533 rum
1052 1507 1148 1535 duceni
1163 1509 1273 1538 habent.
1291 1513 1325 1539 At
1341 1520 1391 1540 nos
1405 1513 1450 1548 qui
1470 1516 1577 1542 ratione
1591 1524 1688 1545 sumus
1705 1526 1751 1545 or-

122 1572 169 1598 χον
187 1564 334 1598 ἐπιστῆσαι
355 1565 412 1595 τοῖς
437 1564 623 1598 ἀλογωτέροις
644 1564 766 1590 τουτοισὶ
788 1563 914 1592 πάθεσιν,

123 1610 158 1638 ἵν’
209 1610 240 1637 τὸ
264 1611 373 1644 λογικὸν
388 1611 512 1646 ἐνεργὸν,
529 1611 576 1637 καὶ
595 1610 665 1637 κατὰ
681 1609 773 1644 χώραν
793 1610 862 1645 μένῃ
884 1610 916 1636 τὸ

123 1657 220 1693 δῶρον,
237 1655 259 1692 ᾧ
274 1658 329 1684 τῶν
355 1658 444 1685 ἄλλων
467 1657 632 1692 διιστάμεθα
649 1656 737 1700 ζῴων.
763 1656 808 1688 Ὦς
829 1654 864 1691 ἦν
880 1665 913 1690 γε

124 1705 249 1736 κρεῖττον
274 1703 341 1738 μηδὲ
366 1703 416 1738 τὴν
441 1702 529 1737 ἀρχὴν
555 1701 698 1736 εἰληφέναι
720 1702 770 1734 τὴν
787 1701 914 1736 χάριν,ἢ

123 1749 255 1780 λαϐόντας
275 1750 308 1776 ὲκ
332 1749 412 1783 Θεοῦ,
431 1750 528 1776 ἔπειτα
543 1748 636 1781 κακῶς
654 1748 741 1783 αὐτὴν
763 1748 912 1776 διαθεῖναι.

484 1838 554 1873 [ις’.

160 1884 267 1920 Ὥσπερ
291 1886 350 1918 τοῖς
376 1885 486 1919 ἀλόγοις
507 1885 538 1911 τὸ
566 1885 639 1912 κατά
668 1885 758 1919 λόγον,
776 1885 848 1912 οὕτω
866 1887 913 1912 καὶ

124 1932 180 1963 τοῖς
204 1931 326 1965 λογικοῖς
349 1931 379 1958 τὸ
401 1931 451 1958 σὺν
472 1931 554 1966 λόγῳ.
572 1931 649 1966 Ἔχει
667 1932 696 1958 δὲ
717 1931 794 1958 τουτὶ
811 1932 912 1966 τούμὸν

126 1977 194 2004 πολὺ
209 1978 257 2004 καὶ
276 1978 369 2012 μεῖζον
384 1976 431 2004 τοῦ
447 1978 509 2004 κατ’
525 1978 618 2004 ἐκεῖνα
631 1985 638 1992 ·
657 1978 697 2003 ὅτι
715 1978 865 2004 τοῦκείνων
878 1978 911 2018 ἀν

125 2025 166 2061 εἴη
181 2024 306 2058 φυσικῶς
326 2022 457 2050 τοιούτων
477 2022 634 2058 ὀρέγεσθαι,
650 2022 667 2049 ἃ
684 2023 714 2048 τὸ
730 2022 779 2058 ζῇν
796 2023 912 2055 ἐκεινοις

126 2072 277 2106 συνίστησι,
292 2070 339 2096 καὶ
353 2070 427 2096 ποιεῖ
443 2069 471 2095 τὸ
483 2071 562 2102 γένος
578 2069 701 2103 διαρκεῖ-ι
713 2068 910 2104 ὲπιμήκιστον.

125 2117 207 2144 Τοῦτο
230 2116 258 2142 δὲ
285 2115 333 2142 καὶ
359 2115 411 2150 τῆς
441 2115 580 2149 ἡμετέρας
607 2115 667 2140 ἐστὶ
691 2113 810 2147 φύσεως.
830 2114 867 2141 Τὸ
887 2115 910 2141 δ’

125 2163 256 2198 ἡμέτερον
271 2162 362 2192 αὐτοῖς
376 2160 502 2195 οὐδαμῶς
515 2161 584 2189 ἐστι.
604 2160 640 2187 Τὸ
662 2160 712 2193 μὲν
725 2161 780 2196 γὰρ
794 2161 822 2187 ὲν
838 2161 910 2195 λόγῳ

127 2209 171 2235 καὶ
187 2207 257 2234 κατὰ
271 2207 367 2241 λόγον·
383 2206 414 2232 τὸ
433 2205 461 2232 δὲ
478 2206 551 2231 κατά
571 2206 651 2239 λόγον
669 2206 718 2232 οὐκ
739 2206 769 2238 ἐξ
786 2207 909 2241 ἀνάγκης

126 2254 152 2279 ὲν
179 2252 311 2287 λόγῳ.οὒ
336 2251 392 2286 γὰρ
417 2251 611 2284 ἀντιστρέφειν
640 2251 766 2287 ἀνάγκη·
785 2252 854 2283 ὅλως
881 2252 910 2279 δὲ

126 2297 200 2324 τουτὶ
224 2296 253 2323 τὸ
271 2296 358 2330 δῶρον
383 2295 472 2330 ψυχῆς
489 2295 625 2322 ἀθανάτου
652 2295 736 2330 μόνης
748 2304 755 2311 ·
774 2297 864 2322 ἐκεῖνο
881 2296 909 2323 δὲ

127 2343 170 2369 καὶ
184 2343 291 2376 φύσεως
308 2341 484 2376 ἀναισθήτου.
499 2341 601 2376 Πολλῆς
615 2341 662 2368 οὖν
679 2341 764 2376 γέμον
779 2343 910 2378 αισχύνης

127 2397 154 2414 τε
172 2388 219 2414 καὶ
242 2388 344 2422 ζημίας
362 2387 429 2421 μηδὲ
452 2386 522 2412 κατά
534 2386 613 2420 λόγον
633 2386 694 2421 ζῇν,
708 2386 754 2418 οὓς
773 2388 861 2422 χρεὼν
882 2388 912 2414 ὲν

127 2435 196 2469 λόγῳ
210 2434 291 2469 ζῆσαι
305 2443 312 2448 '
332 2434 382 2460 οὐκ
397 2433 551 2463 ἀπεικότως
574 2432 596 2458 δ’
611 2432 645 2458 ἂν
660 2433 766 2466 γένοιτο
783 2434 840 2464 τοῖς
860 2433 912 2469 ζῇν

128 2480 195 2507 κατά
225 2481 259 2506 τὰ
286 2479 373 2512 ἄλογα
401 2478 629 2513 προαιρουμένοις
656 2478 711 2504 τῶν
737 2478 856 2513 λογικῶν
880 2479 911 2505 τὸ

130 2527 188 2561 μηδ’
204 2526 245 2557 εις
264 2526 322 2552 ἴσον
339 2526 454 2555 ὲκεὶνοις
472 2524 612 2558 ἔρχεσθαι.
630 2524 736 2559 ’Υψους
753 2525 807 2560 γὰρ
822 2526 910 2560 ἀποῤ-

131 2571 261 2606 ραγέντας
285 2571 359 2605 ἡμᾶς
389 2570 511 2600 ἑκόντας,
529 2569 602 2603 λέγω
625 2569 721 2605 δήτοῦ
745 2571 814 2605 μετά
830 2571 910 2606 λόγου

131 2617 230 2651 βιῶναι,
248 2617 298 2643 οὐκ
315 2617 429 2646 ἀπεικὸς
456 2615 652 2649 παραδραμεῖν
666 2617 910 2650 καταφερομένους

130 2664 161 2689 τὰ
173 2662 243 2689 κατά
260 2661 351 2697 χώραν
366 2661 482 2695 μένοντα
496 2660 551 2686 τῶν
566 2659 685 2693 ἀλόγων,
706 2661 754 2687 καὶ
769 2662 818 2694 τὴν
833 2661 910 2694 τάξιν

132 2709 250 2740 σώζοντα
266 2708 316 2743 τὴν
342 2707 460 2742 ἑξαρχῆς
484 2707 577 2737 αὐτοῖς
594 2706 752 2742 δεδομένην,
769 2709 815 2733 καὶ
838 2707 911 2734 κατὰ

131 2755 207 2786 λόγον
226 2753 345 2789 βιοῦντα.

928 2192 948 2218 D

967 1553 1036 1585 nati,
1063 1559 1181 1582 mentem
1207 1557 1347 1590 praeﬁcere
1373 1561 1584 1588 moderatricem
1609 1563 1753 1592 all‘ectibus

967 1598 1042 1626 hisce
1058 1599 1147 1627 brutis
1160 1595 1293 1635 oportet':
1310 1608 1339 1630 ut
1355 1604 1394 1631 vis
1422 1606 1537 1634 rationis
1555 1607 1648 1634 el‘ticax
1664 1610 1712 1642 sit,
1728 1617 1755 1637 et

966 1643 1046 1672 donis
1060 1644 1127 1672 illud
1144 1645 1282 1674 incolume
1301 1649 1381 1676 nobis
1395 1654 1515 1682 maneat,
1531 1660 1585 1686 quo
1598 1654 1704 1681 caneris
1720 1657 1754 1682 ab

966 1691 1150 1719 animantibus
1159 1693 1366 1729 distinguimur.
1376 1695 1510 1723 Nimirum
1520 1704 1673 1732 przeslaret,
1683 1701 1753 1728 hanc

965 1738 1081 1771 gratiam
1105 1746 1156 1767 nos
1174 1747 1194 1771 ,a
1219 1740 1273 1768 Deo
1297 1749 1424 1776 prorsum
1444 1751 1499 1771 non
1518 1745 1655 1780 accepisse
1670 1755 1752 1782 quam

965 1787 1106 1818 acceptam
1127 1786 1197 1814 male
1214 1787 1360 1816 collocare.

1295 1834 1416 1862 XXXVI.

999 1875 1059 1904 Non
1072 1878 1153 1905 aliter
1177 1884 1257 1913 atque
1277 1880 1373 1912 brutis.
1391 1882 1464 1915 quod
1486 1885 1638 1912 secundum
1666 1887 1750 1913 ratio-

963 1929 1037 1955 nem,
1049 1924 1088 1950 ita
1097 1924 1202 1951 ratione
1214 1917 1425 1961 praeditis:quo.l
1439 1936 1501 1955 cum
1515 1930 1629 1958 ratione.
1649 1930 1748 1959 Verqu

964 1968 989 1995 in
1008 1975 1050 1995 me
1065 1970 1135 2001 quod
1152 1974 1204 2002 est,
1219 1972 1305 1998 multo
1322 1973 1408 2006 majus
1424 1979 1464 2001 est
1480 1982 1522 2007 eo,
1538 1978 1610 2009 quod
1627 1978 1653 2004 iu
1672 1978 1749 2012 ipsis.

961 2014 1029 2041 Nam
1050 2015 1077 2042 in
1096 2017 1136 2043 eis
1147 2021 1188 2044 rst
1204 2018 1336 2045 naturalis
1348 2020 1480 2052 ejusmodi
1494 2029 1585 2048 rerum
1600 2025 1746 2057 appetitus,

961 2067 1022 2095 qua:
1037 2069 1081 2088 res
1099 2070 1194 2089 eorum
1211 2063 1271 2091 vit-.e
1291 2066 1418 2098 praesidio
1437 2071 1512 2099 sunt,
1531 2073 1557 2094 et
1572 2069 1702 2102 alliciunt,
1718 2076 1747 2098 ut

961 2114 1046 2140 genus
1061 2108 1150 2141 ipsum
1176 2117 1256 2143 quam
1283 2111 1437 2139 diutissime
1461 2113 1550 2140 duret.
1569 2113 1627 2141 Hoc
1654 2121 1745 2142 autem

961 2157 1055 2181 nostra
1073 2162 1184 2188 quoque
1198 2160 1295 2183 natura
1318 2166 1464 2185 commune
1480 2167 1543 2187 cum
1562 2160 1628 2195 ipsis
1658 2162 1748 2195 habet,

963 2207 1025 2227 cum
1041 2201 1074 2228 ab
1089 2208 1131 2233 eo,
1153 2202 1226 2236 quod
1241 2208 1365 2231 nostrum
1378 2209 1431 2237 est,
1446 2205 1490 2232 illa
1505 2207 1582 2240 plane
1599 2207 1749 2235 destituan-

964 2250 1018 2272 tur.
1034 2245 1112 2278 Quod
1139 2247 1212 2274 enim
1242 2247 1270 2275 in
1298 2248 1414 2282 ratione,
1445 2250 1515 2277 idem
1545 2255 1573 2277 et
1596 2253 1747 2280 secundum

964 2293 1118 2321 rationem:
1135 2295 1208 2329 quod
1227 2301 1318 2323 aulem
1343 2297 1493 2324 Secundum
1522 2298 1667 2332 rationem,
1693 2308 1748 2329 non

963 2338 1045 2364 etiam
1056 2340 1212 2367 necessario
1220 2341 1246 2367 in
1256 2342 1379 2375 ratione;
1393 2343 1493 2377 quippe
1506 2351 1558 2370 non
1573 2350 1615 2372 est
1626 2353 1748 2379 necesso,

965 2392 1079 2419 prorsus
1092 2390 1121 2412 ut
1137 2387 1189 2414 ista
1204 2394 1253 2414 ceu
1271 2389 1346 2422 paria
1377 2389 1428 2416 sibi
1446 2391 1642 2423 respondeant.
1658 2394 1747 2427 Atque

965 2431 1016 2458 hoc
1031 2439 1098 2459 sane
1123 2432 1223 2459 donum
1250 2434 1388 2467 peculiare
1406 2434 1491 2461 solius
1525 2441 1566 2463 cst
1585 2436 1750 2466 immortalis

964 2477 1081 2505 animae:
1099 2479 1166 2505 illud
1190 2483 1278 2506 autem
1311 2481 1338 2506 in
1365 2485 1488 2508 naturam
1517 2490 1627 2517 quoque
1650 2492 1749 2511 sensus

963 2529 1101 2558 expertem
1127 2525 1210 2551 cadit.
1231 2524 1323 2559 itaque
1350 2527 1429 2560 plena
1455 2534 1497 2554 res
1520 2534 1560 2555 est
1582 2529 1697 2563 insignis
1721 2535 1749 2556 et

965 2570 1142 2603 turpitudinis
1168 2575 1195 2597 et
1221 2579 1309 2603 noxis,
1337 2579 1370 2599 ne
1389 2572 1498 2606 quidem
1523 2582 1570 2601 eos
1595 2576 1747 2602 secundum

966 2615 1095 2642 rationem
1114 2616 1214 2648 vivere,
1231 2616 1330 2650 quibus
1348 2616 1376 2644 in
1390 2625 1440 2644 usu
1463 2619 1577 2646 rationis
1600 2621 1746 2647 vivemlum

964 2665 1034 2688 erat.
1044 2661 1172 2695 Adeoque
1184 2670 1237 2688 non
1251 2662 1299 2689 abs
1315 2670 1343 2689 re
1355 2664 1498 2697 contigerit
1511 2664 1617 2692 ratione
1629 2665 1749 2699 praeditis

964 2708 1011 2741 qui
1025 2708 1163 2734 brutorum
1182 2715 1258 2735 more
1278 2709 1367 2736 vivere
1382 2709 1494 2742 malunt,
1510 2710 1598 2738 brutis
1615 2719 1648 2738 ne
1670 2719 1749 2746 pares

965 2753 1074 2787 quidem
1093 2752 1258 2780 habeantur.
1273 2752 1341 2780 Nam
1353 2759 1450 2787 sponte
1464 2760 1558 2783 nostra
1575 2765 1625 2784 uos
1644 2759 1676 2784 de
1690 2762 1749 2785 cul-

133 2801 201 2830 mine
217 2801 327 2829 sublimi
343 2799 474 2834 dejectos,
491 2800 563 2835 quod
592 2800 697 2829 scilicet
715 2804 758 2828 est
782 2807 844 2827 cum
864 2801 968 2828 ratione
991 2799 1093 2832 vivere.
1123 2799 1204 2828 facile
1239 2801 1366 2830 dabimus
1398 2803 1537 2837 praeterire
1566 2811 1660 2838 cursu,
1682 2806 1746 2833 dum
