1938 3083
193 191 247 222 3ζ,5

770 189 968 221 MANUELIS
991 191 1211 221 PAL‘EOLOGI

1760 193 1813 224 336

192 246 321 272 adversus
339 244 420 271 alium
434 247 699 278 quemcunquc,‘vct'
709 245 851 272 tittha‘tam
865 250 976 280 quoque

1030 239 1154 280 τινοῦνυῆ
1168 244 1316 279 βαρϐάρων
1326 244 1415 277 ἔθνος,
1431 245 1459 271 ὲν
1472 245 1598 277 σπονδαῖς
1611 254 1652 272 σοι
1664 247 1816 278 καταστὰν.

191 282 345 323 nationem,
358 291 458 318 findere
473 290 654 324 tibijunctam
681 290 752 324 quod
770 291 825 325 ipsa
849 296 975 318 sanctum

191 344 219 364 et
233 337 391 363 inviolatum
415 345 475 363 esse
491 337 564 364 velit.
588 336 799 364 Adversusrllos
817 341 917 369 autem,
929 337 976 371 qui

192 383 288 410 volunt
311 382 424 417 injurias
443 382 553 414 inferre,
580 382 668 409 modis
695 383 820 410 omnibus
846 382 934 410 virum
950 387 976 411 te

193 429 323 463 pnebcas.
344 428 403 455 Non
429 429 502 455 enim
533 428 632 455 b0num
653 433 704 458 est.
733 428 766 454 ad
790 427 981 461 defensionem

192 476 270 509 plane
287 482 341 501 non
360 474 472 508 impelli,
490 473 536 501 sed
558 473 700 500 diﬂiculter
712 473 745 499 ad
768 473 836 500 iram
861 473 974 501 moveri.

541 519 619 546 LVII.

224 565 334 593 Minime
351 565 455 596 dubito,
482 564 602 593 fassuros
619 573 725 598 omnes,
743 566 881 594 hominem
909 565 976 592 stul-

193 615 249 638 ttnn
265 618 335 640 esse.
353 611 399 645 qui
415 611 498 637 ullutn
515 618 628 644 prorsus
648 611 785 638 hominem
811 615 886 645 putet
909 610 975 636 alie-

192 664 266 683 num.
283 656 348 682 Nam
365 657 398 682 ab
414 663 468 682 ttno
485 656 617 690 progeniti
635 664 730 683 suntus
744 663 850 688 omnes,
869 656 975 682 tametsi

190 701 282 733 lingua
298 700 511 734 distinguantur,
527 704 554 727 et
571 700 631 727 aliis
652 700 860 735 quibuscunque
882 701 974 732 rebus,

190 746 231 773 vel
247 747 304 781 ipsa
321 746 462 781 religione.
489 746 659 782 Quapropter
673 747 809 774 hominem
834 747 973 773 hominum

191 793 325 820 rationem
343 792 441 819 habere
456 800 504 826 par
520 797 572 823 est,
584 797 611 819 et
631 793 766 820 universis
783 797 878 826 optare
890 792 974 822 bona,

192 843 324 871 quantunt
340 837 401 870 ejus
431 841 457 863 et
468 837 527 863 licri
554 840 654 871 potest,
675 841 701 863 et
717 837 757 863 fas
783 841 834 868 est,
851 842 880 863 et
907 836 980 862 licet.

191 881 298 916 Quippe
308 877 581 909 natura‘communis
600 887 651 914 est,
666 886 693 909 et
709 883 891 917 pavimentum
911 889 978 909 cun-

191 928 242 956 ctis
257 935 354 959 unum,
373 932 401 955 et
416 936 498 955 unttm
516 932 629 960 tectum,
646 936 754 963 unaque
779 929 834 958 lux.
849 936 919 956 unus
932 935 979 955 aer

190 981 328 1008 expensus
342 981 357 1001 a
372 981 462 1000 rerutn
486 974 593 1008 opiﬂce.
621 973 742 1008 Denique
765 973 926 1008 simpliciter
943 974 978 1000 ab

190 1027 223 1046 eo
238 1027 297 1054 qua:
317 1019 538 1054 proﬁciseuntur,
565 1020 721 1046 communia
736 1024 809 1047 sunt.
836 1018 979 1046 Nihilomi—

191 1074 271 1094 nusa
287 1067 433 1094 remotiore
458 1067 677 1098 discernendum,
707 1066 780 1101 qttod
806 1066 917 1100 propius
937 1070 978 1093 est

192 1115 267 1148 (nam
284 1113 392 1148 plurimi
409 1117 473 1140 sunt
495 1113 703 1140 necessitudinis
722 1112 847 1147 gradus),
871 1119 902 1138 ac
918 1115 978 1139 stu-

193 1160 321 1191 dendum,
339 1163 369 1186 ut
389 1166 454 1194 erga
484 1159 638 1191 universos,
670 1160 741 1192 quod
766 1158 792 1188 in
813 1163 839 1185 te
870 1158 978 1192 quidem

1031 290 1078 316 καὶ
1097 292 1192 325 τηρεῖν
1213 291 1296 322 αὑτὰς
1308 291 1411 318 ἐθέλον.
1423 292 1469 317 Δεῖ
1480 291 1509 317 δὲ
1521 291 1660 318 δεικνύναι
1674 292 1721 318 τὸν
1732 292 1818 327 ἄνδρα

1029 336 1134 363 ἀδικεῖν
1149 336 1274 362 ἐθέλουσι
1287 337 1377 364 πάντα
1390 337 1501 371 τρόπον.
1517 337 1554 363 Οὐ
1568 337 1622 372 γὰρ
1637 338 1740 371 ἀγαθὸν
1754 338 1818 365 ἀκί-

1030 391 1111 416 νητον
1134 383 1174 414 εἰς
1197 383 1304 417 ἄμυναν
1328 381 1411 416 εἶναι,
1441 383 1510 410 ἀλλὰ
1532 383 1694 419 δυσκίνητον
1720 385 1759 416 εἰς
1771 384 1818 420 ὀρ-

1030 429 1095 462 τήν.

1389 516 1443 543 ΝΖ’

1065 561 1178 595 Νομίζω
1193 562 1296 594 πάντας
1310 563 1343 589 ἂν
1369 564 1452 596 φάναι
1467 563 1571 597 ἠλίθιον
1587 563 1731 598 ἄνθρωπον
1746 563 1816 591 εἶναι

1029 607 1074 634 τδν
1090 608 1237 642 νομίζοντα
1258 609 1399 644 ἀλλότριον
1415 609 1589 636 παντάπασιν
1618 609 1761 644 ἄνθρωπον
1775 608 1815 637 εῐ-

1029 658 1083 677 ναι.
1100 651 1202 682 Πάντες
1226 652 1281 686 γὰρ
1296 652 1354 683 ὲνδς
1368 652 1476 686 ἔκγονα,
1492 653 1545 679 κᾶν
1567 653 1701 689 διαλέκτῳ
1721 654 1816 689 διαφε-

1030 696 1151 731 ρώμεθα,
1169 698 1222 724 κᾶν
1235 698 1408 731 οἱστισινοῦν,
1426 698 1476 725 κᾶν
1492 700 1567 734 αὐτῷ
1580 700 1743 735 σεδὰσματι,
1759 701 1816 727 Καὶ

1028 742 1118 768 τοίνυν
1133 743 1277 777 ἄνθρωπον
1291 744 1356 770 ὄντα
1379 744 1530 779 ἀνθρώπιον
1545 746 1676 780 κήδεσθαι
1692 746 1742 778 δεῖ,
1767 747 1814 773 καὶ

1030 791 1208 825 συνεύχεσθαι
1219 793 1275 822 τοῖς
1289 791 1358 823 ὅλοις
1371 792 1472 825 ἀγαθὰ,
1488 794 1524 824 ὡς
1540 794 1609 824 ἐνὸν,
1621 793 1658 824 ὡς
1670 794 1760 828 θέμις,
1776 794 1814 824 ὡς

995 839 1018 868 Β
1033 837 1131 869 ἔξεστι.
1149 837 1232 871 Κοινὴ
1258 838 1313 872 γὰρ
1328 838 1344 872 ή
1362 838 1454 871 φύσις,
1473 840 1520 866 καὶ
1548 840 1631 866 πᾶσιν
1657 839 1754 874 ἔδαφος
1772 840 1812 873 ἓν,

1032 883 1079 909 καὶ
1094 883 1181 918 ὀροφὴ
1199 883 1261 918 μία.
1278 884 1325 910 καὶ
1349 884 1413 910 ἐντι
1425 885 1494 918 φῶς,
1510 886 1559 911 καὶ
1572 883 1611 917 εἷς
1624 885 1678 920 ἀὴρ
1689 886 1818 920 ὲφήπλω-

1031 937 1075 955 ται
1090 929 1166 964 παρὰ
1180 929 1228 956 τοῦ
1244 929 1422 964 δημιουργοῦ.
1439 931 1492 957 Καὶ
1508 930 1601 963 ἁπλῶς
1618 933 1650 958 τὰ
1666 932 1730 966 παρ’
1743 933 1815 958 ὲκεί-

1031 983 1077 1000 νου
1095 974 1182 1001 κοινά.
1198 975 1258 1009 Χρὴ
1277 975 1368 1008 μέντοι
1389 975 1559 1002 διαστέλλειν
1574 976 1622 1002 τοῦ
1647 977 1814 1012 πορρωτέρω

1030 1021 1061 1046 τὸ
1075 1021 1166 1054 ἔγγιον
1182 1021 1292 1056 (βαθμοὶ
1303 1021 1357 1055 γὰρ
1367 1021 1487 1049 πλεῖστοι
1498 1023 1547 1057 τῆς
1561 1023 1753 1057 οἰκειότητος)ο
1767 1024 1816 1050 καὶ

1032 1067 1100 1093 πᾶσι
1116 1066 1166 1101 μὶν
1182 1067 1284 1101 ἀγαθὸν
1299 1065 1369 1094 εἶναι
1391 1068 1422 1094 τὸ
1439 1069 1501 1095 καθ’
1519 1069 1602 1095 αὐτόν
1616 1077 1623 1084 ·
1639 1070 1697 1100 τοῖς
1713 1069 1815 1103 μᾶλλον

1031 1112 1060 1138 δὲ
1089 1113 1234 1147 ἐγγυτάτω
1270 1114 1412 1147 ἀναλόγως
1443 1114 1628 1148 γνησιώτερον
1663 1115 1816 1149 προσφίρε-

1035 1158 1108 1186 σθαι.

192 1206 255 1236 erit,
269 1205 371 1232 bonunt
386 1210 411 1232 te
429 1212 508 1239 geras
521 1212 529 1232 :
543 1205 590 1233 sed
609 1204 792 1239 propioribus,
814 1211 908 1230 eorum
933 1203 1024 1231 habita
1043 1204 1159 1236 ratione,
1175 1204 1248 1232 velut
1278 1204 1396 1233 arctiore
1416 1210 1443 1233 te
1468 1206 1577 1234 vinculo
1597 1205 1722 1241 junctum
1737 1205 1820 1233 exbi-

192 1251 269 1278 beas.

552 1297 644 1325 LVIII.

231 1347 269 1372 Eo
293 1350 427 1379 tempore,
451 1351 507 1378 quo
540 1344 726 1372 navicularius
752 1352 819 1372 aura
849 1351 979 1379 prospere

193 1392 275 1419 ﬂante
288 1398 320 1417 ac
337 1389 443 1424 placide
460 1389 518 1415 vela
533 1389 660 1423 implente
676 1388 786 1422 fruitur,
803 1397 864 1416 cum
881 1397 978 1424 magna

194 1437 298 1464 scilicet
314 1440 355 1463 est
368 1435 511 1466 serenitas,
528 1442 577 1461 nec
603 1435 658 1462 ulla
672 1443 715 1462 res
743 1436 820 1463 triste
849 1436 913 1470 quid
927 1435 978 1462 mi-

195 1487 284 1514 natur,
300 1489 353 1508 non
370 1480 445 1515 prius
454 1481 489 1506 ob
503 1488 562 1507 eam
576 1481 780 1515 prosperitatem
806 1481 888 1509 libere
900 1482 976 1509 laetus

195 1531 247 1559 est,
261 1534 343 1560 quam
365 1526 425 1552 ttavi
446 1530 518 1552 recte
537 1526 717 1560 prospexerit,
733 1531 761 1552 ut
780 1527 901 1560 asperior
918 1534 977 1553 mu-

1385 1296 1450 1325 NH’.

1065 1340 1101 1370 Εὖ
1119 1331 1255 1378 meosque
1270 1342 1417 1370 ἀπολαύων
1430 1342 1583 1378 ναύκληρος
1596 1342 1693 1378 αὖρας,
1705 1343 1815 1378 ἡμέρως

1029 1390 1101 1416 ἱστία
1116 1389 1282 1424 πληρούσης,
1297 1389 1405 1424 αἰθρίας
1421 1389 1470 1423 μὲν
1480 1388 1564 1424 οὔσης
1579 1389 1813 1424 πολλῆς,μηδενὺς

1028 1436 1057 1462 δὲ
1072 1436 1235 1470 πράγματος
1248 1435 1423 1466 ἀπειλοῦντός
1440 1444 1466 1461 τι
1485 1435 1625 1470 δυσχερὲς.
1639 1435 1669 1461 οὒ
1685 1435 1815 1470 καθαρῶς

1029 1482 1068 1517 τῷ
1090 1481 1258 1516 κὺτυχήματι
1274 1481 1375 1516 χαίρει,
1400 1481 1467 1516 πρὶν
1489 1481 1646 1516 ἢδιάθιγται
1664 1481 1754 1512 καλῶς
1779 1481 1814 1507 τὰ

1030 1527 1100 1553 κατὰ.
1115 1526 1164 1560 τὴν
1177 1525 1254 1556 ναῦν,
1270 1526 1307 1556 ὼς
1326 1525 1362 1560 μὴ
1377 1525 1492 1552 δεδιέναι
1508 1527 1679 1560 τραχυτέραν
1697 1525 1815 1560 μεταϐο-

178 1572 263 1597 ‘tatio
279 1571 422 1597 metuenda
441 1578 495 1597 non
512 1571 556 1597 sit.
573 1570 606 1597 Et
622 1571 730 1605 quidem
758 1572 874 1606 peractis
886 1572 976 1599 omni-

1030 1572 1089 1606 λήν.
1102 1572 1161 1599 Κᾶν
1179 1572 1265 1598 πάντα
1285 1571 1376 1606 πράξῃ
1393 1571 1426 1598 τὰ
1442 1572 1573 1604 σώζοντα,
1592 1572 1643 1598 κᾶν
1658 1572 1709 1607 δρᾷ
1725 1573 1748 1598 οἱ
1764 1573 1814 1605 τὴν

138 1645 145 1653 1
195 1617 256 1648 bus,
272 1617 305 1643 ad
330 1616 544 1643 incolumitatem
578 1617 789 1650 pertinentibus,
817 1618 922 1644 etiamsi
936 1618 975 1644 vi-

192 1665 255 1691 deat
274 1663 363 1690 navim
375 1667 402 1689 et
415 1662 500 1689 ventis
519 1667 546 1689 et
565 1663 709 1689 concitatis
727 1669 821 1690 eorum
836 1663 860 1689 vi
886 1663 977 1690 ﬂucti-

192 1712 242 1738 hus
257 1709 403 1736 ﬁrmiorem
416 1716 494 1739 esse;
519 1716 572 1735 non
604 1714 692 1736 tamen
725 1714 773 1736 aut
796 1710 975 1736 temeritatem

192 1755 295 1784 laudat.
323 1759 369 1782 aut
383 1754 536 1780 admiratur
551 1754 713 1786 secordiam,
729 1754 776 1780 sed
803 1754 904 1787 vigilat,
931 1755 977 1780 sed

192 1800 298 1832 metuit,
310 1805 357 1826 seu
366 1804 472 1833 portum
485 1803 570 1832 optat.
583 1798 654 1832 quod
671 1799 761 1832 ignota
770 1798 804 1824 sit
817 1798 841 1825 ei
855 1798 937 1826 sortis
945 1806 977 1825 ac

193 1846 241 1872 fati
260 1846 330 1872 alea.
351 1845 416 1872 Cum
432 1852 498 1879 ergo
513 1852 556 1871 res
580 1847 634 1871 tua:
648 1852 731 1872 cursu
760 1843 884 1871 l‘ernntur
916 1852 978 1879 pro-

192 1899 283 1924 Spcro,
311 1891 440 1925 pacisque
467 1891 547 1917 bonis
565 1890 675 1924 frueris,
701 1890 797 1917 bellica
826 1890 871 1916 tibi
906 1897 978 1917 cura;

193 1941 285 1967 sunto,
307 1942 386 1970 teque
398 1936 470 1962 velut
487 1935 520 1962 ad
533 1936 632 1962 bellum
647 1936 795 1969 gerendum
811 1940 978 1966 exerceto,et

193 1983 318 2009 subditos
336 1983 368 2008 ad
390 1982 440 2009 hoc
457 1987 519 2009 tuos
544 1986 704 2016 pra-parato.
735 1982 821 2009 Simul
835 1990 883 2017 spe
907 1983 978 2010 bona

194 2028 291 2060 fretus,
305 2029 363 2061 ipse
382 2033 408 2055 te
428 2029 598 2058 continuato,
616 2035 651 2054 ne
669 2028 827 2062 languescas
842 2038 848 2055 :
865 2036 914 2055 nec
929 2029 978 2055 mi-

195 2083 246 2101 nus
260 2074 382 2100 animum
397 2074 612 2104 contlocelacito,
640 2073 799 2100 temerarius
814 2079 841 2101 ιιι
857 2081 917 2101 esse
935 2083 978 2101 ca-

195 2127 271 2152 veas,
289 2120 312 2147 si
328 2120 438 2147 victoria
455 2119 488 2146 de
516 2119 639 2146 hostibus
657 2120 781 2154 potiaris.
807 2120 975 2147 Incertitudi-

193 2174 255 2193 netn
270 2166 386 2200 denique
405 2165 521 2192 fortuna:
534 2166 645 2197 veritus,
661 2173 768 2199 semper
783 2166 903 2199 opinare,
920 2165 977 2192 fieri

192 2220 280 2246 posse.
297 2216 326 2239 ut
341 2212 450 2239 labaris.
470 2211 518 2238 Est
529 2212 601 2238 enim
617 2211 736 2242 difﬁcile.
749 2219 904 2246 prosperam
918 2212 978 2239 illos

1028 1617 1127 1643 ὁλκάδα
1144 1617 1264 1651 ἀνέμων,
1278 1617 1392 1643 καὶτῶν
1405 1617 1460 1643 ἀπὸ
1479 1617 1563 1644 τῶνδε
1579 1617 1719 1652 κυμάτων,
1739 1619 1814 1651 ισχυ-

1029 1662 1153 1697 ροτέραν,
1166 1662 1228 1688 οὕτε
1244 1661 1343 1697 θράσος
1356 1662 1508 1694 ἐπαινέσει,
1524 1662 1585 1689 οὔτε
1600 1663 1737 1698 ρᾳθυμίαν
1749 1663 1815 1690 01-J-

1029 1710 1112 1744 μάσει
1126 1716 1133 1723 ·
1151 1703 1208 1735 ἄλλ’
1222 1709 1367 1742 ἀγρυπνεῖ,
1388 1708 1456 1734 ἀλλὰ
1472 1708 1600 1740 δέδοικεν,
1617 1709 1685 1736 ἀλλὰ
1702 1709 1813 1743 λιμένος

1028 1757 1145 1789 ἐφίεται,
1173 1756 1218 1781 τὺν
1237 1757 1286 1790 τῆς
1312 1756 1410 1789 μοίρας
1438 1756 1521 1782 κύῆον
1540 1756 1591 1782 οὐκ
1615 1756 1810 1789 ἐπιστάμενος.

1029 1803 1113 1829 Ὅταν
1132 1802 1222 1828 τοίνυν
1240 1801 1311 1828 κατὰ
1338 1801 1402 1835 ῥοῦν
1419 1806 1460 1827 σοι
1474 1803 1559 1836 τρέχῃ
1573 1802 1606 1828 τὰ
1622 1802 1811 1835 εὐτυχήματα,

1028 1849 1074 1874 καὶ
1088 1848 1142 1874 τῶν
1159 1849 1207 1881 τῆς
1222 1847 1336 1881 εἰρήνης
1352 1846 1442 1872 καλῶν
1456 1846 1608 1881 ἁπολαύῃς,
1625 1846 1658 1873 τὰ
1676 1846 1813 1880 πολεμικὰ

1029 1893 1186 1928 μελετᾶσθω
1207 1900 1258 1922 σοι,
1272 1892 1321 1919 καὶ
1335 1892 1458 1926 γύμναζε
1477 1892 1576 1918 σαυτὸν
1588 1891 1626 1922 ὡς
1640 1892 1707 1925 πρὸς
1733 1892 1812 1918 πόλε-

1030 1947 1079 1973 μον
1090 1947 1096 1953 ·
1111 1940 1157 1965 καὶ
1172 1937 1297 1972 ἑτοίμαξε
1310 1940 1378 1972 πρὶς
1395 1937 1474 1963 τοῦτο
1485 1937 1515 1963 τὸ
1532 1938 1665 1971 ὑπήκοον.
1680 1938 1734 1964 Καὶ
1748 1946 1810 1964 νευ-

1030 1984 1076 2019 pot}
1089 1983 1139 2018 μὲν
1155 1985 1214 2014 ταῖς
1229 1983 1319 2010 ἐλπίσι
1334 1985 1389 2014 ταῖς
1407 1985 1551 2017 χρησταῖς,
1563 1984 1637 2014 ὅπως
1654 1984 1692 2018 μὴ
1707 1983 1812 2018 νωθρίς

1028 2031 1117 2063 γένοιο
1129 2036 1137 2044 ·
1176 2029 1274 2063 μελέτα
1293 2029 1321 2054 δὲ
1348 2029 1385 2063 μὴ
1399 2029 1599 2063 ιθρασύνεσθαι,
1616 2030 1640 2056 εί
1656 2030 1711 2055 τῶν
1733 2030 1813 2056 πολε-

1030 2075 1098 2108 μίων
1113 2076 1290 2110 κρατήσειας.
1316 2076 1351 2102 Τὸ
1368 2077 1396 2102 δὲ
1410 2076 1494 2111 τύχης
1522 2076 1637 2109 ἀόρατον
1660 2075 1764 2107 δεδιὼς,
1781 2077 1812 2102 1‘)

1030 2120 1164 2155 σφαλῆναι
1184 2122 1367 2156 προσδόκιμον
1383 2122 1439 2156 ἔχε.
1462 2122 1599 2154 Ἐνεγκεῖν
1615 2122 1669 2156 γὰρ
1684 2123 1813 2156 εὐτυχίαν

1029 2167 1146 2201 χαλεποί
1161 2168 1224 2198 τοὺς
1241 2167 1278 2202 μὴ
1297 2167 1453 2202 μετριάζειν
1472 2167 1576 2198 εἰδότας
1592 2174 1598 2182 '
1620 2168 1765 2203 δυστυχίαν
1784 2168 1813 2195 δὲ

1029 2213 1190 2239 ἀνέλπιστον
1208 2214 1303 2247 φέρειν
1317 2214 1410 2247 σχεδον
1424 2213 1566 2239 ἀδύνατον.

193 2261 330 2287 fortunam
344 2260 487 2287 commodo
503 2259 584 2291 ferre,
597 2259 643 2293 qui
664 2259 804 2286 moderate
818 2266 847 2286 se
872 2267 964 2292 gerere
980 2260 1126 2287 nesciunt:
1154 2260 1246 2295 ,iidctn
1268 2264 1297 2287 ιιι
1322 2268 1398 2295 aequo
1421 2261 1512 2287 animo
1552 2260 1734 2288 calamitatem
1769 2261 1812 2290 in-

191 2313 376 2343 exspectatam
395 2307 493 2336 (ει-ειμι.
510 2315 593 2343 prope
609 2307 666 2334 ﬁeri
680 2307 781 2340 nequit.

555 2355 623 2382 LIX.
858 2381 866 2382 κ

229 2405 256 2431 Id
271 2411 380 2438 quoqtte
393 2411 446 2430 non
463 2402 530 2428 levis
542 2409 603 2428 esse
621 2401 750 2428 momenti
766 2400 924 2435 praeclaram
941 2401 974 2428 ad

191 2451 415 2486 gubernationem
445 2449 564 2476 duxeris.
603 2447 705 2475 Omnes
733 2448 805 2479 enim
835 2447 974 2481 principes

192 2497 292 2524 animis
317 2497 375 2523 suis
401 2494 637 2529 tranquillitatem,
668 2498 797 2527 quantam
826 2492 974 2519 maximam

192 2547 318 2579 possunt,
334 2541 446 2569 solerter
466 2548 615 2574 procurare
630 2539 737 2565 debent.
762 2537 829 2564 Nam
848 2539 886 2565 uti
904 2543 973 2565 tent-

191 2594 321 2624 pvstatem
338 2587 423 2614 nubes
439 2585 560 2618 adducit,
577 2586 613 2612 ita
632 2584 855 2619 tranquillitatem
869 2583 974 2610 sereni-

191 2636 319 2662 tascllicit
335 2643 341 2660 :
356 2639 440 2667 utque
457 2632 550 2659 lumini
575 2631 770 2665 cogitationum
800 2630 916 2656 maxime
927 2637 974 2657 so-

192 2681 248 2707 lent
260 2680 367 2706 olliecre
385 2677 612 2712 perturbationes,
628 2676 717 2702 lllOlllS
731 2683 763 2701 ac
776 2675 890 2701 remissa
907 2675 971 2705 vita,

190 2726 319 2757 formido,
339 2725 477 2752 temeritas
493 2727 519 2749 et
548 2722 680 2757 quidquid
693 2727 734 2748 est
756 2722 880 2755 utrisque
906 2728 973 2747 con-

190 2771 290 2803 simile,

191 2818 406 2852 perturbationis
438 2821 576 2851 expertes,
602 2815 645 2842 vel
662 2815 687 2841 itt
705 2814 802 2848 primis
833 2814 972 2840 hominem

190 2871 205 2890 e
222 2863 376 2890 «lillicnltate
407 2868 522 2897 possunt
551 2860 711 2895 explicare:
730 2859 840 2894 quando
860 2859 972 2886 conlierl

195 2913 293 2939 "mest,
306 2914 334 2935 ut
346 2913 457 2943 ct-parta
469 2908 545 2942 prius
557 2905 643 2941 gloria
653 2912 702 2939 pro
714 2904 817 2931 viribus
827 2909 970 2940 augeatur,

331 2772 371 2799 sic
406 2770 600 2798 meditationes
634 2772 790 2802 opportune
830 2767 992 2797 institutae,-

1380 2356 1444 2383 NO'.

1062 2402 1138 2436 Μηδὲ
1153 2403 1242 2428 ὲκεῖνο
1258 2402 1357 2437 μικρὸν
1371 2402 1450 2437 ἡγοῦ,
1469 2403 1536 2437 πρδς
1549 2403 1580 2429 τὸ
1593 2403 1703 2430 διοικεῖν
1719 2403 1812 2435 καλῶς

1025 2447 1166 2474 δύνασθαι.
1183 2447 1244 2481 Χρὴ
1262 2448 1317 2482 γὰρ
1340 2447 1443 2478 πάντας
1459 2447 1592 2482 ἄρχοντας
1613 2448 1733 2483 γαλήνην
1751 2451 1811 2478 ταῖς

1025 2494 1117 2520 αὐτῶν
1130 2493 1228 2528 ψυχαῖς
1245 2492 1289 2519 καὶ
1306 2494 1431 2528 προνοεῖν
1446 2494 1492 2519 καὶ
1505 2494 1667 2528 οἰκονομεῖν,
1679 2495 1740 2520 ὅσον
1755 2492 1811 2521 οἶόν

1024 2547 1065 2565 τε.
1082 2538 1211 2572 Χειμώνα
1228 2538 1279 2572 μὲν
1296 2539 1351 2573 γὰρ
1365 2538 1445 2572 νέφος
1459 2538 1568 2572 ἐπάγει,
1585 2539 1706 2574 γαλήνην
1721 2539 1748 2565 δὲ
1766 2540 1810 2566 αὶ-

1026 2584 1090 2619 Opi:
1109 2586 1200 2611 ποιεῖ·
1220 2585 1267 2611 καὶ
1290 2584 1438 2618 λογισμοὺς
1463 2584 1512 2616 μὲν
1526 2585 1644 2619 τυφλοῦν
1669 2586 1810 2620 πεφύκασι

1027 2631 1143 2665 μάλιστα
1160 2630 1290 2664 ταραχαὶ,
1307 2629 1353 2656 καὶ
1371 2630 1427 2664 βίος
1449 2629 1522 2660 ἄπας
1539 2630 1632 2665 ὑγρὸς,
1651 2631 1697 2657 καὶ
1714 2631 1809 2664 δειλία,

1023 2677 1071 2701 καὶ
1089 2676 1239 2710 θρασύτης,
1257 2676 1305 2702 καὶ
1328 2676 1389 2702 ὅσον
1410 2676 1580 2711 ἀμφοτέροις
1597 2678 1789 2712 παραπλήσιον
1801 2686 1808 2692 ·

1027 2722 1138 2756 μελέται
1159 2721 1186 2747 δὲ
1211 2722 1258 2747 σὺν
1275 2721 1312 2756 τῷ
1337 2722 1436 2757 καιρῷ,
1453 2724 1574 2758 ταραχῆς
1594 2723 1745 2758 ἐλεύθεραι,
1763 2725 1810 2750 δύ-

1025 2767 1108 2793 ναιντ’
1123 2767 1156 2792 ἂν
1180 2768 1297 2801 μάλιστα
1314 2768 1424 2793 πάντων
1439 2768 1599 2802 δυσχερείας
1614 2769 1810 2804 ἀπαλλάττειν,

1025 2813 1090 2838 ὅταν
1108 2813 1157 2839 οὐκ
1181 2813 1311 2839 ἀδύνατον
1335 2813 1476 2844 παντελῶς
1491 2815 1538 2841 καὶ
1555 2814 1604 2847 τὴν
1633 2815 1810 2850 ὑπάρχουσαν

1026 2858 1119 2890 αὔξειν
1131 2858 1256 2884 εὔκλειαν
1268 2860 1330 2885 ὅσον
1344 2858 1441 2891 ἔνεστι,
1454 2861 1501 2885 καὶ
1515 2861 1710 2894 προσπορίζειν
1721 2861 1812 2895 ἀγαθὰ

1028 2905 1076 2931 σὺν
1091 2905 1127 2939 τῷ
1139 2905 1277 2939 διαμένειν
1289 2913 1294 2920 ·
1308 2906 1354 2930 καὶ
1366 2906 1443 2931 ταυτὶ
1458 2905 1546 2936 καλῶς
1560 2906 1753 2941 ἐπιστάμενος,
1769 2907 1808 2942 μὴ
