  <div class='ocr_page' id='page_1' title='image "/cluster/home/n/w/nwhite01/storage/ocr_20150623/156/njp.32101077773214/184.png"; bbox 0 0 1938 3083; ppageno 0'>
   <div class='ocr_carea' id='block_1_1' title="bbox 106 200 156 232">
    <p class='ocr_par' dir='ltr' id='par_1_1' title="bbox 106 200 156 232">
     <span class='ocr_line' id='line_1_1' title="bbox 106 200 156 232; baseline 0.04 -2"><span class='ocrx_word' id='word_1_1' title='bbox 106 200 156 232; x_wconf 76' lang='lat'><strong>357</strong></span> 
     </span>
    </p>
   </div>
   <div class='ocr_carea' id='block_1_2' title="bbox 583 205 1227 238">
    <p class='ocr_par' dir='ltr' id='par_1_2' title="bbox 583 205 1227 238">
     <span class='ocr_line' id='line_1_2' title="bbox 583 205 1227 238; baseline 0.005 -3"><span class='ocrx_word' id='word_1_2' title='bbox 583 205 790 237; x_wconf 74' lang='lat' dir='ltr'><strong>PR/ECEPTA</strong></span> <span class='ocrx_word' id='word_1_3' title='bbox 808 207 1069 238; x_wconf 79' lang='lat' dir='ltr'><strong>EDUCATIONIS</strong></span> <span class='ocrx_word' id='word_1_4' title='bbox 1088 207 1227 238; x_wconf 70' lang='lat' dir='ltr'>REGLE.</span> 
     </span>
    </p>
   </div>
   <div class='ocr_carea' id='block_1_3' title="bbox 1669 210 1724 242">
    <p class='ocr_par' dir='ltr' id='par_1_3' title="bbox 1669 210 1724 242">
     <span class='ocr_line' id='line_1_3' title="bbox 1669 210 1724 242; baseline 0.036 -2"><span class='ocrx_word' id='word_1_5' title='bbox 1669 210 1724 242; x_wconf 81' lang='grc'><strong>358</strong></span> 
     </span>
    </p>
   </div>
   <div class='ocr_carea' id='block_1_4' title="bbox 103 258 895 301">
    <p class='ocr_par' dir='ltr' id='par_1_4' title="bbox 103 258 892 300">
     <span class='ocr_line' id='line_1_4' title="bbox 103 258 892 300; baseline 0.01 -17"><span class='ocrx_word' id='word_1_6' title='bbox 103 258 288 284; x_wconf 74' lang='grc' dir='ltr'><strong>καταπίπτειν</strong></span> <span class='ocrx_word' id='word_1_7' title='bbox 302 259 361 291; x_wconf 77' lang='grc' dir='ltr'>ταῖς</span> <span class='ocrx_word' id='word_1_8' title='bbox 374 262 537 295; x_wconf 77' lang='grc' dir='ltr'><strong>συμφοραῖς,</strong></span> <span class='ocrx_word' id='word_1_9' title='bbox 555 262 617 297; x_wconf 83' lang='grc' dir='ltr'>μηδ’</span> <span class='ocrx_word' id='word_1_10' title='bbox 628 263 766 299; x_wconf 79' lang='grc' dir='ltr'><strong>εὐτυχίαις</strong></span> <span class='ocrx_word' id='word_1_11' title='bbox 779 264 892 300; x_wconf 69' lang='grc' dir='ltr'>ἐπαίρε-</span> 
     </span>
    </p>
   </div>
   <div class='ocr_carea' id='block_1_5' title="bbox 951 258 1726 301">
    <p class='ocr_par' dir='ltr' id='par_1_5' title="bbox 951 264 1726 301">
     <span class='ocr_line' id='line_1_5' title="bbox 951 264 1726 301; baseline 0.004 -9"><span class='ocrx_word' id='word_1_12' title='bbox 951 269 971 292; x_wconf 74' lang='lat' dir='ltr'><strong>:t</strong></span> <span class='ocrx_word' id='word_1_13' title='bbox 988 264 1120 299; x_wconf 88' lang='lat' dir='ltr'><strong>ampliora</strong></span> <span class='ocrx_word' id='word_1_14' title='bbox 1135 265 1205 291; x_wconf 89' lang='lat' dir='ltr'><strong>bona</strong></span> <span class='ocrx_word' id='word_1_15' title='bbox 1222 272 1275 292; x_wconf 88' lang='lat' dir='ltr'><strong>non</strong></span> <span class='ocrx_word' id='word_1_16' title='bbox 1299 268 1403 292; x_wconf 84' lang='lat' dir='ltr'><strong>tantum</strong></span> <span class='ocrx_word' id='word_1_17' title='bbox 1423 265 1615 301; x_wconf 84' lang='lat' dir='ltr'><strong>acquirantur.</strong></span> <span class='ocrx_word' id='word_1_18' title='bbox 1630 268 1677 294; x_wconf 84' lang='lat' dir='ltr'><strong>sed</strong></span> <span class='ocrx_word' id='word_1_19' title='bbox 1696 265 1726 295; x_wconf 44' lang='lat' dir='ltr'><strong>ei</strong></span> 
     </span>
    </p>
   </div>
   <div class='ocr_carea' id='block_1_6' title="bbox 105 303 890 345">
    <p class='ocr_par' dir='ltr' id='par_1_6' title="bbox 105 303 890 345">
     <span class='ocr_line' id='line_1_6' title="bbox 105 303 890 345; baseline 0.011 -17"><span class='ocrx_word' id='word_1_20' title='bbox 105 303 188 336; x_wconf 84' lang='grc' dir='ltr'><strong>σθαι,</strong></span> <span class='ocrx_word' id='word_1_21' title='bbox 218 304 285 339; x_wconf 81' lang='grc' dir='ltr'>μηδὲ</span> <span class='ocrx_word' id='word_1_22' title='bbox 314 306 423 332; x_wconf 73' lang='grc' dir='ltr'>ἀνέσεσι</span> <span class='ocrx_word' id='word_1_23' title='bbox 453 307 672 342; x_wconf 71' lang='grc' dir='ltr'><strong>μαλακίζεσθαι,</strong></span> <span class='ocrx_word' id='word_1_24' title='bbox 698 311 729 336; x_wconf 72' lang='grc' dir='ltr'>τὸ</span> <span class='ocrx_word' id='word_1_25' title='bbox 757 310 890 345; x_wconf 79' lang='grc' dir='ltr'><strong>ῥᾳθυμεῖν</strong></span> 
     </span>
    </p>
   </div>
   <div class='ocr_carea' id='block_1_7' title="bbox 105 349 890 390">
    <p class='ocr_par' dir='ltr' id='par_1_7' title="bbox 105 349 890 390">
     <span class='ocr_line' id='line_1_7' title="bbox 105 349 890 390; baseline 0.011 -16"><span class='ocrx_word' id='word_1_26' title='bbox 105 349 244 384; x_wconf 80' lang='grc' dir='ltr'>προῦργου</span> <span class='ocrx_word' id='word_1_27' title='bbox 257 351 371 385; x_wconf 76' lang='grc' dir='ltr'><strong>θέμενος</strong></span> <span class='ocrx_word' id='word_1_28' title='bbox 384 360 390 367; x_wconf 89' lang='grc'>·</span> <span class='ocrx_word' id='word_1_29' title='bbox 412 353 487 385; x_wconf 84' lang='grc' dir='ltr'>ὅπως</span> <span class='ocrx_word' id='word_1_30' title='bbox 506 355 594 389; x_wconf 80' lang='grc' dir='ltr'>ψυχῆς</span> <span class='ocrx_word' id='word_1_31' title='bbox 609 355 780 390; x_wconf 83' lang='grc' dir='ltr'><strong>γενναιότητι</strong></span> <span class='ocrx_word' id='word_1_32' title='bbox 793 357 890 383; x_wconf 84' lang='grc' dir='ltr'>δεινῶν</span> 
     </span>
    </p>
   </div>
   <div class='ocr_carea' id='block_1_8' title="bbox 104 395 890 437">
    <p class='ocr_par' dir='ltr' id='par_1_8' title="bbox 104 395 890 437">
     <span class='ocr_line' id='line_1_8' title="bbox 104 395 890 437; baseline 0.009 -16"><span class='ocrx_word' id='word_1_33' title='bbox 104 395 236 429; x_wconf 79' lang='grc' dir='ltr'>ἀφύκτων</span> <span class='ocrx_word' id='word_1_34' title='bbox 259 397 409 425; x_wconf 82' lang='grc' dir='ltr'>δοκούντων</span> <span class='ocrx_word' id='word_1_35' title='bbox 430 399 669 434; x_wconf 78' lang='grc' dir='ltr'>ἀπαλλαττόμενος</span> <span class='ocrx_word' id='word_1_36' title='bbox 689 400 806 436; x_wconf 82' lang='grc' dir='ltr'><strong>(ἀνάγκη</strong></span> <span class='ocrx_word' id='word_1_37' title='bbox 836 402 890 437; x_wconf 78' lang='grc' dir='ltr'><strong>γὰρ</strong></span> 
     </span>
    </p>
   </div>
   <div class='ocr_carea' id='block_1_9' title="bbox 104 442 891 483">
    <p class='ocr_par' dir='ltr' id='par_1_9' title="bbox 104 442 891 483">
     <span class='ocr_line' id='line_1_9' title="bbox 104 442 891 483; baseline 0.01 -16"><span class='ocrx_word' id='word_1_38' title='bbox 104 442 195 468; x_wconf 67' lang='grc' dir='ltr'>αὐτῶν</span> <span class='ocrx_word' id='word_1_39' title='bbox 207 443 334 478; x_wconf 78' lang='grc' dir='ltr'>μετέχειν</span> <span class='ocrx_word' id='word_1_40' title='bbox 353 444 496 479; x_wconf 78' lang='grc' dir='ltr'>ἄνθρωπον</span> <span class='ocrx_word' id='word_1_41' title='bbox 512 446 587 482; x_wconf 73' lang='grc' dir='ltr'>ὄντα)</span> <span class='ocrx_word' id='word_1_42' title='bbox 602 447 696 483; x_wconf 77' lang='grc' dir='ltr'><strong>δείξῃς</strong></span> <span class='ocrx_word' id='word_1_43' title='bbox 711 448 822 483; x_wconf 76' lang='grc' dir='ltr'>μεγέθει</span> <span class='ocrx_word' id='word_1_44' title='bbox 839 449 891 483; x_wconf 83' lang='grc' dir='ltr'>φύ-</span> 
     </span>
    </p>
   </div>
   <div class='ocr_carea' id='block_1_10' title="bbox 106 489 554 525">
    <p class='ocr_par' dir='ltr' id='par_1_10' title="bbox 106 489 554 525">
     <span class='ocr_line' id='line_1_10' title="bbox 106 489 554 525; baseline 0.013 -11"><span class='ocrx_word' id='word_1_45' title='bbox 106 497 176 520; x_wconf 86' lang='grc' dir='ltr'>σεως</span> <span class='ocrx_word' id='word_1_46' title='bbox 192 489 242 524; x_wconf 80' lang='grc' dir='ltr'>τὴν</span> <span class='ocrx_word' id='word_1_47' title='bbox 257 489 397 525; x_wconf 79' lang='grc' dir='ltr'>βασιλείαν</span> <span class='ocrx_word' id='word_1_48' title='bbox 410 492 554 521; x_wconf 81' lang='grc' dir='ltr'>ἀνθοῦσαν.</span> 
     </span>
    </p>
   </div>
   <div class='ocr_carea' id='block_1_11' title="bbox 475 623 501 643">
    <p class='ocr_par' dir='ltr' id='par_1_11' title="bbox 475 623 501 643">
     <span class='ocr_line' id='line_1_11' title="bbox 475 623 501 643; baseline 0 0"><span class='ocrx_word' id='word_1_49' title='bbox 475 623 501 643; x_wconf 66' lang='grc' dir='ltr'>Ριῗι</span> 
     </span>
    </p>
   </div>
   <div class='ocr_carea' id='block_1_12' title="bbox 474 641 512 651">
    <p class='ocr_par' dir='ltr' id='par_1_12' title="bbox 474 641 512 651">
     <span class='ocr_line' id='line_1_12' title="bbox 474 641 512 651; baseline 0 0"><span class='ocrx_word' id='word_1_50' title='bbox 474 641 512 651; x_wconf 61' lang='grc' dir='ltr'><strong>Η.</strong></span> 
     </span>
    </p>
   </div>
   <div class='ocr_carea' id='block_1_13' title="bbox 142 668 892 708">
    <p class='ocr_par' dir='ltr' id='par_1_13' title="bbox 142 668 892 708">
     <span class='ocr_line' id='line_1_13' title="bbox 142 668 892 708; baseline 0.008 -14"><span class='ocrx_word' id='word_1_51' title='bbox 142 669 222 695; x_wconf 82' lang='grc' dir='ltr'>Ἥκω</span> <span class='ocrx_word' id='word_1_52' title='bbox 235 677 276 695; x_wconf 84' lang='grc' dir='ltr'><strong>σοι</strong></span> <span class='ocrx_word' id='word_1_53' title='bbox 291 668 377 702; x_wconf 81' lang='grc' dir='ltr'>λέξων</span> <span class='ocrx_word' id='word_1_54' title='bbox 391 669 405 696; x_wconf 72' lang='grc' dir='ltr'><strong>ὃ</strong></span> <span class='ocrx_word' id='word_1_55' title='bbox 422 670 563 705; x_wconf 82' lang='grc' dir='ltr'><strong>πράττεις,</strong></span> <span class='ocrx_word' id='word_1_56' title='bbox 579 671 675 708; x_wconf 83' lang='grc' dir='ltr'>ὥσπερ</span> <span class='ocrx_word' id='word_1_57' title='bbox 692 674 717 700; x_wconf 80' lang='grc' dir='ltr'>οἱ</span> <span class='ocrx_word' id='word_1_58' title='bbox 732 675 787 705; x_wconf 81' lang='grc' dir='ltr'>τοῖς</span> <span class='ocrx_word' id='word_1_59' title='bbox 801 674 892 700; x_wconf 72' lang='grc' dir='ltr'>θέουσι</span> 
     </span>
    </p>
   </div>
   <div class='ocr_carea' id='block_1_14' title="bbox 104 715 892 755">
    <p class='ocr_par' dir='ltr' id='par_1_14' title="bbox 104 715 892 755">
     <span class='ocr_line' id='line_1_14' title="bbox 104 715 892 755; baseline 0.006 -14"><span class='ocrx_word' id='word_1_60' title='bbox 104 715 337 749; x_wconf 76' lang='grc' dir='ltr'>διακελευόμενοι,</span> <span class='ocrx_word' id='word_1_61' title='bbox 353 716 467 742; x_wconf 81' lang='grc' dir='ltr'>Πλάτων</span> <span class='ocrx_word' id='word_1_62' title='bbox 490 717 554 753; x_wconf 74' lang='grc' dir='ltr'><strong>ἔφη.</strong></span> <span class='ocrx_word' id='word_1_63' title='bbox 569 719 678 752; x_wconf 84' lang='grc' dir='ltr'>Μηδένα</span> <span class='ocrx_word' id='word_1_64' title='bbox 693 720 786 751; x_wconf 78' lang='grc' dir='ltr'>κακῶς</span> <span class='ocrx_word' id='word_1_65' title='bbox 801 720 892 755; x_wconf 75' lang='grc' dir='ltr'>εἴπῃς,</span> 
     </span>
    </p>
   </div>
   <div class='ocr_carea' id='block_1_15' title="bbox 105 760 894 800">
    <p class='ocr_par' dir='ltr' id='par_1_15' title="bbox 105 760 894 800">
     <span class='ocr_line' id='line_1_15' title="bbox 105 760 894 800; baseline 0.008 -14"><span class='ocrx_word' id='word_1_66' title='bbox 105 760 184 795; x_wconf 83' lang='grc' dir='ltr'>θυμῷ</span> <span class='ocrx_word' id='word_1_67' title='bbox 199 760 343 793; x_wconf 79' lang='grc' dir='ltr'>δουλεύων,</span> <span class='ocrx_word' id='word_1_68' title='bbox 358 761 375 796; x_wconf 81' lang='grc' dir='ltr'><strong>ἥ</strong></span> <span class='ocrx_word' id='word_1_69' title='bbox 387 762 567 797; x_wconf 71' lang='grc' dir='ltr'>χαριζόμενος</span> <span class='ocrx_word' id='word_1_70' title='bbox 577 771 583 778; x_wconf 89' lang='grc'>·</span> <span class='ocrx_word' id='word_1_71' title='bbox 600 764 668 798; x_wconf 79' lang='grc' dir='ltr'>μηδὲ</span> <span class='ocrx_word' id='word_1_72' title='bbox 680 764 783 800; x_wconf 71' lang='grc' dir='ltr'>πλύνῃς</span> <span class='ocrx_word' id='word_1_73' title='bbox 798 765 894 799; x_wconf 79' lang='grc' dir='ltr'>ὖόρεσι</span> 
     </span>
    </p>
   </div>
   <div class='ocr_carea' id='block_1_16' title="bbox 105 806 894 847">
    <p class='ocr_par' dir='ltr' id='par_1_16' title="bbox 105 806 894 847">
     <span class='ocr_line' id='line_1_16' title="bbox 105 806 894 847; baseline 0.008 -15"><span class='ocrx_word' id='word_1_74' title='bbox 105 806 293 841; x_wconf 75' lang='grc' dir='ltr'>κακοδαίμονά</span> <span class='ocrx_word' id='word_1_75' title='bbox 309 815 380 838; x_wconf 85' lang='grc' dir='ltr'>τινα,</span> <span class='ocrx_word' id='word_1_76' title='bbox 398 807 511 839; x_wconf 79' lang='grc' dir='ltr'>δικαίως</span> <span class='ocrx_word' id='word_1_77' title='bbox 527 808 560 835; x_wconf 76' lang='grc' dir='ltr'>ἂν</span> <span class='ocrx_word' id='word_1_78' title='bbox 574 809 744 845; x_wconf 75' lang='grc' dir='ltr'>ἐλεούμενον,</span> <span class='ocrx_word' id='word_1_79' title='bbox 759 812 840 842; x_wconf 83' lang='grc' dir='ltr'>εἴτις</span> <span class='ocrx_word' id='word_1_80' title='bbox 856 811 894 847; x_wconf 81' lang='grc' dir='ltr'>μὴ</span> 
     </span>
    </p>
   </div>
   <div class='ocr_carea' id='block_1_17' title="bbox 104 851 896 891">
    <p class='ocr_par' dir='ltr' id='par_1_17' title="bbox 104 851 896 891">
     <span class='ocr_line' id='line_1_17' title="bbox 104 851 896 891; baseline 0.008 -14"><span class='ocrx_word' id='word_1_81' title='bbox 104 852 155 886; x_wconf 81' lang='grc' dir='ltr'>τῆς</span> <span class='ocrx_word' id='word_1_82' title='bbox 171 851 278 885; x_wconf 78' lang='grc' dir='ltr'>φύσεως</span> <span class='ocrx_word' id='word_1_83' title='bbox 291 853 341 887; x_wconf 85' lang='grc' dir='ltr'><strong>τῆς</strong></span> <span class='ocrx_word' id='word_1_84' title='bbox 356 854 450 887; x_wconf 81' lang='grc' dir='ltr'>κοινῆς</span> <span class='ocrx_word' id='word_1_85' title='bbox 468 854 635 882; x_wconf 77' lang='grc' dir='ltr'>ἐπιλάθοιτο.</span> <span class='ocrx_word' id='word_1_86' title='bbox 654 856 725 891; x_wconf 78' lang='grc' dir='ltr'>Ἔφη</span> <span class='ocrx_word' id='word_1_87' title='bbox 745 856 772 883; x_wconf 83' lang='grc' dir='ltr'>δέ</span> <span class='ocrx_word' id='word_1_88' title='bbox 786 865 828 886; x_wconf 74' lang='grc' dir='ltr'><strong>τις</strong></span> <span class='ocrx_word' id='word_1_89' title='bbox 848 857 896 883; x_wconf 83' lang='grc' dir='ltr'>καὶ</span> 
     </span>
    </p>
   </div>
   <div class='ocr_carea' id='block_1_18' title="bbox 105 897 894 934">
    <p class='ocr_par' dir='ltr' id='par_1_18' title="bbox 105 897 894 934">
     <span class='ocr_line' id='line_1_18' title="bbox 105 897 894 934; baseline 0.006 -10"><span class='ocrx_word' id='word_1_90' title='bbox 105 897 160 924; x_wconf 84' lang='grc' dir='ltr'><strong>τῶν</strong></span> <span class='ocrx_word' id='word_1_91' title='bbox 175 897 226 930; x_wconf 77' lang='grc' dir='ltr'>ἔξω</span> <span class='ocrx_word' id='word_1_92' title='bbox 243 898 349 934; x_wconf 62' lang='grc' dir='ltr'>σοφῶν·</span> <span class='ocrx_word' id='word_1_93' title='bbox 373 898 410 925; x_wconf 80' lang='grc' dir='ltr'><strong>Τὸ</strong></span> <span class='ocrx_word' id='word_1_94' title='bbox 421 899 543 934; x_wconf 76' lang='grc' dir='ltr'>ὗὸρίζειν</span> <span class='ocrx_word' id='word_1_95' title='bbox 566 901 621 926; x_wconf 85' lang='grc' dir='ltr'><strong>τῶν</strong></span> <span class='ocrx_word' id='word_1_96' title='bbox 641 901 894 933; x_wconf 81' lang='grc' dir='ltr'>τοῦτοποιούντων.</span> 
     </span>
    </p>
   </div>
   <div class='ocr_carea' id='block_1_19' title="bbox 104 934 932 984">
    <p class='ocr_par' dir='ltr' id='par_1_19' title="bbox 104 934 932 984">
     <span class='ocr_line' id='line_1_19' title="bbox 104 934 932 984; baseline 0.005 -14"><span class='ocrx_word' id='word_1_97' title='bbox 104 944 232 979; x_wconf 64' lang='grc' dir='ltr'>οὖχὶτῶν</span> <span class='ocrx_word' id='word_1_98' title='bbox 247 934 433 980; x_wconf 63' lang='grc' dir='ltr'>ὑέριζομένων</span> <span class='ocrx_word' id='word_1_99' title='bbox 444 945 548 980; x_wconf 77' lang='grc' dir='ltr'>γίνεται</span> <span class='ocrx_word' id='word_1_100' title='bbox 562 947 700 983; x_wconf 73' lang='grc' dir='ltr'>ἔγκλημα.</span> <span class='ocrx_word' id='word_1_101' title='bbox 711 948 747 975; x_wconf 87' lang='grc' dir='ltr'><strong>οὺ</strong></span> <span class='ocrx_word' id='word_1_102' title='bbox 759 948 812 984; x_wconf 88' lang='grc' dir='ltr'>μὴν</span> <span class='ocrx_word' id='word_1_103' title='bbox 825 948 893 974; x_wconf 84' lang='grc' dir='ltr'>ἀλλὰ</span> <span class='ocrx_word' id='word_1_104' title='bbox 912 934 932 962; x_wconf 74' lang='grc' dir='ltr'><strong><em>Β</em></strong></span> 
     </span>
    </p>
   </div>
   <div class='ocr_carea' id='block_1_20' title="bbox 106 990 893 1027">
    <p class='ocr_par' dir='ltr' id='par_1_20' title="bbox 106 990 893 1027">
     <span class='ocr_line' id='line_1_20' title="bbox 106 990 893 1027; baseline 0.005 -11"><span class='ocrx_word' id='word_1_105' title='bbox 106 990 155 1016; x_wconf 77' lang='grc' dir='ltr'><strong>καὶ</strong></span> <span class='ocrx_word' id='word_1_106' title='bbox 166 990 230 1020; x_wconf 76' lang='grc' dir='ltr'>τοὺς</span> <span class='ocrx_word' id='word_1_107' title='bbox 239 990 327 1025; x_wconf 82' lang='grc' dir='ltr'>τούτῳ</span> <span class='ocrx_word' id='word_1_108' title='bbox 337 991 537 1025; x_wconf 76' lang='grc' dir='ltr'>ἐντρυφῶντας.</span> <span class='ocrx_word' id='word_1_109' title='bbox 547 993 594 1018; x_wconf 78' lang='grc' dir='ltr'>καὶ</span> <span class='ocrx_word' id='word_1_110' title='bbox 604 993 699 1027; x_wconf 69' lang='grc' dir='ltr'>συχνὸν</span> <span class='ocrx_word' id='word_1_111' title='bbox 708 993 762 1019; x_wconf 87' lang='grc' dir='ltr'><strong>τῶν</strong></span> <span class='ocrx_word' id='word_1_112' title='bbox 772 993 893 1027; x_wconf 83' lang='grc' dir='ltr'>ἀδελφῶν</span> 
     </span>
    </p>
   </div>
   <div class='ocr_carea' id='block_1_21' title="bbox 105 1033 893 1072">
    <p class='ocr_par' dir='ltr' id='par_1_21' title="bbox 105 1033 893 1072">
     <span class='ocr_line' id='line_1_21' title="bbox 105 1033 893 1072; baseline 0.005 -12"><span class='ocrx_word' id='word_1_113' title='bbox 105 1033 213 1067; x_wconf 85' lang='grc' dir='ltr'>γέλωτα</span> <span class='ocrx_word' id='word_1_114' title='bbox 223 1036 416 1069; x_wconf 77' lang='grc' dir='ltr'>καταχέοντας,</span> <span class='ocrx_word' id='word_1_115' title='bbox 427 1035 444 1070; x_wconf 87' lang='grc' dir='ltr'>ἢ</span> <span class='ocrx_word' id='word_1_116' title='bbox 455 1035 559 1062; x_wconf 82' lang='grc' dir='ltr'>πείθειν</span> <span class='ocrx_word' id='word_1_117' title='bbox 570 1037 739 1071; x_wconf 78' lang='grc' dir='ltr'>ἀποσχέσθαι</span> <span class='ocrx_word' id='word_1_118' title='bbox 753 1037 803 1072; x_wconf 86' lang='grc' dir='ltr'>τῆς</span> <span class='ocrx_word' id='word_1_119' title='bbox 815 1038 893 1063; x_wconf 83' lang='grc' dir='ltr'>νόσου</span> 
     </span>
    </p>
   </div>
   <div class='ocr_carea' id='block_1_22' title="bbox 104 1079 893 1118">
    <p class='ocr_par' dir='ltr' id='par_1_22' title="bbox 104 1079 893 1118">
     <span class='ocr_line' id='line_1_22' title="bbox 104 1079 893 1118; baseline 0.005 -12"><span class='ocrx_word' id='word_1_120' title='bbox 104 1079 220 1114; x_wconf 80' lang='grc' dir='ltr'>ταύτης,</span> <span class='ocrx_word' id='word_1_121' title='bbox 243 1080 260 1115; x_wconf 85' lang='grc' dir='ltr'>ἢ</span> <span class='ocrx_word' id='word_1_122' title='bbox 284 1081 432 1114; x_wconf 83' lang='grc' dir='ltr'>πειρᾶσθαι</span> <span class='ocrx_word' id='word_1_123' title='bbox 454 1082 561 1112; x_wconf 75' lang='grc' dir='ltr'>πάντως</span> <span class='ocrx_word' id='word_1_124' title='bbox 583 1083 707 1109; x_wconf 88' lang='grc' dir='ltr'>κωλύειν.</span> <span class='ocrx_word' id='word_1_125' title='bbox 725 1083 816 1110; x_wconf 85' lang='grc' dir='ltr'>Κακία</span> <span class='ocrx_word' id='word_1_126' title='bbox 839 1084 893 1118; x_wconf 88' lang='grc' dir='ltr'>γὰρ</span> 
     </span>
    </p>
   </div>
   <div class='ocr_carea' id='block_1_23' title="bbox 105 1126 897 1162">
    <p class='ocr_par' dir='ltr' id='par_1_23' title="bbox 105 1126 897 1162">
     <span class='ocr_line' id='line_1_23' title="bbox 105 1126 897 1162; baseline 0.004 -10"><span class='ocrx_word' id='word_1_127' title='bbox 105 1126 281 1160; x_wconf 81' lang='grc' dir='ltr'>προεστῶτος</span> <span class='ocrx_word' id='word_1_128' title='bbox 295 1127 342 1152; x_wconf 81' lang='grc' dir='ltr'>καὶ</span> <span class='ocrx_word' id='word_1_129' title='bbox 354 1126 427 1153; x_wconf 75' lang='grc' dir='ltr'>τοῦτ’</span> <span class='ocrx_word' id='word_1_130' title='bbox 439 1127 472 1154; x_wconf 84' lang='grc' dir='ltr'>ἂν</span> <span class='ocrx_word' id='word_1_131' title='bbox 487 1128 542 1162; x_wconf 79' lang='grc' dir='ltr'>εἴη,</span> <span class='ocrx_word' id='word_1_132' title='bbox 561 1128 592 1154; x_wconf 82' lang='grc' dir='ltr'>τὸ</span> <span class='ocrx_word' id='word_1_133' title='bbox 610 1128 659 1158; x_wconf 83' lang='grc' dir='ltr'><strong>τὰς</strong></span> <span class='ocrx_word' id='word_1_134' title='bbox 674 1128 729 1155; x_wconf 87' lang='grc' dir='ltr'><strong>τῶν</strong></span> <span class='ocrx_word' id='word_1_135' title='bbox 743 1129 831 1156; x_wconf 74' lang='grc' dir='ltr'>ἄλλων</span> <span class='ocrx_word' id='word_1_136' title='bbox 847 1137 897 1155; x_wconf 84' lang='grc' dir='ltr'>κα-</span> 
     </span>
    </p>
   </div>
   <div class='ocr_carea' id='block_1_24' title="bbox 105 1165 884 1210">
    <p class='ocr_par' dir='ltr' id='par_1_24' title="bbox 105 1165 884 1210">
     <span class='ocr_line' id='line_1_24' title="bbox 105 1165 884 1210; baseline 0.006 -12"><span class='ocrx_word' id='word_1_137' title='bbox 105 1173 185 1202; x_wconf 78' lang='grc' dir='ltr'>κίας,</span> <span class='ocrx_word' id='word_1_138' title='bbox 201 1171 260 1198; x_wconf 75' lang='grc' dir='ltr'>ἐνὸν</span> <span class='ocrx_word' id='word_1_139' title='bbox 277 1172 397 1207; x_wconf 76' lang='grc' dir='ltr'>ἐπέχειν,</span> <span class='ocrx_word' id='word_1_140' title='bbox 413 1173 459 1208; x_wconf 80' lang='grc' dir='ltr'>ὲᾷν</span> <span class='ocrx_word' id='word_1_141' title='bbox 474 1173 520 1199; x_wconf 74' lang='grc' dir='ltr'><strong>ἐπὶ</strong></span> <span class='ocrx_word' id='word_1_142' title='bbox 536 1174 570 1200; x_wconf 84' lang='grc' dir='ltr'><strong>τὰ</strong></span> <span class='ocrx_word' id='word_1_143' title='bbox 588 1175 680 1209; x_wconf 85' lang='grc' dir='ltr'>πρόσω</span> <span class='ocrx_word' id='word_1_144' title='bbox 697 1177 808 1210; x_wconf 77' lang='grc' dir='ltr'>χωρεῖν.</span> <span class='ocrx_word' id='word_1_145' title='bbox 881 1165 884 1168; x_wconf 20' lang='grc' dir='ltr'>ν</span> 
     </span>
    </p>
   </div>
   <div class='ocr_carea' id='block_1_25' title="bbox 940 311 1727 346">
    <p class='ocr_par' dir='ltr' id='par_1_25' title="bbox 940 311 1727 346">
     <span class='ocr_line' id='line_1_25' title="bbox 940 311 1727 346; baseline 0.004 -8"><span class='ocrx_word' id='word_1_146' title='bbox 940 311 1025 338; x_wconf 87' lang='lat' dir='ltr'><strong>solida</strong></span> <span class='ocrx_word' id='word_1_147' title='bbox 1041 311 1231 345; x_wconf 86' lang='lat' dir='ltr'><strong>durabiliaque</strong></span> <span class='ocrx_word' id='word_1_148' title='bbox 1245 311 1403 338; x_wconf 88' lang='lat' dir='ltr'><strong>reddantur.</strong></span> <span class='ocrx_word' id='word_1_149' title='bbox 1414 311 1503 346; x_wconf 82' lang='lat' dir='ltr'><strong>Atque</strong></span> <span class='ocrx_word' id='word_1_150' title='bbox 1525 313 1568 339; x_wconf 90' lang='lat' dir='ltr'><strong>his</strong></span> <span class='ocrx_word' id='word_1_151' title='bbox 1580 319 1654 340; x_wconf 87' lang='lat' dir='ltr'><strong>recte</strong></span> <span class='ocrx_word' id='word_1_152' title='bbox 1677 322 1727 340; x_wconf 85' lang='lat' dir='ltr'><strong>co-</strong></span> 
     </span>
    </p>
   </div>
   <div class='ocr_carea' id='block_1_26' title="bbox 940 357 1728 395">
    <p class='ocr_par' dir='ltr' id='par_1_26' title="bbox 940 357 1728 395">
     <span class='ocr_line' id='line_1_26' title="bbox 940 357 1728 395; baseline 0.005 -12"><span class='ocrx_word' id='word_1_153' title='bbox 940 357 1034 390; x_wconf 82' lang='lat' dir='ltr'><strong>gnitis,</strong></span> <span class='ocrx_word' id='word_1_154' title='bbox 1052 364 1117 384; x_wconf 92' lang='lat' dir='ltr'><strong>cave</strong></span> <span class='ocrx_word' id='word_1_155' title='bbox 1127 357 1328 384; x_wconf 81' lang='lat' dir='ltr'><strong>calamitatibus</strong></span> <span class='ocrx_word' id='word_1_156' title='bbox 1345 358 1572 390; x_wconf 86' lang='lat' dir='ltr'><strong>succumbas,nec</strong></span> <span class='ocrx_word' id='word_1_157' title='bbox 1589 361 1728 395; x_wconf 73' lang='lat' dir='ltr'><strong>prosperis</strong></span> 
     </span>
    </p>
   </div>
   <div class='ocr_carea' id='block_1_27' title="bbox 941 402 1730 438">
    <p class='ocr_par' dir='ltr' id='par_1_27' title="bbox 941 402 1730 438">
     <span class='ocr_line' id='line_1_27' title="bbox 941 402 1730 438; baseline 0.005 -9"><span class='ocrx_word' id='word_1_158' title='bbox 941 402 1080 436; x_wconf 79' lang='lat' dir='ltr'><strong>elleraris,</strong></span> <span class='ocrx_word' id='word_1_159' title='bbox 1117 410 1168 430; x_wconf 84' lang='lat' dir='ltr'><strong>nec</strong></span> <span class='ocrx_word' id='word_1_160' title='bbox 1202 403 1344 437; x_wconf 80' lang='lat' dir='ltr'><strong>amplexus</strong></span> <span class='ocrx_word' id='word_1_161' title='bbox 1371 404 1506 438; x_wconf 58' lang='lat' dir='ltr'><strong>ignaviam</strong></span> <span class='ocrx_word' id='word_1_162' title='bbox 1531 404 1659 432; x_wconf 84' lang='lat' dir='ltr'><strong>dissolute</strong></span> <span class='ocrx_word' id='word_1_163' title='bbox 1690 407 1730 433; x_wconf 89' lang='lat' dir='ltr'><strong>vi-</strong></span> 
     </span>
    </p>
   </div>
   <div class='ocr_carea' id='block_1_28' title="bbox 942 448 1729 484">
    <p class='ocr_par' dir='ltr' id='par_1_28' title="bbox 942 448 1729 484">
     <span class='ocr_line' id='line_1_28' title="bbox 942 448 1729 484; baseline 0.005 -10"><span class='ocrx_word' id='word_1_164' title='bbox 942 449 1030 474; x_wconf 83' lang='lat' dir='ltr'><strong>vendo</strong></span> <span class='ocrx_word' id='word_1_165' title='bbox 1043 448 1191 475; x_wconf 87' lang='lat' dir='ltr'><strong>emolliaris</strong></span> <span class='ocrx_word' id='word_1_166' title='bbox 1210 457 1217 476; x_wconf 90' lang='lat'><strong>:</strong></span> <span class='ocrx_word' id='word_1_167' title='bbox 1235 455 1264 476; x_wconf 91' lang='lat' dir='ltr'><strong>ut</strong></span> <span class='ocrx_word' id='word_1_168' title='bbox 1277 449 1366 483; x_wconf 37' lang='lat' dir='ltr'><strong>animi,</strong></span> <span class='ocrx_word' id='word_1_169' title='bbox 1393 449 1418 476; x_wconf 93' lang='lat' dir='ltr'><strong>vi</strong></span> <span class='ocrx_word' id='word_1_170' title='bbox 1450 458 1580 484; x_wconf 79' lang='lat' dir='ltr'><strong>geneiosa</strong></span> <span class='ocrx_word' id='word_1_171' title='bbox 1599 451 1729 478; x_wconf 79' lang='lat' dir='ltr'><strong>liberatus</strong></span> 
     </span>
    </p>
   </div>
   <div class='ocr_carea' id='block_1_29' title="bbox 941 492 1728 528">
    <p class='ocr_par' dir='ltr' id='par_1_29' title="bbox 941 492 1728 528">
     <span class='ocr_line' id='line_1_29' title="bbox 941 492 1728 528; baseline 0.008 -11"><span class='ocrx_word' id='word_1_172' title='bbox 941 499 956 517; x_wconf 91' lang='lat' dir='ltr'><strong>e</strong></span> <span class='ocrx_word' id='word_1_173' title='bbox 970 492 1062 524; x_wconf 87' lang='lat' dir='ltr'><strong>malis,</strong></span> <span class='ocrx_word' id='word_1_174' title='bbox 1084 499 1143 526; x_wconf 57' lang='lat' dir='ltr'><strong>qua</strong></span> <span class='ocrx_word' id='word_1_175' title='bbox 1162 493 1327 520; x_wconf 77' lang='lat' dir='ltr'><strong>inevitabilia</strong></span> <span class='ocrx_word' id='word_1_176' title='bbox 1357 494 1483 521; x_wconf 79' lang='lat' dir='ltr'><strong>videnlur</strong></span> <span class='ocrx_word' id='word_1_177' title='bbox 1498 496 1536 528; x_wconf 87' lang='lat' dir='ltr'><strong>(et</strong></span> <span class='ocrx_word' id='word_1_178' title='bbox 1552 504 1645 522; x_wconf 86' lang='lat' dir='ltr'><strong>eorum</strong></span> <span class='ocrx_word' id='word_1_179' title='bbox 1670 497 1728 523; x_wconf 90' lang='lat' dir='ltr'><strong>licri</strong></span> 
     </span>
    </p>
   </div>
   <div class='ocr_carea' id='block_1_30' title="bbox 943 538 1731 577">
    <p class='ocr_par' dir='ltr' id='par_1_30' title="bbox 943 538 1731 577">
     <span class='ocr_line' id='line_1_30' title="bbox 943 538 1731 577; baseline 0.006 -12"><span class='ocrx_word' id='word_1_180' title='bbox 943 542 968 565; x_wconf 78' lang='lat' dir='ltr'><strong>te</strong></span> <span class='ocrx_word' id='word_1_181' title='bbox 984 538 1153 573; x_wconf 75' lang='lat' dir='ltr'><strong>participem,</strong></span> <span class='ocrx_word' id='word_1_182' title='bbox 1184 547 1245 566; x_wconf 94' lang='lat' dir='ltr'><strong>cum</strong></span> <span class='ocrx_word' id='word_1_183' title='bbox 1264 541 1302 567; x_wconf 85' lang='lat' dir='ltr'><strong>sis</strong></span> <span class='ocrx_word' id='word_1_184' title='bbox 1318 542 1410 573; x_wconf 86' lang='lat' dir='ltr'><strong>homo,</strong></span> <span class='ocrx_word' id='word_1_185' title='bbox 1433 549 1544 568; x_wconf 80' lang='lat' dir='ltr'><strong>necesse</strong></span> <span class='ocrx_word' id='word_1_186' title='bbox 1560 548 1599 569; x_wconf 87' lang='lat' dir='ltr'><strong>est</strong></span> <span class='ocrx_word' id='word_1_187' title='bbox 1613 543 1634 577; x_wconf 89' lang='lat'><strong>),</strong></span> <span class='ocrx_word' id='word_1_188' title='bbox 1653 543 1731 570; x_wconf 89' lang='lat' dir='ltr'><strong>indo-</strong></span> 
     </span>
    </p>
   </div>
   <div class='ocr_carea' id='block_1_31' title="bbox 943 585 1722 622">
    <p class='ocr_par' dir='ltr' id='par_1_31' title="bbox 943 585 1722 622">
     <span class='ocr_line' id='line_1_31' title="bbox 943 585 1722 622; baseline 0.008 -11"><span class='ocrx_word' id='word_1_189' title='bbox 943 585 977 612; x_wconf 87' lang='lat' dir='ltr'><strong>lis</strong></span> <span class='ocrx_word' id='word_1_190' title='bbox 989 589 1015 612; x_wconf 89' lang='lat' dir='ltr'><strong>et</strong></span> <span class='ocrx_word' id='word_1_191' title='bbox 1031 585 1133 622; x_wconf 80' lang='lat' dir='ltr'><strong>ingenii</strong></span> <span class='ocrx_word' id='word_1_192' title='bbox 1153 585 1341 620; x_wconf 80' lang='lat' dir='ltr'><strong>magnitudine</strong></span> <span class='ocrx_word' id='word_1_193' title='bbox 1357 594 1471 622; x_wconf 79' lang='lat' dir='ltr'><strong>regnum</strong></span> <span class='ocrx_word' id='word_1_194' title='bbox 1486 588 1588 615; x_wconf 79' lang='lat' dir='ltr'><strong>florens</strong></span> <span class='ocrx_word' id='word_1_195' title='bbox 1608 589 1722 617; x_wconf 69' lang='lat' dir='ltr'><strong>efficias.</strong></span> 
     </span>
    </p>
   </div>
   <div class='ocr_carea' id='block_1_32' title="bbox 1305 632 1362 660">
    <p class='ocr_par' dir='ltr' id='par_1_32' title="bbox 1305 632 1362 660">
     <span class='ocr_line' id='line_1_32' title="bbox 1305 632 1362 660; baseline 0 -1"><span class='ocrx_word' id='word_1_196' title='bbox 1305 632 1362 660; x_wconf 78' lang='lat' dir='ltr'><strong>LX.</strong></span> 
     </span>
    </p>
   </div>
   <div class='ocr_carea' id='block_1_33' title="bbox 978 676 1730 715">
    <p class='ocr_par' dir='ltr' id='par_1_33' title="bbox 978 676 1730 715">
     <span class='ocr_line' id='line_1_33' title="bbox 978 676 1730 715; baseline 0.005 -12"><span class='ocrx_word' id='word_1_197' title='bbox 978 676 1094 704; x_wconf 89' lang='lat' dir='ltr'><strong>Tradam</strong></span> <span class='ocrx_word' id='word_1_198' title='bbox 1112 678 1171 711; x_wconf 87' lang='lat' dir='ltr'><strong>tibi,</strong></span> <span class='ocrx_word' id='word_1_199' title='bbox 1191 680 1262 713; x_wconf 89' lang='lat' dir='ltr'><strong>quod</strong></span> <span class='ocrx_word' id='word_1_200' title='bbox 1281 687 1356 714; x_wconf 81' lang='lat' dir='ltr'><strong>agas,</strong></span> <span class='ocrx_word' id='word_1_201' title='bbox 1370 687 1464 707; x_wconf 88' lang='lat' dir='ltr'><strong>eorum</strong></span> <span class='ocrx_word' id='word_1_202' title='bbox 1483 687 1568 713; x_wconf 88' lang='lat' dir='ltr'><strong>more,</strong></span> <span class='ocrx_word' id='word_1_203' title='bbox 1589 681 1634 715; x_wconf 90' lang='lat' dir='ltr'><strong>qni</strong></span> <span class='ocrx_word' id='word_1_204' title='bbox 1665 689 1730 707; x_wconf 89' lang='lat' dir='ltr'><strong>cur-</strong></span> 
     </span>
    </p>
   </div>
   <div class='ocr_carea' id='block_1_34' title="bbox 944 723 1729 761">
    <p class='ocr_par' dir='ltr' id='par_1_34' title="bbox 944 723 1729 761">
     <span class='ocr_line' id='line_1_34' title="bbox 944 723 1729 761; baseline 0.005 -12"><span class='ocrx_word' id='word_1_205' title='bbox 944 728 1034 750; x_wconf 86' lang='lat' dir='ltr'><strong>rentes</strong></span> <span class='ocrx_word' id='word_1_206' title='bbox 1052 723 1177 757; x_wconf 87' lang='lat' dir='ltr'><strong>incitant,</strong></span> <span class='ocrx_word' id='word_1_207' title='bbox 1190 730 1220 752; x_wconf 88' lang='lat' dir='ltr'><strong>ut</strong></span> <span class='ocrx_word' id='word_1_208' title='bbox 1231 725 1269 751; x_wconf 91' lang='lat' dir='ltr'><strong>ait</strong></span> <span class='ocrx_word' id='word_1_209' title='bbox 1281 725 1367 753; x_wconf 83' lang='lat' dir='ltr'><strong>Plato.</strong></span> <span class='ocrx_word' id='word_1_210' title='bbox 1389 725 1537 758; x_wconf 83' lang='lat' dir='ltr'><strong>Maledicus</strong></span> <span class='ocrx_word' id='word_1_211' title='bbox 1563 734 1625 761; x_wconf 82' lang='lat' dir='ltr'><strong>erga</strong></span> <span class='ocrx_word' id='word_1_212' title='bbox 1645 728 1729 753; x_wconf 88' lang='lat' dir='ltr'><strong>nemi-</strong></span> 
     </span>
    </p>
   </div>
   <div class='ocr_carea' id='block_1_35' title="bbox 945 769 1728 807">
    <p class='ocr_par' dir='ltr' id='par_1_35' title="bbox 945 769 1728 807">
     <span class='ocr_line' id='line_1_35' title="bbox 945 769 1728 807; baseline 0.006 -13"><span class='ocrx_word' id='word_1_213' title='bbox 945 776 1006 794; x_wconf 87' lang='lat' dir='ltr'><strong>nem</strong></span> <span class='ocrx_word' id='word_1_214' title='bbox 1027 769 1121 799; x_wconf 83' lang='lat' dir='ltr'><strong>lueris,</strong></span> <span class='ocrx_word' id='word_1_215' title='bbox 1149 769 1297 798; x_wconf 66' lang='lat' dir='ltr'><strong>iracundia:</strong></span> <span class='ocrx_word' id='word_1_216' title='bbox 1328 771 1451 798; x_wconf 84' lang='lat' dir='ltr'><strong>serviens</strong></span> <span class='ocrx_word' id='word_1_217' title='bbox 1474 777 1519 798; x_wconf 84' lang='lat' dir='ltr'><strong>aut</strong></span> <span class='ocrx_word' id='word_1_218' title='bbox 1548 773 1728 807; x_wconf 76' lang='lat' dir='ltr'><strong>gratificans:</strong></span> 
     </span>
    </p>
   </div>
   <div class='ocr_carea' id='block_1_36' title="bbox 946 814 1729 851">
    <p class='ocr_par' dir='ltr' id='par_1_36' title="bbox 946 814 1729 851">
     <span class='ocr_line' id='line_1_36' title="bbox 946 814 1729 851; baseline 0.008 -12"><span class='ocrx_word' id='word_1_219' title='bbox 946 821 1014 841; x_wconf 91' lang='lat' dir='ltr'><strong>neve</strong></span> <span class='ocrx_word' id='word_1_220' title='bbox 1037 815 1223 843; x_wconf 64' lang='lat' dir='ltr'><strong>contumeliis</strong></span> <span class='ocrx_word' id='word_1_221' title='bbox 1240 814 1388 851; x_wconf 78' lang='lat' dir='ltr'><strong>exagitaris</strong></span> <span class='ocrx_word' id='word_1_222' title='bbox 1415 817 1553 844; x_wconf 87' lang='lat' dir='ltr'><strong>hominem</strong></span> <span class='ocrx_word' id='word_1_223' title='bbox 1580 818 1729 848; x_wconf 78' lang='lat' dir='ltr'><strong>infelicem.</strong></span> 
     </span>
    </p>
   </div>
   <div class='ocr_carea' id='block_1_37' title="bbox 946 860 1731 897">
    <p class='ocr_par' dir='ltr' id='par_1_37' title="bbox 946 860 1731 897">
     <span class='ocr_line' id='line_1_37' title="bbox 946 860 1731 897; baseline 0.006 -12"><span class='ocrx_word' id='word_1_224' title='bbox 946 860 1185 887; x_wconf 81' lang='lat' dir='ltr'><strong>commiseratione</strong></span> <span class='ocrx_word' id='word_1_225' title='bbox 1218 862 1330 895; x_wconf 78' lang='lat' dir='ltr'><strong>dignum</strong></span> <span class='ocrx_word' id='word_1_226' title='bbox 1362 862 1462 896; x_wconf 85' lang='lat' dir='ltr'><strong>potius,</strong></span> <span class='ocrx_word' id='word_1_227' title='bbox 1479 863 1506 890; x_wconf 84' lang='lat' dir='ltr'><strong>si</strong></span> <span class='ocrx_word' id='word_1_228' title='bbox 1533 863 1595 897; x_wconf 87' lang='lat' dir='ltr'><strong>quis</strong></span> <span class='ocrx_word' id='word_1_229' title='bbox 1626 869 1731 890; x_wconf 74' lang='lat' dir='ltr'><strong>natura:</strong></span> 
     </span>
    </p>
   </div>
   <div class='ocr_carea' id='block_1_38' title="bbox 947 907 1730 944">
    <p class='ocr_par' dir='ltr' id='par_1_38' title="bbox 947 907 1730 944">
     <span class='ocr_line' id='line_1_38' title="bbox 947 907 1730 944; baseline 0.006 -13"><span class='ocrx_word' id='word_1_230' title='bbox 947 907 1101 933; x_wconf 87' lang='lat' dir='ltr'><strong>communis</strong></span> <span class='ocrx_word' id='word_1_231' title='bbox 1130 907 1264 935; x_wconf 63' lang='lat' dir='ltr'><strong>oblivisci&#39;</strong></span> <span class='ocrx_word' id='word_1_232' title='bbox 1285 908 1363 935; x_wconf 80' lang='lat' dir='ltr'><strong>nolit.</strong></span> <span class='ocrx_word' id='word_1_233' title='bbox 1389 909 1476 935; x_wconf 81' lang='lat' dir='ltr'><strong>Etiam</strong></span> <span class='ocrx_word' id='word_1_234' title='bbox 1501 909 1535 935; x_wconf 85' lang='lat' dir='ltr'><strong>de</strong></span> <span class='ocrx_word' id='word_1_235' title='bbox 1561 910 1730 944; x_wconf 82' lang='lat' dir='ltr'><strong>sapientibus</strong></span> 
     </span>
    </p>
   </div>
   <div class='ocr_carea' id='block_1_39' title="bbox 946 952 1729 986">
    <p class='ocr_par' dir='ltr' id='par_1_39' title="bbox 946 952 1729 986">
     <span class='ocr_line' id='line_1_39' title="bbox 946 952 1729 986; baseline 0.005 -8"><span class='ocrx_word' id='word_1_236' title='bbox 946 952 1072 978; x_wconf 79' lang='lat' dir='ltr'><strong>extrariis</strong></span> <span class='ocrx_word' id='word_1_237' title='bbox 1081 952 1188 986; x_wconf 89' lang='lat' dir='ltr'><strong>quidam</strong></span> <span class='ocrx_word' id='word_1_238' title='bbox 1198 954 1278 985; x_wconf 85' lang='lat' dir='ltr'><strong>dixit,</strong></span> <span class='ocrx_word' id='word_1_239' title='bbox 1288 954 1513 982; x_wconf 72' lang='lat' dir='ltr'><strong>contumeliosam</strong></span> <span class='ocrx_word' id='word_1_240' title='bbox 1524 955 1729 982; x_wconf 74' lang='lat' dir='ltr'><strong>insectationem</strong></span> 
     </span>
    </p>
   </div>
   <div class='ocr_carea' id='block_1_40' title="bbox 947 998 1729 1035">
    <p class='ocr_par' dir='ltr' id='par_1_40' title="bbox 947 998 1729 1035">
     <span class='ocr_line' id='line_1_40' title="bbox 947 998 1729 1035; baseline 0.005 -12"><span class='ocrx_word' id='word_1_241' title='bbox 947 1005 1000 1023; x_wconf 91' lang='lat' dir='ltr'><strong>non</strong></span> <span class='ocrx_word' id='word_1_242' title='bbox 1015 998 1054 1024; x_wconf 90' lang='lat' dir='ltr'><strong>eis</strong></span> <span class='ocrx_word' id='word_1_243' title='bbox 1068 999 1175 1025; x_wconf 86' lang='lat' dir='ltr'><strong>crimini</strong></span> <span class='ocrx_word' id='word_1_244' title='bbox 1192 999 1263 1031; x_wconf 90' lang='lat' dir='ltr'><strong>dari,</strong></span> <span class='ocrx_word' id='word_1_245' title='bbox 1280 1001 1325 1034; x_wconf 88' lang='lat' dir='ltr'><strong>qui</strong></span> <span class='ocrx_word' id='word_1_246' title='bbox 1347 1000 1498 1033; x_wconf 81' lang='lat' dir='ltr'><strong>patiantur,</strong></span> <span class='ocrx_word' id='word_1_247' title='bbox 1517 1002 1563 1027; x_wconf 83' lang='lat' dir='ltr'><strong>sed</strong></span> <span class='ocrx_word' id='word_1_248' title='bbox 1582 1001 1649 1035; x_wconf 81' lang='lat' dir='ltr'><strong>ipsis</strong></span> <span class='ocrx_word' id='word_1_249' title='bbox 1665 1009 1729 1027; x_wconf 80' lang='lat' dir='ltr'><strong>auc-</strong></span> 
     </span>
    </p>
   </div>
   <div class='ocr_carea' id='block_1_41' title="bbox 948 1043 1728 1080">
    <p class='ocr_par' dir='ltr' id='par_1_41' title="bbox 948 1043 1728 1080">
     <span class='ocr_line' id='line_1_41' title="bbox 948 1043 1728 1080; baseline 0.005 -11"><span class='ocrx_word' id='word_1_250' title='bbox 948 1044 1065 1071; x_wconf 82' lang='lat' dir='ltr'><strong>toribus.</strong></span> <span class='ocrx_word' id='word_1_251' title='bbox 1081 1043 1151 1076; x_wconf 87' lang='lat' dir='ltr'><strong>Quin</strong></span> <span class='ocrx_word' id='word_1_252' title='bbox 1166 1050 1192 1071; x_wconf 90' lang='lat' dir='ltr'><strong>et</strong></span> <span class='ocrx_word' id='word_1_253' title='bbox 1209 1045 1280 1077; x_wconf 85' lang='lat' dir='ltr'><strong>illos,</strong></span> <span class='ocrx_word' id='word_1_254' title='bbox 1297 1046 1397 1080; x_wconf 88' lang='lat' dir='ltr'><strong>quibus</strong></span> <span class='ocrx_word' id='word_1_255' title='bbox 1413 1046 1466 1072; x_wconf 88' lang='lat' dir='ltr'><strong>hoc</strong></span> <span class='ocrx_word' id='word_1_256' title='bbox 1477 1047 1570 1073; x_wconf 72' lang='lat' dir='ltr'><strong>vitium</strong></span> <span class='ocrx_word' id='word_1_257' title='bbox 1597 1047 1728 1080; x_wconf 86' lang='lat' dir='ltr'><strong>voluptati</strong></span> 
     </span>
    </p>
   </div>
   <div class='ocr_carea' id='block_1_42' title="bbox 947 1088 1720 1124">
    <p class='ocr_par' dir='ltr' id='par_1_42' title="bbox 947 1088 1720 1124">
     <span class='ocr_line' id='line_1_42' title="bbox 947 1088 1720 1124; baseline 0.003 -10"><span class='ocrx_word' id='word_1_258' title='bbox 947 1095 998 1119; x_wconf 87' lang='lat' dir='ltr'><strong>est,</strong></span> <span class='ocrx_word' id='word_1_259' title='bbox 1017 1088 1118 1123; x_wconf 90' lang='lat' dir='ltr'><strong>quique</strong></span> <span class='ocrx_word' id='word_1_260' title='bbox 1136 1089 1278 1124; x_wconf 84' lang='lat' dir='ltr'><strong>frequente</strong></span> <span class='ocrx_word' id='word_1_261' title='bbox 1291 1090 1425 1117; x_wconf 84' lang='lat' dir='ltr'><strong>cachinno</strong></span> <span class='ocrx_word' id='word_1_262' title='bbox 1441 1090 1572 1117; x_wconf 77' lang='lat' dir='ltr'><strong>fratribus</strong></span> <span class='ocrx_word' id='word_1_263' title='bbox 1587 1090 1720 1117; x_wconf 79' lang='lat' dir='ltr'><strong>insultant</strong></span> 
     </span>
    </p>
   </div>
   <div class='ocr_carea' id='block_1_43' title="bbox 951 1135 1729 1168">
    <p class='ocr_par' dir='ltr' id='par_1_43' title="bbox 951 1135 1729 1168">
     <span class='ocr_line' id='line_1_43' title="bbox 951 1135 1729 1168; baseline 0.004 -9"><span class='ocrx_word' id='word_1_264' title='bbox 951 1135 990 1160; x_wconf 77' lang='lat' dir='ltr'><strong>vel</strong></span> <span class='ocrx_word' id='word_1_265' title='bbox 1009 1136 1171 1168; x_wconf 68' lang='lat' dir='ltr'><strong>persuadere</strong></span> <span class='ocrx_word' id='word_1_266' title='bbox 1184 1136 1278 1168; x_wconf 80' lang='lat' dir='ltr'><strong>debes,</strong></span> <span class='ocrx_word' id='word_1_267' title='bbox 1291 1137 1324 1163; x_wconf 88' lang='lat' dir='ltr'><strong>ab</strong></span> <span class='ocrx_word' id='word_1_268' title='bbox 1339 1137 1390 1163; x_wconf 91' lang='lat' dir='ltr'><strong>hoc</strong></span> <span class='ocrx_word' id='word_1_269' title='bbox 1399 1137 1437 1163; x_wconf 89' lang='lat' dir='ltr'><strong>uti</strong></span> <span class='ocrx_word' id='word_1_270' title='bbox 1452 1137 1548 1163; x_wconf 90' lang='lat' dir='ltr'><strong>morbo</strong></span> <span class='ocrx_word' id='word_1_271' title='bbox 1564 1137 1729 1167; x_wconf 78' lang='lat' dir='ltr'><strong>abstineant,</strong></span> 
     </span>
    </p>
   </div>
   <div class='ocr_carea' id='block_1_44' title="bbox 950 1179 1730 1216">
    <p class='ocr_par' dir='ltr' id='par_1_44' title="bbox 950 1179 1730 1216">
     <span class='ocr_line' id='line_1_44' title="bbox 950 1179 1730 1216; baseline 0.004 -11"><span class='ocrx_word' id='word_1_272' title='bbox 950 1179 991 1206; x_wconf 87' lang='lat' dir='ltr'><strong>vel</strong></span> <span class='ocrx_word' id='word_1_273' title='bbox 1007 1181 1118 1207; x_wconf 89' lang='lat' dir='ltr'><strong>omnino</strong></span> <span class='ocrx_word' id='word_1_274' title='bbox 1139 1181 1205 1208; x_wconf 89' lang='lat' dir='ltr'><strong>dare</strong></span> <span class='ocrx_word' id='word_1_275' title='bbox 1219 1189 1342 1216; x_wconf 89' lang='lat' dir='ltr'><strong>operam,</strong></span> <span class='ocrx_word' id='word_1_276' title='bbox 1358 1186 1388 1209; x_wconf 94' lang='lat' dir='ltr'><strong>ut</strong></span> <span class='ocrx_word' id='word_1_277' title='bbox 1404 1190 1452 1210; x_wconf 89' lang='lat' dir='ltr'><strong>eos</strong></span> <span class='ocrx_word' id='word_1_278' title='bbox 1470 1190 1485 1209; x_wconf 94' lang='lat' dir='ltr'><strong>a</strong></span> <span class='ocrx_word' id='word_1_279' title='bbox 1511 1182 1632 1210; x_wconf 84' lang='lat' dir='ltr'><strong>facinore</strong></span> <span class='ocrx_word' id='word_1_280' title='bbox 1650 1189 1730 1209; x_wconf 85' lang='lat' dir='ltr'><strong>coer-</strong></span> 
     </span>
    </p>
   </div>
   <div class='ocr_carea' id='block_1_45' title="bbox 105 1217 1730 1264">
    <p class='ocr_par' dir='ltr' id='par_1_45' title="bbox 105 1217 1730 1264">
     <span class='ocr_line' id='line_1_45' title="bbox 105 1217 1730 1264; baseline 0.007 -20"><span class='ocrx_word' id='word_1_281' title='bbox 105 1224 184 1245; x_wconf 87' lang='lat' dir='ltr'><strong>ceas.</strong></span> <span class='ocrx_word' id='word_1_282' title='bbox 200 1217 267 1244; x_wconf 88' lang='lat' dir='ltr'><strong>Nam</strong></span> <span class='ocrx_word' id='word_1_283' title='bbox 284 1223 310 1246; x_wconf 85' lang='lat' dir='ltr'><strong>et</strong></span> <span class='ocrx_word' id='word_1_284' title='bbox 327 1219 378 1246; x_wconf 90' lang='lat' dir='ltr'><strong>hoc</strong></span> <span class='ocrx_word' id='word_1_285' title='bbox 394 1220 461 1247; x_wconf 88' lang='lat' dir='ltr'><strong>vitio</strong></span> <span class='ocrx_word' id='word_1_286' title='bbox 479 1220 589 1248; x_wconf 83' lang='lat' dir='ltr'><strong>dabitur</strong></span> <span class='ocrx_word' id='word_1_287' title='bbox 604 1222 653 1254; x_wconf 88' lang='lat' dir='ltr'><strong>illi,</strong></span> <span class='ocrx_word' id='word_1_288' title='bbox 667 1223 785 1256; x_wconf 91' lang='lat' dir='ltr'><strong>quicum</strong></span> <span class='ocrx_word' id='word_1_289' title='bbox 797 1228 932 1259; x_wconf 80' lang='lat' dir='ltr'><strong>potestate</strong></span> <span class='ocrx_word' id='word_1_290' title='bbox 944 1231 998 1259; x_wconf 87' lang='lat' dir='ltr'><strong>cst,</strong></span> <span class='ocrx_word' id='word_1_291' title='bbox 1015 1228 1049 1259; x_wconf 83' lang='lat' dir='ltr'><strong>si.</strong></span> <span class='ocrx_word' id='word_1_292' title='bbox 1087 1236 1148 1255; x_wconf 89' lang='lat' dir='ltr'><strong>cum</strong></span> <span class='ocrx_word' id='word_1_293' title='bbox 1174 1228 1292 1256; x_wconf 88' lang='lat' dir='ltr'><strong>aliorum</strong></span> <span class='ocrx_word' id='word_1_294' title='bbox 1327 1229 1452 1257; x_wconf 89' lang='lat' dir='ltr'><strong>inhibere</strong></span> <span class='ocrx_word' id='word_1_295' title='bbox 1473 1229 1540 1257; x_wconf 88' lang='lat' dir='ltr'><strong>vitia</strong></span> <span class='ocrx_word' id='word_1_296' title='bbox 1566 1228 1662 1264; x_wconf 81' lang='lat' dir='ltr'><strong>possit.</strong></span> <span class='ocrx_word' id='word_1_297' title='bbox 1699 1237 1730 1256; x_wconf 87' lang='lat' dir='ltr'><strong>ca</strong></span> 
     </span>
    </p>
   </div>
   <div class='ocr_carea' id='block_1_46' title="bbox 107 1264 442 1298">
    <p class='ocr_par' dir='ltr' id='par_1_46' title="bbox 107 1264 442 1298">
     <span class='ocr_line' id='line_1_46' title="bbox 107 1264 442 1298; baseline 0.003 -7"><span class='ocrx_word' id='word_1_298' title='bbox 107 1264 197 1291; x_wconf 85' lang='lat' dir='ltr'><strong>libere</strong></span> <span class='ocrx_word' id='word_1_299' title='bbox 210 1265 337 1298; x_wconf 81' lang='lat' dir='ltr'><strong>progredi</strong></span> <span class='ocrx_word' id='word_1_300' title='bbox 361 1265 442 1292; x_wconf 82' lang='lat' dir='ltr'><strong>sinat.</strong></span> 
     </span>
    </p>
   </div>
   <div class='ocr_carea' id='block_1_47' title="bbox 471 1312 532 1340">
    <p class='ocr_par' dir='ltr' id='par_1_47' title="bbox 471 1312 532 1340">
     <span class='ocr_line' id='line_1_47' title="bbox 471 1312 532 1340; baseline 0.033 -2"><span class='ocrx_word' id='word_1_301' title='bbox 471 1312 532 1340; x_wconf 66' lang='grc' dir='ltr'><strong>ΞΝ.</strong></span> 
     </span>
    </p>
   </div>
   <div class='ocr_carea' id='block_1_48' title="bbox 145 1358 894 1393">
    <p class='ocr_par' dir='ltr' id='par_1_48' title="bbox 145 1358 894 1393">
     <span class='ocr_line' id='line_1_48' title="bbox 145 1358 894 1393; baseline 0.005 -9"><span class='ocrx_word' id='word_1_302' title='bbox 145 1359 195 1384; x_wconf 60' lang='grc' dir='ltr'>Σὺν</span> <span class='ocrx_word' id='word_1_303' title='bbox 211 1359 244 1384; x_wconf 76' lang='grc' dir='ltr'>ἂν</span> <span class='ocrx_word' id='word_1_304' title='bbox 261 1358 305 1392; x_wconf 76' lang='grc' dir='ltr'>εἴη</span> <span class='ocrx_word' id='word_1_305' title='bbox 319 1358 432 1385; x_wconf 73' lang='grc' dir='ltr'>κάκεῖνο</span> <span class='ocrx_word' id='word_1_306' title='bbox 448 1360 592 1393; x_wconf 65' lang='grc' dir='ltr'>πράττειν,</span> <span class='ocrx_word' id='word_1_307' title='bbox 608 1359 655 1385; x_wconf 76' lang='grc' dir='ltr'><strong>καὶ</strong></span> <span class='ocrx_word' id='word_1_308' title='bbox 670 1361 771 1392; x_wconf 78' lang='grc' dir='ltr'>παντὸς</span> <span class='ocrx_word' id='word_1_309' title='bbox 788 1361 894 1388; x_wconf 79' lang='grc' dir='ltr'>ἐθέλον-</span> 
     </span>
    </p>
   </div>
   <div class='ocr_carea' id='block_1_49' title="bbox 109 1405 897 1441">
    <p class='ocr_par' dir='ltr' id='par_1_49' title="bbox 109 1405 897 1441">
     <span class='ocr_line' id='line_1_49' title="bbox 109 1405 897 1441; baseline 0.005 -11"><span class='ocrx_word' id='word_1_310' title='bbox 109 1413 156 1436; x_wconf 74' lang='grc' dir='ltr'><strong>τος</strong></span> <span class='ocrx_word' id='word_1_311' title='bbox 172 1405 277 1440; x_wconf 79' lang='grc' dir='ltr'>ἄρχειν,</span> <span class='ocrx_word' id='word_1_312' title='bbox 292 1405 388 1440; x_wconf 78' lang='grc' dir='ltr'>κιρνᾷν</span> <span class='ocrx_word' id='word_1_313' title='bbox 400 1406 460 1436; x_wconf 81' lang='grc' dir='ltr'>ταῖς</span> <span class='ocrx_word' id='word_1_314' title='bbox 473 1405 589 1439; x_wconf 79' lang='grc' dir='ltr'>δωρεαῖς</span> <span class='ocrx_word' id='word_1_315' title='bbox 603 1407 775 1441; x_wconf 82' lang='grc' dir='ltr'>άστειότητα,</span> <span class='ocrx_word' id='word_1_316' title='bbox 792 1408 836 1433; x_wconf 79' lang='grc' dir='ltr'>καὶ</span> <span class='ocrx_word' id='word_1_317' title='bbox 849 1417 897 1434; x_wconf 87' lang='grc' dir='ltr'>τα-</span> 
     </span>
    </p>
   </div>
   <div class='ocr_carea' id='block_1_50' title="bbox 110 1451 898 1491">
    <p class='ocr_par' dir='ltr' id='par_1_50' title="bbox 110 1451 898 1491">
     <span class='ocr_line' id='line_1_50' title="bbox 110 1451 898 1491; baseline 0.005 -15"><span class='ocrx_word' id='word_1_318' title='bbox 110 1451 210 1485; x_wconf 84' lang='grc' dir='ltr'>χύτητι</span> <span class='ocrx_word' id='word_1_319' title='bbox 227 1452 373 1477; x_wconf 82' lang='grc' dir='ltr'>συνάπτειν</span> <span class='ocrx_word' id='word_1_320' title='bbox 389 1451 485 1481; x_wconf 85' lang='grc' dir='ltr'>αὐταῖς</span> <span class='ocrx_word' id='word_1_321' title='bbox 501 1451 532 1477; x_wconf 83' lang='grc' dir='ltr'><strong>τὺ</strong></span> <span class='ocrx_word' id='word_1_322' title='bbox 548 1451 646 1489; x_wconf 76' lang='grc' dir='ltr'>πέρας,</span> <span class='ocrx_word' id='word_1_323' title='bbox 660 1452 709 1490; x_wconf 68' lang='grc' dir='ltr'>ἱση</span> <span class='ocrx_word' id='word_1_324' title='bbox 723 1453 834 1491; x_wconf 54' lang='lat' dir='ltr'><strong>suam};</strong></span> <span class='ocrx_word' id='word_1_325' title='bbox 852 1456 898 1482; x_wconf 76' lang='grc' dir='ltr'><strong>Δεῖ</strong></span> 
     </span>
    </p>
   </div>
   <div class='ocr_carea' id='block_1_51' title="bbox 110 1496 896 1535">
    <p class='ocr_par' dir='ltr' id='par_1_51' title="bbox 110 1496 896 1535">
     <span class='ocr_line' id='line_1_51' title="bbox 110 1496 896 1535; baseline 0.005 -12"><span class='ocrx_word' id='word_1_326' title='bbox 110 1497 138 1523; x_wconf 83' lang='grc' dir='ltr'><strong>δὲ</strong></span> <span class='ocrx_word' id='word_1_327' title='bbox 157 1497 256 1532; x_wconf 84' lang='grc' dir='ltr'>μέτρον</span> <span class='ocrx_word' id='word_1_328' title='bbox 268 1496 361 1527; x_wconf 81' lang='grc' dir='ltr'>αὐτοῖς</span> <span class='ocrx_word' id='word_1_329' title='bbox 374 1496 511 1534; x_wconf 68' lang='grc' dir='ltr'>μιγνύναι,</span> <span class='ocrx_word' id='word_1_330' title='bbox 523 1501 556 1535; x_wconf 84' lang='grc' dir='ltr'><strong>τῇ</strong></span> <span class='ocrx_word' id='word_1_331' title='bbox 573 1502 606 1535; x_wconf 84' lang='grc' dir='ltr'><strong>σῇ</strong></span> <span class='ocrx_word' id='word_1_332' title='bbox 618 1500 734 1535; x_wconf 80' lang='grc' dir='ltr'>δυνάμει</span> <span class='ocrx_word' id='word_1_333' title='bbox 747 1502 896 1535; x_wconf 73' lang='grc' dir='ltr'>συμϐαῖνον</span> 
     </span>
    </p>
   </div>
   <div class='ocr_carea' id='block_1_52' title="bbox 111 1542 896 1581">
    <p class='ocr_par' dir='ltr' id='par_1_52' title="bbox 111 1542 896 1581">
     <span class='ocr_line' id='line_1_52' title="bbox 111 1542 896 1581; baseline 0.001 -10"><span class='ocrx_word' id='word_1_334' title='bbox 111 1542 158 1568; x_wconf 81' lang='grc' dir='ltr'>καὶ</span> <span class='ocrx_word' id='word_1_335' title='bbox 171 1543 226 1572; x_wconf 78' lang='grc' dir='ltr'>τοῖς</span> <span class='ocrx_word' id='word_1_336' title='bbox 242 1542 448 1581; x_wconf 54' lang='grc' dir='ltr'>ὲτμιτηλόεύμασι,</span> <span class='ocrx_word' id='word_1_337' title='bbox 466 1546 513 1572; x_wconf 85' lang='grc' dir='ltr'>καὶ</span> <span class='ocrx_word' id='word_1_338' title='bbox 535 1546 660 1581; x_wconf 81' lang='grc' dir='ltr'>ποιότησι</span> <span class='ocrx_word' id='word_1_339' title='bbox 676 1546 730 1572; x_wconf 83' lang='grc' dir='ltr'><strong>τῶν</strong></span> <span class='ocrx_word' id='word_1_340' title='bbox 745 1547 896 1581; x_wconf 72' lang='grc' dir='ltr'>δεχομένων</span> 
     </span>
    </p>
   </div>
   <div class='ocr_carea' id='block_1_53' title="bbox 112 1588 896 1626">
    <p class='ocr_par' dir='ltr' id='par_1_53' title="bbox 112 1588 896 1626">
     <span class='ocr_line' id='line_1_53' title="bbox 112 1588 896 1626; baseline -0.003 -8"><span class='ocrx_word' id='word_1_341' title='bbox 112 1588 162 1626; x_wconf 63' lang='grc' dir='ltr'>τὴν</span> <span class='ocrx_word' id='word_1_342' title='bbox 175 1589 265 1626; x_wconf 80' lang='grc' dir='ltr'>χάριν.</span> <span class='ocrx_word' id='word_1_343' title='bbox 274 1591 318 1622; x_wconf 81' lang='grc' dir='ltr'>Ὠς</span> <span class='ocrx_word' id='word_1_344' title='bbox 331 1592 356 1617; x_wconf 82' lang='grc' dir='ltr'><strong>εί</strong></span> <span class='ocrx_word' id='word_1_345' title='bbox 372 1591 409 1626; x_wconf 85' lang='grc' dir='ltr'>μὴ</span> <span class='ocrx_word' id='word_1_346' title='bbox 423 1591 462 1625; x_wconf 82' lang='grc' dir='ltr'>τῷ</span> <span class='ocrx_word' id='word_1_347' title='bbox 474 1591 628 1626; x_wconf 79' lang='grc' dir='ltr'>γιγνομένῳ</span> <span class='ocrx_word' id='word_1_348' title='bbox 640 1591 696 1622; x_wconf 84' lang='grc' dir='ltr'>τοῖς</span> <span class='ocrx_word' id='word_1_349' title='bbox 711 1591 779 1618; x_wconf 82' lang='grc' dir='ltr'>ὃλοι;</span> <span class='ocrx_word' id='word_1_350' title='bbox 795 1591 896 1625; x_wconf 82' lang='grc' dir='ltr'>χρῷτο,</span> 
     </span>
    </p>
   </div>
   <div class='ocr_carea' id='block_1_54' title="bbox 112 1635 898 1672">
    <p class='ocr_par' dir='ltr' id='par_1_54' title="bbox 112 1635 898 1672">
     <span class='ocr_line' id='line_1_54' title="bbox 112 1635 898 1672; baseline -0.003 -9"><span class='ocrx_word' id='word_1_351' title='bbox 112 1637 171 1664; x_wconf 82' lang='grc' dir='ltr'>ἀλλ’</span> <span class='ocrx_word' id='word_1_352' title='bbox 187 1637 247 1672; x_wconf 71' lang='grc' dir='ltr'>ἢτοι</span> <span class='ocrx_word' id='word_1_353' title='bbox 259 1636 453 1672; x_wconf 72' lang='grc' dir='ltr'>ἀγροικότερον</span> <span class='ocrx_word' id='word_1_354' title='bbox 461 1644 502 1667; x_wconf 86' lang='grc' dir='ltr'><strong>τις</strong></span> <span class='ocrx_word' id='word_1_355' title='bbox 515 1635 664 1671; x_wconf 74' lang='grc' dir='ltr'>δωροῖτο,ἢ</span> <span class='ocrx_word' id='word_1_356' title='bbox 675 1636 719 1662; x_wconf 81' lang='grc' dir='ltr'>τὸν</span> <span class='ocrx_word' id='word_1_357' title='bbox 730 1638 826 1670; x_wconf 78' lang='grc' dir='ltr'>καιρὸν</span> <span class='ocrx_word' id='word_1_358' title='bbox 839 1636 898 1662; x_wconf 70' lang='grc' dir='ltr'>ἐνὸν</span> 
     </span>
    </p>
   </div>
   <div class='ocr_carea' id='block_1_55' title="bbox 113 1683 896 1719">
    <p class='ocr_par' dir='ltr' id='par_1_55' title="bbox 113 1683 896 1719">
     <span class='ocr_line' id='line_1_55' title="bbox 113 1683 896 1719; baseline -0.001 -8"><span class='ocrx_word' id='word_1_359' title='bbox 113 1685 269 1719; x_wconf 85' lang='grc' dir='ltr'>συντεμεῖν,</span> <span class='ocrx_word' id='word_1_360' title='bbox 294 1684 330 1710; x_wconf 84' lang='grc' dir='ltr'><strong>ὁδ’</strong></span> <span class='ocrx_word' id='word_1_361' title='bbox 349 1683 474 1718; x_wconf 80' lang='grc' dir='ltr'>ἐπίτηδες</span> <span class='ocrx_word' id='word_1_362' title='bbox 489 1684 667 1710; x_wconf 78' lang='grc' dir='ltr'>άναὸάλλοιτο</span> <span class='ocrx_word' id='word_1_363' title='bbox 678 1693 686 1699; x_wconf 88' lang='grc'><strong>·</strong></span> <span class='ocrx_word' id='word_1_364' title='bbox 711 1684 759 1710; x_wconf 76' lang='grc' dir='ltr'>καὶ</span> <span class='ocrx_word' id='word_1_365' title='bbox 773 1684 830 1718; x_wconf 80' lang='grc' dir='ltr'>δοίη</span> <span class='ocrx_word' id='word_1_366' title='bbox 847 1683 896 1718; x_wconf 85' lang='grc' dir='ltr'>μὲν</span> 
     </span>
    </p>
   </div>
   <div class='ocr_carea' id='block_1_56' title="bbox 113 1729 897 1765">
    <p class='ocr_par' dir='ltr' id='par_1_56' title="bbox 113 1729 897 1765">
     <span class='ocr_line' id='line_1_56' title="bbox 113 1729 897 1765; baseline 0 -9"><span class='ocrx_word' id='word_1_367' title='bbox 113 1731 184 1756; x_wconf 73' lang='grc' dir='ltr'>κύνα</span> <span class='ocrx_word' id='word_1_368' title='bbox 205 1730 243 1765; x_wconf 80' lang='grc' dir='ltr'><strong>τῷ</strong></span> <span class='ocrx_word' id='word_1_369' title='bbox 261 1729 390 1764; x_wconf 80' lang='grc' dir='ltr'>ναυτικῷ,</span> <span class='ocrx_word' id='word_1_370' title='bbox 411 1730 469 1764; x_wconf 82' lang='grc' dir='ltr'>δοίη</span> <span class='ocrx_word' id='word_1_371' title='bbox 492 1730 520 1756; x_wconf 74' lang='grc' dir='ltr'><strong>δὲ</strong></span> <span class='ocrx_word' id='word_1_372' title='bbox 538 1730 680 1765; x_wconf 81' lang='grc' dir='ltr'>θηρεύοντι</span> <span class='ocrx_word' id='word_1_373' title='bbox 706 1730 821 1765; x_wconf 82' lang='grc' dir='ltr'>κώπην·</span> <span class='ocrx_word' id='word_1_374' title='bbox 851 1730 897 1756; x_wconf 82' lang='grc' dir='ltr'>καὶ</span> 
     </span>
    </p>
   </div>
   <div class='ocr_carea' id='block_1_57' title="bbox 113 1774 897 1810">
    <p class='ocr_par' dir='ltr' id='par_1_57' title="bbox 113 1774 897 1810">
     <span class='ocr_line' id='line_1_57' title="bbox 113 1774 897 1810; baseline 0.003 -10"><span class='ocrx_word' id='word_1_375' title='bbox 113 1775 267 1810; x_wconf 80' lang='grc' dir='ltr'>στρατιώτῃ</span> <span class='ocrx_word' id='word_1_376' title='bbox 298 1774 348 1809; x_wconf 82' lang='grc' dir='ltr'>μὲν</span> <span class='ocrx_word' id='word_1_377' title='bbox 370 1776 469 1806; x_wconf 78' lang='grc' dir='ltr'>ἵππους</span> <span class='ocrx_word' id='word_1_378' title='bbox 486 1776 562 1808; x_wconf 78' lang='grc' dir='ltr'>δέκα,</span> <span class='ocrx_word' id='word_1_379' title='bbox 581 1776 710 1810; x_wconf 84' lang='grc' dir='ltr'>ιππάριον</span> <span class='ocrx_word' id='word_1_380' title='bbox 731 1775 760 1801; x_wconf 83' lang='grc' dir='ltr'><strong>δὲ</strong></span> <span class='ocrx_word' id='word_1_381' title='bbox 781 1776 897 1810; x_wconf 77' lang='grc' dir='ltr'>πονηρὸν</span> 
     </span>
    </p>
   </div>
   <div class='ocr_carea' id='block_1_58' title="bbox 112 1821 897 1856">
    <p class='ocr_par' dir='ltr' id='par_1_58' title="bbox 112 1821 897 1856">
     <span class='ocr_line' id='line_1_58' title="bbox 112 1821 897 1856; baseline 0.001 -11"><span class='ocrx_word' id='word_1_382' title='bbox 112 1821 151 1856; x_wconf 77' lang='grc' dir='ltr'>τῷ</span> <span class='ocrx_word' id='word_1_383' title='bbox 180 1822 357 1854; x_wconf 82' lang='grc' dir='ltr'>στρατιωτῶν</span> <span class='ocrx_word' id='word_1_384' title='bbox 379 1822 512 1855; x_wconf 77' lang='grc' dir='ltr'>ἡγεμόνι·</span> <span class='ocrx_word' id='word_1_385' title='bbox 531 1821 628 1856; x_wconf 68' lang='grc' dir='ltr'>ἄχαρις</span> <span class='ocrx_word' id='word_1_386' title='bbox 641 1823 657 1856; x_wconf 83' lang='grc' dir='ltr'>ἡ</span> <span class='ocrx_word' id='word_1_387' title='bbox 681 1822 760 1856; x_wconf 80' lang='grc' dir='ltr'>χάρις</span> <span class='ocrx_word' id='word_1_388' title='bbox 775 1821 832 1856; x_wconf 77' lang='grc' dir='ltr'>ἥδε,</span> <span class='ocrx_word' id='word_1_389' title='bbox 850 1821 897 1847; x_wconf 81' lang='grc' dir='ltr'>καὶ</span> 
     </span>
    </p>
   </div>
   <div class='ocr_carea' id='block_1_59' title="bbox 113 1864 668 1901">
    <p class='ocr_par' dir='ltr' id='par_1_59' title="bbox 113 1864 668 1901">
     <span class='ocr_line' id='line_1_59' title="bbox 113 1864 668 1901; baseline 0 -9"><span class='ocrx_word' id='word_1_390' title='bbox 113 1864 218 1901; x_wconf 69' lang='grc' dir='ltr'>βλάϐην</span> <span class='ocrx_word' id='word_1_391' title='bbox 231 1866 298 1892; x_wconf 81' lang='grc' dir='ltr'>οίσει</span> <span class='ocrx_word' id='word_1_392' title='bbox 315 1866 446 1901; x_wconf 76' lang='grc' dir='ltr'>μεγίστην</span> <span class='ocrx_word' id='word_1_393' title='bbox 461 1865 564 1891; x_wconf 76' lang='grc' dir='ltr'>πολλῶν</span> <span class='ocrx_word' id='word_1_394' title='bbox 576 1865 668 1892; x_wconf 73' lang='grc' dir='ltr'>ἕνεκα.</span> 
     </span>
    </p>
   </div>
   <div class='ocr_carea' id='block_1_60' title="bbox 480 2005 532 2034">
    <p class='ocr_par' dir='ltr' id='par_1_60' title="bbox 480 2005 532 2034">
     <span class='ocr_line' id='line_1_60' title="bbox 480 2005 532 2034; baseline 0.038 -2"><span class='ocrx_word' id='word_1_395' title='bbox 480 2005 532 2034; x_wconf 75' lang='grc' dir='ltr'><strong>ΞΒ’.</strong></span> 
     </span>
    </p>
   </div>
   <div class='ocr_carea' id='block_1_61' title="bbox 148 2051 898 2089">
    <p class='ocr_par' dir='ltr' id='par_1_61' title="bbox 148 2051 898 2089">
     <span class='ocr_line' id='line_1_61' title="bbox 148 2051 898 2089; baseline -0.001 -10"><span class='ocrx_word' id='word_1_396' title='bbox 148 2053 237 2089; x_wconf 86' lang='grc' dir='ltr'>Τριχῆ</span> <span class='ocrx_word' id='word_1_397' title='bbox 261 2052 307 2079; x_wconf 81' lang='grc' dir='ltr'>τοῦ</span> <span class='ocrx_word' id='word_1_398' title='bbox 324 2052 423 2087; x_wconf 81' lang='grc' dir='ltr'>χρόνον</span> <span class='ocrx_word' id='word_1_399' title='bbox 441 2051 634 2086; x_wconf 76' lang='grc' dir='ltr'>μεριζομένου,</span> <span class='ocrx_word' id='word_1_400' title='bbox 649 2052 688 2082; x_wconf 80' lang='lat' dir='ltr'><strong>si;</strong></span> <span class='ocrx_word' id='word_1_401' title='bbox 704 2051 834 2086; x_wconf 84' lang='grc' dir='ltr'>σήμερον,</span> <span class='ocrx_word' id='word_1_402' title='bbox 853 2052 898 2078; x_wconf 75' lang='grc' dir='ltr'>καὶ</span> 
     </span>
    </p>
   </div>
   <div class='ocr_carea' id='block_1_62' title="bbox 113 2097 897 2135">
    <p class='ocr_par' dir='ltr' id='par_1_62' title="bbox 113 2097 897 2135">
     <span class='ocr_line' id='line_1_62' title="bbox 113 2097 897 2135; baseline -0.005 -9"><span class='ocrx_word' id='word_1_403' title='bbox 113 2099 212 2135; x_wconf 75' lang='grc' dir='ltr'>αὔριον</span> <span class='ocrx_word' id='word_1_404' title='bbox 230 2099 277 2125; x_wconf 78' lang='grc' dir='ltr'>καὶ</span> <span class='ocrx_word' id='word_1_405' title='bbox 302 2098 376 2133; x_wconf 78' lang='grc' dir='ltr'>χθὲς,</span> <span class='ocrx_word' id='word_1_406' title='bbox 393 2097 468 2124; x_wconf 77' lang='grc' dir='ltr'>οὐδέν</span> <span class='ocrx_word' id='word_1_407' title='bbox 483 2106 515 2131; x_wconf 84' lang='grc' dir='ltr'><strong>γε</strong></span> <span class='ocrx_word' id='word_1_408' title='bbox 539 2098 622 2132; x_wconf 80' lang='grc' dir='ltr'>μέρος</span> <span class='ocrx_word' id='word_1_409' title='bbox 636 2097 740 2123; x_wconf 88' lang='grc' dir='ltr'>τούτων</span> <span class='ocrx_word' id='word_1_410' title='bbox 754 2097 897 2132; x_wconf 77' lang='grc' dir='ltr'>ἡμέτερον,</span> 
     </span>
    </p>
   </div>
   <div class='ocr_carea' id='block_1_63' title="bbox 115 2143 898 2178">
    <p class='ocr_par' dir='ltr' id='par_1_63' title="bbox 115 2143 898 2178">
     <span class='ocr_line' id='line_1_63' title="bbox 115 2143 898 2178; baseline -0.005 -6"><span class='ocrx_word' id='word_1_411' title='bbox 115 2145 290 2172; x_wconf 81' lang='grc' dir='ltr'>σκοπούντων</span> <span class='ocrx_word' id='word_1_412' title='bbox 302 2144 417 2175; x_wconf 76' lang='grc' dir='ltr'>τάληθὲς</span> <span class='ocrx_word' id='word_1_413' title='bbox 432 2144 626 2178; x_wconf 75' lang='grc' dir='ltr'>ἀκριόέστερον</span> <span class='ocrx_word' id='word_1_414' title='bbox 638 2151 645 2158; x_wconf 92' lang='grc'><strong>·</strong></span> <span class='ocrx_word' id='word_1_415' title='bbox 659 2143 689 2169; x_wconf 83' lang='grc' dir='ltr'><strong>τὺ</strong></span> <span class='ocrx_word' id='word_1_416' title='bbox 705 2144 754 2178; x_wconf 80' lang='grc' dir='ltr'>μὲν</span> <span class='ocrx_word' id='word_1_417' title='bbox 767 2144 821 2177; x_wconf 70' lang='grc' dir='ltr'><strong>γὰρ</strong></span> <span class='ocrx_word' id='word_1_418' title='bbox 834 2143 898 2178; x_wconf 81' lang='grc' dir='ltr'>χθὲς</span> 
     </span>
    </p>
   </div>
   <div class='ocr_carea' id='block_1_64' title="bbox 115 2188 898 2226">
    <p class='ocr_par' dir='ltr' id='par_1_64' title="bbox 115 2188 898 2226">
     <span class='ocr_line' id='line_1_64' title="bbox 115 2188 898 2226; baseline -0.004 -8"><span class='ocrx_word' id='word_1_419' title='bbox 115 2190 287 2226; x_wconf 83' lang='grc' dir='ltr'>παρελήλυθε</span> <span class='ocrx_word' id='word_1_420' title='bbox 300 2198 307 2205; x_wconf 88' lang='grc'><strong>·</strong></span> <span class='ocrx_word' id='word_1_421' title='bbox 323 2190 353 2216; x_wconf 84' lang='grc' dir='ltr'>τὸ</span> <span class='ocrx_word' id='word_1_422' title='bbox 364 2189 386 2216; x_wconf 85' lang='grc' dir='ltr'><strong>δ’</strong></span> <span class='ocrx_word' id='word_1_423' title='bbox 399 2189 494 2224; x_wconf 76' lang='grc' dir='ltr'>αὔριον</span> <span class='ocrx_word' id='word_1_424' title='bbox 507 2188 584 2216; x_wconf 75' lang='grc' dir='ltr'>οὔπω</span> <span class='ocrx_word' id='word_1_425' title='bbox 594 2189 689 2223; x_wconf 85' lang='grc' dir='ltr'>γέγονε</span> <span class='ocrx_word' id='word_1_426' title='bbox 702 2198 708 2204; x_wconf 87' lang='grc'><strong>·</strong></span> <span class='ocrx_word' id='word_1_427' title='bbox 720 2189 751 2216; x_wconf 78' lang='grc' dir='ltr'>τὸ</span> <span class='ocrx_word' id='word_1_428' title='bbox 765 2190 898 2224; x_wconf 85' lang='grc' dir='ltr'>σήμερον,</span> 
     </span>
    </p>
   </div>
   <div class='ocr_carea' id='block_1_65' title="bbox 114 2235 890 2271">
    <p class='ocr_par' dir='ltr' id='par_1_65' title="bbox 114 2235 890 2271">
     <span class='ocr_line' id='line_1_65' title="bbox 114 2235 890 2271; baseline -0.004 -8"><span class='ocrx_word' id='word_1_429' title='bbox 114 2239 142 2263; x_wconf 77' lang='grc' dir='ltr'>ὲν</span> <span class='ocrx_word' id='word_1_430' title='bbox 156 2235 179 2271; x_wconf 83' lang='grc' dir='ltr'><strong>ᾧ</strong></span> <span class='ocrx_word' id='word_1_431' title='bbox 193 2237 326 2271; x_wconf 82' lang='grc' dir='ltr'>δοκοῦμεν</span> <span class='ocrx_word' id='word_1_432' title='bbox 349 2235 483 2270; x_wconf 83' lang='grc' dir='ltr'>ίδρύοθαι,</span> <span class='ocrx_word' id='word_1_433' title='bbox 498 2237 533 2261; x_wconf 66' lang='grc' dir='ltr'><strong>τὰ.</strong></span> <span class='ocrx_word' id='word_1_434' title='bbox 547 2235 595 2261; x_wconf 80' lang='grc' dir='ltr'>τοῦ</span> <span class='ocrx_word' id='word_1_435' title='bbox 616 2235 820 2270; x_wconf 74' lang='grc' dir='ltr'>θαυματοποιοῦ</span> <span class='ocrx_word' id='word_1_436' title='bbox 835 2236 890 2261; x_wconf 62' lang='lat' dir='ltr'><strong>Alt-</strong></span> 
     </span>
    </p>
   </div>
   <div class='ocr_carea' id='block_1_66' title="bbox 115 2281 897 2317">
    <p class='ocr_par' dir='ltr' id='par_1_66' title="bbox 115 2281 897 2317">
     <span class='ocr_line' id='line_1_66' title="bbox 115 2281 897 2317; baseline -0.006 -7"><span class='ocrx_word' id='word_1_437' title='bbox 115 2284 195 2311; x_wconf 82' lang='grc' dir='ltr'>δάλου</span> <span class='ocrx_word' id='word_1_438' title='bbox 213 2284 388 2317; x_wconf 78' lang='grc' dir='ltr'>τεχνάσματα</span> <span class='ocrx_word' id='word_1_439' title='bbox 406 2283 445 2313; x_wconf 79' lang='grc' dir='ltr'><strong>είς</strong></span> <span class='ocrx_word' id='word_1_440' title='bbox 464 2281 617 2316; x_wconf 77' lang='grc' dir='ltr'>ὑπερϐολὴν</span> <span class='ocrx_word' id='word_1_441' title='bbox 632 2282 742 2316; x_wconf 79' lang='grc' dir='ltr'>ἀπάτης</span> <span class='ocrx_word' id='word_1_442' title='bbox 757 2282 897 2315; x_wconf 71' lang='grc' dir='ltr'>ὑπερήλα-</span> 
     </span>
    </p>
   </div>
   <div class='ocr_carea' id='block_1_67' title="bbox 117 2327 937 2376">
    <p class='ocr_par' dir='ltr' id='par_1_67' title="bbox 117 2327 937 2376">
     <span class='ocr_line' id='line_1_67' title="bbox 117 2327 937 2376; baseline -0.005 -20"><span class='ocrx_word' id='word_1_443' title='bbox 117 2339 172 2356; x_wconf 84' lang='grc' dir='ltr'>σεν.</span> <span class='ocrx_word' id='word_1_444' title='bbox 194 2330 239 2356; x_wconf 82' lang='grc' dir='ltr'>Ἑν</span> <span class='ocrx_word' id='word_1_445' title='bbox 258 2329 313 2364; x_wconf 81' lang='grc' dir='ltr'><strong>γὰρ</strong></span> <span class='ocrx_word' id='word_1_446' title='bbox 329 2328 428 2362; x_wconf 83' lang='grc' dir='ltr'>ἀκαρεῖ</span> <span class='ocrx_word' id='word_1_447' title='bbox 443 2329 491 2362; x_wconf 79' lang='grc' dir='ltr'>τῆς</span> <span class='ocrx_word' id='word_1_448' title='bbox 508 2327 583 2362; x_wconf 73' lang='grc' dir='ltr'>ὥρας</span> <span class='ocrx_word' id='word_1_449' title='bbox 596 2327 764 2362; x_wconf 86' lang='grc' dir='ltr'>τεμνόμενον</span> <span class='ocrx_word' id='word_1_450' title='bbox 779 2327 898 2362; x_wconf 71' lang='grc' dir='ltr'>διαρρεῖ,</span> <span class='ocrx_word' id='word_1_451' title='bbox 916 2349 937 2376; x_wconf 73' lang='lat' dir='ltr'><strong>D</strong></span> 
     </span>
    </p>
   </div>
   <div class='ocr_carea' id='block_1_68' title="bbox 117 2373 899 2411">
    <p class='ocr_par' dir='ltr' id='par_1_68' title="bbox 117 2373 899 2411">
     <span class='ocr_line' id='line_1_68' title="bbox 117 2373 899 2411; baseline -0.005 -9"><span class='ocrx_word' id='word_1_452' title='bbox 117 2376 277 2411; x_wconf 74' lang='grc' dir='ltr'>κρατεῖσθαι</span> <span class='ocrx_word' id='word_1_453' title='bbox 293 2374 482 2409; x_wconf 67' lang='grc' dir='ltr'>νομιζόμενον,</span> <span class='ocrx_word' id='word_1_454' title='bbox 498 2375 545 2398; x_wconf 74' lang='grc' dir='ltr'>καὶ</span> <span class='ocrx_word' id='word_1_455' title='bbox 560 2373 734 2399; x_wconf 83' lang='grc' dir='ltr'>διολισθαίνει</span> <span class='ocrx_word' id='word_1_456' title='bbox 752 2373 835 2407; x_wconf 67' lang='grc' dir='ltr'>πρινὴ</span> <span class='ocrx_word' id='word_1_457' title='bbox 850 2380 899 2398; x_wconf 75' lang='grc' dir='ltr'>κοι-</span> 
     </span>
    </p>
   </div>
   <div class='ocr_carea' id='block_1_69' title="bbox 117 2418 898 2454">
    <p class='ocr_par' dir='ltr' id='par_1_69' title="bbox 117 2418 898 2454">
     <span class='ocr_line' id='line_1_69' title="bbox 117 2418 898 2454; baseline -0.004 -8"><span class='ocrx_word' id='word_1_458' title='bbox 117 2421 170 2451; x_wconf 84' lang='grc' dir='ltr'><strong>λώς</strong></span> <span class='ocrx_word' id='word_1_459' title='bbox 185 2420 327 2454; x_wconf 79' lang='grc' dir='ltr'>νοηθῆναι.</span> <span class='ocrx_word' id='word_1_460' title='bbox 340 2420 395 2446; x_wconf 71' lang='grc' dir='ltr'><strong>Καὶ</strong></span> <span class='ocrx_word' id='word_1_461' title='bbox 410 2418 459 2453; x_wconf 80' lang='grc' dir='ltr'>μὲν</span> <span class='ocrx_word' id='word_1_462' title='bbox 470 2418 501 2454; x_wconf 83' lang='grc' dir='ltr'><strong>δὴ</strong></span> <span class='ocrx_word' id='word_1_463' title='bbox 515 2418 618 2453; x_wconf 78' lang='grc' dir='ltr'>βέλτιον</span> <span class='ocrx_word' id='word_1_464' title='bbox 632 2418 806 2453; x_wconf 75' lang='grc' dir='ltr'>ἀπολαύομεν</span> <span class='ocrx_word' id='word_1_465' title='bbox 819 2418 898 2444; x_wconf 84' lang='grc' dir='ltr'>ἐνίων</span> 
     </span>
    </p>
   </div>
   <div class='ocr_carea' id='block_1_70' title="bbox 118 2464 900 2499">
    <p class='ocr_par' dir='ltr' id='par_1_70' title="bbox 118 2464 900 2499">
     <span class='ocr_line' id='line_1_70' title="bbox 118 2464 900 2499; baseline -0.005 -7"><span class='ocrx_word' id='word_1_466' title='bbox 118 2466 304 2499; x_wconf 73' lang='grc' dir='ltr'>ιλπιζομένων</span> <span class='ocrx_word' id='word_1_467' title='bbox 321 2465 336 2499; x_wconf 81' lang='grc' dir='ltr'><strong>ἦ</strong></span> <span class='ocrx_word' id='word_1_468' title='bbox 352 2465 419 2498; x_wconf 78' lang='grc' dir='ltr'>πρὸς</span> <span class='ocrx_word' id='word_1_469' title='bbox 437 2465 510 2499; x_wconf 80' lang='grc' dir='ltr'>ἡμᾶς</span> <span class='ocrx_word' id='word_1_470' title='bbox 533 2465 787 2499; x_wconf 76' lang='grc' dir='ltr'>παραγιγνομένων,</span> <span class='ocrx_word' id='word_1_471' title='bbox 804 2464 900 2498; x_wconf 79' lang='grc' dir='ltr'>φεύγει</span> 
     </span>
    </p>
   </div>
   <div class='ocr_carea' id='block_1_71' title="bbox 118 2508 900 2544">
    <p class='ocr_par' dir='ltr' id='par_1_71' title="bbox 118 2508 900 2544">
     <span class='ocr_line' id='line_1_71' title="bbox 118 2508 900 2544; baseline -0.001 -9"><span class='ocrx_word' id='word_1_472' title='bbox 118 2510 171 2544; x_wconf 73' lang='grc' dir='ltr'>γὰρ</span> <span class='ocrx_word' id='word_1_473' title='bbox 191 2511 239 2544; x_wconf 85' lang='grc' dir='ltr'>τὴν</span> <span class='ocrx_word' id='word_1_474' title='bbox 255 2509 394 2543; x_wconf 74' lang='grc' dir='ltr'>αἴσθησιν,</span> <span class='ocrx_word' id='word_1_475' title='bbox 419 2510 472 2544; x_wconf 82' lang='grc' dir='ltr'>πρὸ</span> <span class='ocrx_word' id='word_1_476' title='bbox 489 2509 536 2535; x_wconf 80' lang='grc' dir='ltr'>τοῦ</span> <span class='ocrx_word' id='word_1_477' title='bbox 554 2509 659 2535; x_wconf 76' lang='grc' dir='ltr'>τελέσαι</span> <span class='ocrx_word' id='word_1_478' title='bbox 673 2510 707 2535; x_wconf 72' lang='grc' dir='ltr'><strong>τὰ</strong></span> <span class='ocrx_word' id='word_1_479' title='bbox 721 2510 781 2535; x_wconf 86' lang='grc' dir='ltr'>κατ’</span> <span class='ocrx_word' id='word_1_480' title='bbox 795 2508 900 2540; x_wconf 66' lang='grc' dir='ltr'>ἐλπίδα,</span> 
     </span>
    </p>
   </div>
   <div class='ocr_carea' id='block_1_72' title="bbox 118 2555 902 2591">
    <p class='ocr_par' dir='ltr' id='par_1_72' title="bbox 118 2555 902 2591">
     <span class='ocr_line' id='line_1_72' title="bbox 118 2555 902 2591; baseline 0 -10"><span class='ocrx_word' id='word_1_481' title='bbox 118 2556 165 2582; x_wconf 74' lang='grc' dir='ltr'>καὶ</span> <span class='ocrx_word' id='word_1_482' title='bbox 182 2556 260 2581; x_wconf 86' lang='grc' dir='ltr'><strong>λυπεί</strong></span> <span class='ocrx_word' id='word_1_483' title='bbox 274 2555 314 2589; x_wconf 87' lang='grc' dir='ltr'>τῷ</span> <span class='ocrx_word' id='word_1_484' title='bbox 326 2556 480 2588; x_wconf 69' lang='grc' dir='ltr'>άηοπτῆναι</span> <span class='ocrx_word' id='word_1_485' title='bbox 493 2555 582 2586; x_wconf 75' lang='grc' dir='ltr'>πλέον,</span> <span class='ocrx_word' id='word_1_486' title='bbox 599 2556 616 2591; x_wconf 79' lang='grc' dir='ltr'>ἢ</span> <span class='ocrx_word' id='word_1_487' title='bbox 630 2555 770 2590; x_wconf 75' lang='grc' dir='ltr'>χαρίζεται</span> <span class='ocrx_word' id='word_1_488' title='bbox 782 2556 820 2589; x_wconf 84' lang='grc' dir='ltr'>τῷ</span> <span class='ocrx_word' id='word_1_489' title='bbox 837 2563 902 2588; x_wconf 52' lang='lat' dir='ltr'><strong>cur-</strong></span> 
     </span>
    </p>
   </div>
   <div class='ocr_carea' id='block_1_73' title="bbox 118 2602 901 2637">
    <p class='ocr_par' dir='ltr' id='par_1_73' title="bbox 118 2602 901 2637">
     <span class='ocr_line' id='line_1_73' title="bbox 118 2602 901 2637; baseline 0.001 -10"><span class='ocrx_word' id='word_1_490' title='bbox 118 2602 266 2636; x_wconf 75' lang='grc' dir='ltr'>γεγονέναι,</span> <span class='ocrx_word' id='word_1_491' title='bbox 299 2602 407 2627; x_wconf 77' lang='grc' dir='ltr'>Μᾶλλον</span> <span class='ocrx_word' id='word_1_492' title='bbox 432 2602 460 2627; x_wconf 81' lang='grc' dir='ltr'>δὲ</span> <span class='ocrx_word' id='word_1_493' title='bbox 485 2603 521 2628; x_wconf 65' lang='grc' dir='ltr'>τὰ</span> <span class='ocrx_word' id='word_1_494' title='bbox 546 2602 605 2628; x_wconf 84' lang='grc' dir='ltr'>καθ’</span> <span class='ocrx_word' id='word_1_495' title='bbox 632 2604 704 2637; x_wconf 71' lang='grc' dir='ltr'>ἡμᾶς</span> <span class='ocrx_word' id='word_1_496' title='bbox 733 2603 848 2632; x_wconf 75' lang='grc' dir='ltr'>ἅπαντα,</span> <span class='ocrx_word' id='word_1_497' title='bbox 869 2603 901 2637; x_wconf 77' lang='grc' dir='ltr'>ἣν</span> 
     </span>
    </p>
   </div>
   <div class='ocr_carea' id='block_1_74' title="bbox 118 2648 901 2684">
    <p class='ocr_par' dir='ltr' id='par_1_74' title="bbox 118 2648 901 2684">
     <span class='ocr_line' id='line_1_74' title="bbox 118 2648 901 2684; baseline 0.001 -11"><span class='ocrx_word' id='word_1_498' title='bbox 118 2648 238 2683; x_wconf 74' lang='grc' dir='ltr'>ἁκριὸὦς</span> <span class='ocrx_word' id='word_1_499' title='bbox 266 2648 392 2683; x_wconf 81' lang='grc' dir='ltr'>θεωρήτῃ</span> <span class='ocrx_word' id='word_1_500' title='bbox 422 2657 475 2680; x_wconf 71' lang='grc' dir='ltr'>τις,</span> <span class='ocrx_word' id='word_1_501' title='bbox 507 2648 621 2683; x_wconf 80' lang='grc' dir='ltr'>ὀρνίθων</span> <span class='ocrx_word' id='word_1_502' title='bbox 642 2650 720 2684; x_wconf 76' lang='grc' dir='ltr'>δίκην</span> <span class='ocrx_word' id='word_1_503' title='bbox 743 2649 901 2684; x_wconf 76' lang='grc' dir='ltr'>πετομένων</span> 
     </span>
    </p>
   </div>
   <div class='ocr_carea' id='block_1_75' title="bbox 119 2695 901 2730">
    <p class='ocr_par' dir='ltr' id='par_1_75' title="bbox 119 2695 901 2730">
     <span class='ocr_line' id='line_1_75' title="bbox 119 2695 901 2730; baseline 0 -10"><span class='ocrx_word' id='word_1_504' title='bbox 119 2695 190 2728; x_wconf 79' lang='grc' dir='ltr'>ἡμᾶς</span> <span class='ocrx_word' id='word_1_505' title='bbox 202 2697 381 2729; x_wconf 81' lang='grc' dir='ltr'>παρέρχεται.</span> <span class='ocrx_word' id='word_1_506' title='bbox 397 2695 489 2720; x_wconf 82' lang='grc' dir='ltr'>Καίτοι</span> <span class='ocrx_word' id='word_1_507' title='bbox 502 2696 548 2720; x_wconf 78' lang='grc' dir='ltr'>καὶ</span> <span class='ocrx_word' id='word_1_508' title='bbox 562 2696 639 2730; x_wconf 62' lang='grc' dir='ltr'><strong>ήμεῖέ</strong></span> <span class='ocrx_word' id='word_1_509' title='bbox 651 2696 719 2721; x_wconf 73' lang='grc' dir='ltr'>αὐτὰ</span> <span class='ocrx_word' id='word_1_510' title='bbox 731 2703 818 2729; x_wconf 75' lang='grc' dir='ltr'>παρατ</span> <span class='ocrx_word' id='word_1_511' title='bbox 825 2695 901 2729; x_wconf 79' lang='grc' dir='ltr'>ριέχο-</span> 
     </span>
    </p>
   </div>
   <div class='ocr_carea' id='block_1_76' title="bbox 122 2740 900 2775">
    <p class='ocr_par' dir='ltr' id='par_1_76' title="bbox 122 2740 900 2775">
     <span class='ocr_line' id='line_1_76' title="bbox 122 2740 900 2775; baseline 0.003 -11"><span class='ocrx_word' id='word_1_512' title='bbox 122 2747 180 2772; x_wconf 78' lang='grc' dir='ltr'>μεν,</span> <span class='ocrx_word' id='word_1_513' title='bbox 193 2740 323 2773; x_wconf 81' lang='grc' dir='ltr'>διηνεκῶς</span> <span class='ocrx_word' id='word_1_514' title='bbox 336 2740 405 2774; x_wconf 66' lang='grc' dir='ltr'>ἡμᾶς</span> <span class='ocrx_word' id='word_1_515' title='bbox 421 2740 637 2775; x_wconf 71' lang='grc' dir='ltr'>παρατρέχοντσ.</span> <span class='ocrx_word' id='word_1_516' title='bbox 652 2742 707 2767; x_wconf 70' lang='lat' dir='ltr'><strong>K11</strong></span> <span class='ocrx_word' id='word_1_517' title='bbox 720 2741 749 2766; x_wconf 76' lang='grc' dir='ltr'>τὸ</span> <span class='ocrx_word' id='word_1_518' title='bbox 765 2741 832 2766; x_wconf 68' lang='grc' dir='ltr'>πολὺ</span> <span class='ocrx_word' id='word_1_519' title='bbox 845 2741 900 2766; x_wconf 84' lang='grc' dir='ltr'>δει-</span> 
     </span>
    </p>
   </div>
   <div class='ocr_carea' id='block_1_77' title="bbox 119 2786 899 2822">
    <p class='ocr_par' dir='ltr' id='par_1_77' title="bbox 119 2786 899 2822">
     <span class='ocr_line' id='line_1_77' title="bbox 119 2786 899 2822; baseline 0.001 -11"><span class='ocrx_word' id='word_1_520' title='bbox 119 2786 239 2818; x_wconf 72' lang='grc' dir='ltr'>νότατον,</span> <span class='ocrx_word' id='word_1_521' title='bbox 266 2787 441 2821; x_wconf 73' lang='grc' dir='ltr'>ἁνετεινόητος</span> <span class='ocrx_word' id='word_1_522' title='bbox 463 2788 479 2822; x_wconf 84' lang='grc' dir='ltr'><strong>ἠ</strong></span> <span class='ocrx_word' id='word_1_523' title='bbox 503 2787 656 2822; x_wconf 63' lang='grc' dir='ltr'>διόρθωσις.</span> <span class='ocrx_word' id='word_1_524' title='bbox 671 2787 755 2822; x_wconf 75' lang='grc' dir='ltr'><strong>Νόμῳ</strong></span> <span class='ocrx_word' id='word_1_525' title='bbox 774 2788 827 2822; x_wconf 77' lang='grc' dir='ltr'><strong>γὰρ</strong></span> <span class='ocrx_word' id='word_1_526' title='bbox 848 2786 899 2821; x_wconf 69' lang='grc' dir='ltr'><strong>φύ-</strong></span> 
     </span>
    </p>
   </div>
   <div class='ocr_carea' id='block_1_78' title="bbox 120 2833 900 2869">
    <p class='ocr_par' dir='ltr' id='par_1_78' title="bbox 120 2833 900 2869">
     <span class='ocr_line' id='line_1_78' title="bbox 120 2833 900 2869; baseline 0.003 -12"><span class='ocrx_word' id='word_1_527' title='bbox 120 2839 186 2863; x_wconf 78' lang='grc' dir='ltr'>σεως</span> <span class='ocrx_word' id='word_1_528' title='bbox 201 2833 334 2866; x_wconf 81' lang='grc' dir='ltr'>γίγνεται.</span> <span class='ocrx_word' id='word_1_529' title='bbox 352 2833 418 2860; x_wconf 75' lang='grc' dir='ltr'>Σκιὰ</span> <span class='ocrx_word' id='word_1_530' title='bbox 433 2833 466 2859; x_wconf 78' lang='grc' dir='ltr'>τὰ</span> <span class='ocrx_word' id='word_1_531' title='bbox 482 2834 556 2868; x_wconf 78' lang='grc' dir='ltr'>τῇδε,</span> <span class='ocrx_word' id='word_1_532' title='bbox 575 2834 651 2869; x_wconf 73' lang='grc' dir='ltr'>ὖναρ,</span> <span class='ocrx_word' id='word_1_533' title='bbox 670 2835 780 2866; x_wconf 70' lang='grc' dir='ltr'>καπνὸς,</span> <span class='ocrx_word' id='word_1_534' title='bbox 797 2834 900 2868; x_wconf 67' lang='grc' dir='ltr'>ἀπάτη.</span> 
     </span>
    </p>
   </div>
   <div class='ocr_carea' id='block_1_79' title="bbox 1308 1318 1377 1346">
    <p class='ocr_par' dir='ltr' id='par_1_79' title="bbox 1308 1318 1377 1346">
     <span class='ocr_line' id='line_1_79' title="bbox 1308 1318 1377 1346; baseline 0.014 -1"><span class='ocrx_word' id='word_1_535' title='bbox 1308 1318 1377 1346; x_wconf 84' lang='lat' dir='ltr'><strong>LXI.</strong></span> 
     </span>
    </p>
   </div>
   <div class='ocr_carea' id='block_1_80' title="bbox 985 1362 1729 1404">
    <p class='ocr_par' dir='ltr' id='par_1_80' title="bbox 985 1362 1729 1404">
     <span class='ocr_line' id='line_1_80' title="bbox 985 1362 1729 1404; baseline 0.001 -14"><span class='ocrx_word' id='word_1_536' title='bbox 985 1362 1058 1390; x_wconf 86' lang='lat' dir='ltr'><strong>Velle</strong></span> <span class='ocrx_word' id='word_1_537' title='bbox 1077 1363 1158 1391; x_wconf 87' lang='lat' dir='ltr'><strong>debes</strong></span> <span class='ocrx_word' id='word_1_538' title='bbox 1176 1363 1226 1392; x_wconf 90' lang='lat' dir='ltr'><strong>hoc</strong></span> <span class='ocrx_word' id='word_1_539' title='bbox 1241 1372 1353 1400; x_wconf 87' lang='lat' dir='ltr'><strong>quoque</strong></span> <span class='ocrx_word' id='word_1_540' title='bbox 1366 1369 1423 1391; x_wconf 92' lang='lat' dir='ltr'><strong>tum</strong></span> <span class='ocrx_word' id='word_1_541' title='bbox 1440 1364 1497 1399; x_wconf 90' lang='lat' dir='ltr'><strong>ipse</strong></span> <span class='ocrx_word' id='word_1_542' title='bbox 1514 1369 1656 1404; x_wconf 62' lang='lat' dir='ltr'><strong>praestare,</strong></span> <span class='ocrx_word' id='word_1_543' title='bbox 1674 1368 1729 1392; x_wconf 85' lang='lat' dir='ltr'><strong>tum</strong></span> 
     </span>
    </p>
   </div>
   <div class='ocr_carea' id='block_1_81' title="bbox 948 1409 1731 1446">
    <p class='ocr_par' dir='ltr' id='par_1_81' title="bbox 948 1409 1731 1446">
     <span class='ocr_line' id='line_1_81' title="bbox 948 1409 1731 1446; baseline 0.001 -10"><span class='ocrx_word' id='word_1_544' title='bbox 948 1409 1074 1446; x_wconf 84' lang='lat' dir='ltr'><strong>quisquis</strong></span> <span class='ocrx_word' id='word_1_545' title='bbox 1085 1409 1224 1445; x_wconf 85' lang='lat' dir='ltr'><strong>imperare</strong></span> <span class='ocrx_word' id='word_1_546' title='bbox 1250 1411 1361 1445; x_wconf 78' lang='lat' dir='ltr'><strong>cogitat,</strong></span> <span class='ocrx_word' id='word_1_547' title='bbox 1391 1415 1420 1437; x_wconf 89' lang='lat' dir='ltr'><strong>ut</strong></span> <span class='ocrx_word' id='word_1_548' title='bbox 1436 1411 1595 1437; x_wconf 87' lang='lat' dir='ltr'><strong>muneribus</strong></span> <span class='ocrx_word' id='word_1_549' title='bbox 1628 1411 1731 1438; x_wconf 84' lang='lat' dir='ltr'><strong>urbana</strong></span> 
     </span>
    </p>
   </div>
   <div class='ocr_carea' id='block_1_82' title="bbox 949 1457 1732 1493">
    <p class='ocr_par' dir='ltr' id='par_1_82' title="bbox 949 1457 1732 1493">
     <span class='ocr_line' id='line_1_82' title="bbox 949 1457 1732 1493; baseline -0.001 -9"><span class='ocrx_word' id='word_1_550' title='bbox 949 1457 1073 1493; x_wconf 59' lang='lat' dir='ltr'><strong>quaedam</strong></span> <span class='ocrx_word' id='word_1_551' title='bbox 1100 1458 1286 1484; x_wconf 87' lang='lat' dir='ltr'><strong>admisceatur</strong></span> <span class='ocrx_word' id='word_1_552' title='bbox 1326 1457 1451 1489; x_wconf 82' lang='lat' dir='ltr'><strong>comitas,</strong></span> <span class='ocrx_word' id='word_1_553' title='bbox 1477 1457 1589 1492; x_wconf 80' lang='lat' dir='ltr'><strong>ipsaque</strong></span> <span class='ocrx_word' id='word_1_554' title='bbox 1612 1457 1732 1490; x_wconf 78' lang='lat' dir='ltr'><strong>largitio,</strong></span> 
     </span>
    </p>
   </div>
   <div class='ocr_carea' id='block_1_83' title="bbox 949 1502 1732 1538">
    <p class='ocr_par' dir='ltr' id='par_1_83' title="bbox 949 1502 1732 1538">
     <span class='ocr_line' id='line_1_83' title="bbox 949 1502 1732 1538; baseline 0 -8"><span class='ocrx_word' id='word_1_555' title='bbox 949 1508 1049 1538; x_wconf 90' lang='lat' dir='ltr'><strong>quanta</strong></span> <span class='ocrx_word' id='word_1_556' title='bbox 1065 1503 1123 1531; x_wconf 81' lang='lat' dir='ltr'><strong>fieri</strong></span> <span class='ocrx_word' id='word_1_557' title='bbox 1144 1504 1260 1530; x_wconf 81' lang='lat' dir='ltr'><strong>maxima</strong></span> <span class='ocrx_word' id='word_1_558' title='bbox 1278 1502 1418 1530; x_wconf 88' lang='lat' dir='ltr'><strong>celeritate</strong></span> <span class='ocrx_word' id='word_1_559' title='bbox 1444 1507 1544 1537; x_wconf 85' lang='lat' dir='ltr'><strong>potest,</strong></span> <span class='ocrx_word' id='word_1_560' title='bbox 1567 1503 1601 1530; x_wconf 90' lang='lat' dir='ltr'><strong>ad</strong></span> <span class='ocrx_word' id='word_1_561' title='bbox 1629 1503 1732 1530; x_wconf 81' lang='lat' dir='ltr'><strong>exitum</strong></span> 
     </span>
    </p>
   </div>
   <div class='ocr_carea' id='block_1_84' title="bbox 950 1548 1733 1584">
    <p class='ocr_par' dir='ltr' id='par_1_84' title="bbox 950 1548 1733 1584">
     <span class='ocr_line' id='line_1_84' title="bbox 950 1548 1733 1584; baseline -0.003 -7"><span class='ocrx_word' id='word_1_562' title='bbox 950 1549 1122 1584; x_wconf 81' lang='lat' dir='ltr'><strong>perducatur.</strong></span> <span class='ocrx_word' id='word_1_563' title='bbox 1143 1548 1238 1576; x_wconf 79' lang='lat' dir='ltr'><strong>Modus</strong></span> <span class='ocrx_word' id='word_1_564' title='bbox 1250 1549 1351 1575; x_wconf 84' lang='lat' dir='ltr'><strong>eisdem</strong></span> <span class='ocrx_word' id='word_1_565' title='bbox 1366 1548 1553 1580; x_wconf 84' lang='lat' dir='ltr'><strong>adhibendus,</strong></span> <span class='ocrx_word' id='word_1_566' title='bbox 1568 1549 1615 1584; x_wconf 90' lang='lat' dir='ltr'><strong>qui</strong></span> <span class='ocrx_word' id='word_1_567' title='bbox 1627 1549 1733 1576; x_wconf 81' lang='lat' dir='ltr'><strong>viribus</strong></span> 
     </span>
    </p>
   </div>
   <div class='ocr_carea' id='block_1_85' title="bbox 950 1593 1733 1628">
    <p class='ocr_par' dir='ltr' id='par_1_85' title="bbox 950 1593 1733 1628">
     <span class='ocr_line' id='line_1_85' title="bbox 950 1593 1733 1628; baseline 0 -7"><span class='ocrx_word' id='word_1_568' title='bbox 950 1595 1006 1621; x_wconf 88' lang='lat' dir='ltr'><strong>tuis</strong></span> <span class='ocrx_word' id='word_1_569' title='bbox 1020 1594 1174 1626; x_wconf 87' lang='lat' dir='ltr'><strong>conveniat,</strong></span> <span class='ocrx_word' id='word_1_570' title='bbox 1197 1601 1229 1620; x_wconf 90' lang='lat' dir='ltr'><strong>ac</strong></span> <span class='ocrx_word' id='word_1_571' title='bbox 1249 1593 1466 1628; x_wconf 79' lang='lat' dir='ltr'><strong>professionibus</strong></span> <span class='ocrx_word' id='word_1_572' title='bbox 1494 1598 1521 1620; x_wconf 89' lang='lat' dir='ltr'><strong>et</strong></span> <span class='ocrx_word' id='word_1_573' title='bbox 1553 1594 1733 1628; x_wconf 87' lang='lat' dir='ltr'><strong>qualitatibus</strong></span> 
     </span>
    </p>
   </div>
   <div class='ocr_carea' id='block_1_86' title="bbox 951 1639 1733 1674">
    <p class='ocr_par' dir='ltr' id='par_1_86' title="bbox 951 1639 1733 1674">
     <span class='ocr_line' id='line_1_86' title="bbox 951 1639 1733 1674; baseline 0.001 -8"><span class='ocrx_word' id='word_1_574' title='bbox 951 1647 1056 1672; x_wconf 87' lang='lat' dir='ltr'><strong>eorum,</strong></span> <span class='ocrx_word' id='word_1_575' title='bbox 1078 1639 1124 1674; x_wconf 91' lang='lat' dir='ltr'><strong>qui</strong></span> <span class='ocrx_word' id='word_1_576' title='bbox 1152 1640 1253 1666; x_wconf 88' lang='lat' dir='ltr'><strong>donum</strong></span> <span class='ocrx_word' id='word_1_577' title='bbox 1282 1640 1430 1673; x_wconf 81' lang='lat' dir='ltr'><strong>accipiunt.</strong></span> <span class='ocrx_word' id='word_1_578' title='bbox 1463 1640 1568 1674; x_wconf 84' lang='lat' dir='ltr'><strong>Quippe</strong></span> <span class='ocrx_word' id='word_1_579' title='bbox 1594 1640 1645 1666; x_wconf 89' lang='lat' dir='ltr'><strong>nisi</strong></span> <span class='ocrx_word' id='word_1_580' title='bbox 1672 1641 1733 1674; x_wconf 84' lang='lat' dir='ltr'><strong>quis</strong></span> 
     </span>
    </p>
   </div>
   <div class='ocr_carea' id='block_1_87' title="bbox 951 1685 1734 1719">
    <p class='ocr_par' dir='ltr' id='par_1_87' title="bbox 951 1685 1734 1719">
     <span class='ocr_line' id='line_1_87' title="bbox 951 1685 1734 1719; baseline 0.001 -7"><span class='ocrx_word' id='word_1_581' title='bbox 951 1686 1063 1713; x_wconf 87' lang='lat' dir='ltr'><strong>omnino</strong></span> <span class='ocrx_word' id='word_1_582' title='bbox 1080 1693 1109 1712; x_wconf 85' lang='lat' dir='ltr'><strong>se</strong></span> <span class='ocrx_word' id='word_1_583' title='bbox 1124 1685 1192 1719; x_wconf 86' lang='lat' dir='ltr'><strong>gerit</strong></span> <span class='ocrx_word' id='word_1_584' title='bbox 1208 1693 1241 1712; x_wconf 83' lang='lat' dir='ltr'><strong>ex</strong></span> <span class='ocrx_word' id='word_1_585' title='bbox 1257 1685 1361 1712; x_wconf 83' lang='lat' dir='ltr'><strong>ratione</strong></span> <span class='ocrx_word' id='word_1_586' title='bbox 1386 1686 1488 1717; x_wconf 90' lang='lat' dir='ltr'><strong>dec0ri,</strong></span> <span class='ocrx_word' id='word_1_587' title='bbox 1510 1686 1556 1712; x_wconf 84' lang='lat' dir='ltr'><strong>sed</strong></span> <span class='ocrx_word' id='word_1_588' title='bbox 1584 1686 1624 1712; x_wconf 80' lang='lat' dir='ltr'><strong>vel</strong></span> <span class='ocrx_word' id='word_1_589' title='bbox 1641 1694 1734 1719; x_wconf 51' lang='lat' dir='ltr'><strong>agree»</strong></span> 
     </span>
    </p>
   </div>
   <div class='ocr_carea' id='block_1_88' title="bbox 951 1731 1734 1766">
    <p class='ocr_par' dir='ltr' id='par_1_88' title="bbox 951 1731 1734 1766">
     <span class='ocr_line' id='line_1_88' title="bbox 951 1731 1734 1766; baseline 0 -8"><span class='ocrx_word' id='word_1_590' title='bbox 951 1732 1005 1759; x_wconf 88' lang='lat' dir='ltr'><strong>tius</strong></span> <span class='ocrx_word' id='word_1_591' title='bbox 1020 1732 1114 1764; x_wconf 91' lang='lat' dir='ltr'><strong>donat,</strong></span> <span class='ocrx_word' id='word_1_592' title='bbox 1128 1731 1170 1758; x_wconf 91' lang='lat' dir='ltr'><strong>vcl</strong></span> <span class='ocrx_word' id='word_1_593' title='bbox 1187 1739 1248 1758; x_wconf 91' lang='lat' dir='ltr'><strong>cum</strong></span> <span class='ocrx_word' id='word_1_594' title='bbox 1261 1736 1368 1766; x_wconf 89' lang='lat' dir='ltr'><strong>tempus</strong></span> <span class='ocrx_word' id='word_1_595' title='bbox 1380 1731 1542 1758; x_wconf 89' lang='lat' dir='ltr'><strong>imminuere</strong></span> <span class='ocrx_word' id='word_1_596' title='bbox 1559 1731 1665 1761; x_wconf 80' lang='lat' dir='ltr'><strong>liceret.</strong></span> <span class='ocrx_word' id='word_1_597' title='bbox 1676 1731 1734 1766; x_wconf 91' lang='lat' dir='ltr'><strong>ipse</strong></span> 
     </span>
    </p>
   </div>
   <div class='ocr_carea' id='block_1_89' title="bbox 950 1776 1732 1810">
    <p class='ocr_par' dir='ltr' id='par_1_89' title="bbox 950 1776 1732 1810">
     <span class='ocr_line' id='line_1_89' title="bbox 950 1776 1732 1810; baseline 0.001 -7"><span class='ocrx_word' id='word_1_598' title='bbox 950 1777 983 1804; x_wconf 85' lang='lat' dir='ltr'><strong>de</strong></span> <span class='ocrx_word' id='word_1_599' title='bbox 997 1776 1130 1804; x_wconf 83' lang='lat' dir='ltr'><strong>industria</strong></span> <span class='ocrx_word' id='word_1_600' title='bbox 1144 1784 1199 1803; x_wconf 88' lang='lat' dir='ltr'><strong>rem</strong></span> <span class='ocrx_word' id='word_1_601' title='bbox 1213 1777 1332 1803; x_wconf 79' lang='lat' dir='ltr'><strong>extrahit</strong></span> <span class='ocrx_word' id='word_1_602' title='bbox 1350 1785 1357 1809; x_wconf 88' lang='lat'>;</span> <span class='ocrx_word' id='word_1_603' title='bbox 1375 1784 1406 1803; x_wconf 89' lang='lat' dir='ltr'><strong>ac</strong></span> <span class='ocrx_word' id='word_1_604' title='bbox 1424 1781 1512 1804; x_wconf 76' lang='lat' dir='ltr'><strong>nauta:</strong></span> <span class='ocrx_word' id='word_1_605' title='bbox 1525 1784 1620 1804; x_wconf 83' lang='lat' dir='ltr'><strong>canem</strong></span> <span class='ocrx_word' id='word_1_606' title='bbox 1640 1777 1732 1810; x_wconf 80' lang='lat' dir='ltr'><strong>oﬂ&#39;ert,</strong></span> 
     </span>
    </p>
   </div>
   <div class='ocr_carea' id='block_1_90' title="bbox 949 1822 1732 1857">
    <p class='ocr_par' dir='ltr' id='par_1_90' title="bbox 949 1822 1732 1857">
     <span class='ocr_line' id='line_1_90' title="bbox 949 1822 1732 1857; baseline 0 -8"><span class='ocrx_word' id='word_1_607' title='bbox 949 1823 1073 1850; x_wconf 84' lang='lat' dir='ltr'><strong>venatori</strong></span> <span class='ocrx_word' id='word_1_608' title='bbox 1086 1830 1200 1853; x_wconf 86' lang='lat' dir='ltr'><strong>remum;</strong></span> <span class='ocrx_word' id='word_1_609' title='bbox 1215 1822 1293 1849; x_wconf 91' lang='lat' dir='ltr'><strong>militi</strong></span> <span class='ocrx_word' id='word_1_610' title='bbox 1306 1823 1398 1849; x_wconf 91' lang='lat' dir='ltr'><strong>decem</strong></span> <span class='ocrx_word' id='word_1_611' title='bbox 1416 1830 1512 1857; x_wconf 86' lang='lat' dir='ltr'><strong>equos,</strong></span> <span class='ocrx_word' id='word_1_612' title='bbox 1539 1823 1600 1849; x_wconf 87' lang='lat' dir='ltr'><strong>duci</strong></span> <span class='ocrx_word' id='word_1_613' title='bbox 1616 1822 1732 1849; x_wconf 87' lang='lat' dir='ltr'><strong>militum</strong></span> 
     </span>
    </p>
   </div>
   <div class='ocr_carea' id='block_1_91' title="bbox 950 1867 1734 1902">
    <p class='ocr_par' dir='ltr' id='par_1_91' title="bbox 950 1867 1734 1902">
     <span class='ocr_line' id='line_1_91' title="bbox 950 1867 1734 1902; baseline 0.003 -8"><span class='ocrx_word' id='word_1_614' title='bbox 950 1867 1040 1902; x_wconf 77' lang='lat' dir='ltr'><strong>exigui</strong></span> <span class='ocrx_word' id='word_1_615' title='bbox 1052 1867 1182 1894; x_wconf 89' lang='lat' dir='ltr'><strong>momenti</strong></span> <span class='ocrx_word' id='word_1_616' title='bbox 1195 1868 1340 1901; x_wconf 86' lang='lat' dir='ltr'><strong>equuleum</strong></span> <span class='ocrx_word' id='word_1_617' title='bbox 1357 1876 1363 1894; x_wconf 94' lang='lat'>:</span> <span class='ocrx_word' id='word_1_618' title='bbox 1378 1867 1482 1902; x_wconf 78' lang='lat' dir='ltr'><strong>ingrata</strong></span> <span class='ocrx_word' id='word_1_619' title='bbox 1495 1868 1597 1895; x_wconf 86' lang='lat' dir='ltr'><strong>scilicet</strong></span> <span class='ocrx_word' id='word_1_620' title='bbox 1613 1869 1664 1895; x_wconf 91' lang='lat' dir='ltr'><strong>erit</strong></span> <span class='ocrx_word' id='word_1_621' title='bbox 1681 1869 1734 1896; x_wconf 71' lang='lat' dir='ltr'><strong>ista</strong></span> 
     </span>
    </p>
   </div>
   <div class='ocr_carea' id='block_1_92' title="bbox 951 1913 1733 1949">
    <p class='ocr_par' dir='ltr' id='par_1_92' title="bbox 951 1913 1733 1949">
     <span class='ocr_line' id='line_1_92' title="bbox 951 1913 1733 1949; baseline 0.001 -10"><span class='ocrx_word' id='word_1_622' title='bbox 951 1913 1048 1948; x_wconf 84' lang='lat' dir='ltr'><strong>gratia.</strong></span> <span class='ocrx_word' id='word_1_623' title='bbox 1064 1913 1212 1948; x_wconf 88' lang='lat' dir='ltr'><strong>multisque</strong></span> <span class='ocrx_word' id='word_1_624' title='bbox 1222 1913 1256 1940; x_wconf 87' lang='lat' dir='ltr'><strong>de</strong></span> <span class='ocrx_word' id='word_1_625' title='bbox 1268 1915 1360 1940; x_wconf 81' lang='lat' dir='ltr'><strong>causis</strong></span> <span class='ocrx_word' id='word_1_626' title='bbox 1373 1913 1567 1941; x_wconf 88' lang='lat' dir='ltr'><strong>detrimentum</strong></span> <span class='ocrx_word' id='word_1_627' title='bbox 1586 1915 1733 1949; x_wconf 78' lang='lat' dir='ltr'><strong>maximum</strong></span> 
     </span>
    </p>
   </div>
   <div class='ocr_carea' id='block_1_93' title="bbox 951 1959 1056 1987">
    <p class='ocr_par' dir='ltr' id='par_1_93' title="bbox 951 1959 1056 1987">
     <span class='ocr_line' id='line_1_93' title="bbox 951 1959 1056 1987; baseline 0.01 -2"><span class='ocrx_word' id='word_1_628' title='bbox 951 1959 1056 1987; x_wconf 70' lang='lat' dir='ltr'><strong>sileret;</strong></span> 
     </span>
    </p>
   </div>
   <div class='ocr_carea' id='block_1_94' title="bbox 1303 2005 1383 2033">
    <p class='ocr_par' dir='ltr' id='par_1_94' title="bbox 1303 2005 1383 2033">
     <span class='ocr_line' id='line_1_94' title="bbox 1303 2005 1383 2033; baseline 0.013 -1"><span class='ocrx_word' id='word_1_629' title='bbox 1303 2005 1383 2033; x_wconf 78' lang='lat' dir='ltr'><strong>LXll.</strong></span> 
     </span>
    </p>
   </div>
   <div class='ocr_carea' id='block_1_95' title="bbox 987 2051 1733 2086">
    <p class='ocr_par' dir='ltr' id='par_1_95' title="bbox 987 2051 1733 2086">
     <span class='ocr_line' id='line_1_95' title="bbox 987 2051 1733 2086; baseline 0.001 -8"><span class='ocrx_word' id='word_1_630' title='bbox 987 2052 1083 2078; x_wconf 90' lang='lat' dir='ltr'><strong>Omnia</strong></span> <span class='ocrx_word' id='word_1_631' title='bbox 1099 2051 1266 2086; x_wconf 89' lang='lat' dir='ltr'><strong>temporibus</strong></span> <span class='ocrx_word' id='word_1_632' title='bbox 1284 2051 1310 2078; x_wconf 95' lang='lat' dir='ltr'><strong>iu</strong></span> <span class='ocrx_word' id='word_1_633' title='bbox 1326 2052 1377 2078; x_wconf 91' lang='lat' dir='ltr'><strong>tria</strong></span> <span class='ocrx_word' id='word_1_634' title='bbox 1392 2052 1557 2083; x_wconf 80' lang='lat' dir='ltr'><strong>distributis,</strong></span> <span class='ocrx_word' id='word_1_635' title='bbox 1575 2052 1601 2078; x_wconf 92' lang='lat' dir='ltr'><strong>in</strong></span> <span class='ocrx_word' id='word_1_636' title='bbox 1620 2052 1733 2079; x_wconf 87' lang='lat' dir='ltr'><strong>hodier-</strong></span> 
     </span>
    </p>
   </div>
   <div class='ocr_carea' id='block_1_96' title="bbox 951 2097 1734 2134">
    <p class='ocr_par' dir='ltr' id='par_1_96' title="bbox 951 2097 1734 2134">
     <span class='ocr_line' id='line_1_96' title="bbox 951 2097 1734 2134; baseline -0.001 -8"><span class='ocrx_word' id='word_1_637' title='bbox 951 2102 1058 2134; x_wconf 43' lang='lat' dir='ltr'><strong>num‘ct</strong></span> <span class='ocrx_word' id='word_1_638' title='bbox 1076 2098 1236 2130; x_wconf 88' lang='lat' dir='ltr'><strong>crastinum,</strong></span> <span class='ocrx_word' id='word_1_639' title='bbox 1254 2101 1281 2124; x_wconf 87' lang='lat' dir='ltr'><strong>et</strong></span> <span class='ocrx_word' id='word_1_640' title='bbox 1297 2098 1465 2128; x_wconf 86' lang='lat' dir='ltr'><strong>hesternum.</strong></span> <span class='ocrx_word' id='word_1_641' title='bbox 1479 2097 1551 2124; x_wconf 90' lang='lat' dir='ltr'><strong>nulla</strong></span> <span class='ocrx_word' id='word_1_642' title='bbox 1562 2105 1623 2132; x_wconf 88' lang='lat' dir='ltr'><strong>pars</strong></span> <span class='ocrx_word' id='word_1_643' title='bbox 1638 2098 1734 2125; x_wconf 77' lang='lat' dir='ltr'><strong>barum</strong></span> 
     </span>
    </p>
   </div>
   <div class='ocr_carea' id='block_1_97' title="bbox 952 2143 1733 2175">
    <p class='ocr_par' dir='ltr' id='par_1_97' title="bbox 952 2143 1733 2175">
     <span class='ocr_line' id='line_1_97' title="bbox 952 2143 1733 2175; baseline 0.003 -4"><span class='ocrx_word' id='word_1_644' title='bbox 952 2148 1045 2171; x_wconf 89' lang='lat' dir='ltr'><strong>nostra</strong></span> <span class='ocrx_word' id='word_1_645' title='bbox 1064 2148 1115 2175; x_wconf 87' lang='lat' dir='ltr'><strong>est,</strong></span> <span class='ocrx_word' id='word_1_646' title='bbox 1143 2144 1169 2171; x_wconf 80' lang='lat' dir='ltr'><strong>si</strong></span> <span class='ocrx_word' id='word_1_647' title='bbox 1190 2151 1284 2170; x_wconf 88' lang='lat' dir='ltr'><strong>verum</strong></span> <span class='ocrx_word' id='word_1_648' title='bbox 1309 2143 1437 2170; x_wconf 88' lang='lat' dir='ltr'><strong>subtilius</strong></span> <span class='ocrx_word' id='word_1_649' title='bbox 1476 2144 1577 2171; x_wconf 90' lang='lat' dir='ltr'><strong>intueri</strong></span> <span class='ocrx_word' id='word_1_650' title='bbox 1600 2145 1733 2172; x_wconf 84' lang='lat' dir='ltr'><strong>volemus.</strong></span> 
     </span>
    </p>
   </div>
   <div class='ocr_carea' id='block_1_98' title="bbox 952 2189 1727 2225">
    <p class='ocr_par' dir='ltr' id='par_1_98' title="bbox 952 2189 1727 2225">
     <span class='ocr_line' id='line_1_98' title="bbox 952 2189 1727 2225; baseline 0 -10"><span class='ocrx_word' id='word_1_651' title='bbox 952 2191 1056 2225; x_wconf 75' lang='lat' dir='ltr'><strong>Quippe</strong></span> <span class='ocrx_word' id='word_1_652' title='bbox 1072 2194 1179 2223; x_wconf 84' lang='lat' dir='ltr'><strong>tempus</strong></span> <span class='ocrx_word' id='word_1_653' title='bbox 1209 2190 1367 2216; x_wconf 87' lang='lat' dir='ltr'><strong>hesternum</strong></span> <span class='ocrx_word' id='word_1_654' title='bbox 1392 2189 1521 2224; x_wconf 71' lang='lat' dir='ltr'><strong>praeteriit</strong></span> <span class='ocrx_word' id='word_1_655' title='bbox 1539 2197 1546 2220; x_wconf 90' lang='lat'><strong>;</strong></span> <span class='ocrx_word' id='word_1_656' title='bbox 1578 2190 1727 2216; x_wconf 66' lang='lat' dir='ltr'><strong>crastinum</strong></span> 
     </span>
    </p>
   </div>
   <div class='ocr_carea' id='block_1_99' title="bbox 952 2226 1734 2268">
    <p class='ocr_par' dir='ltr' id='par_1_99' title="bbox 952 2226 1734 2268">
     <span class='ocr_line' id='line_1_99' title="bbox 952 2226 1734 2268; baseline -0.003 -5"><span class='ocrx_word' id='word_1_657' title='bbox 952 2237 1066 2264; x_wconf 79' lang='lat' dir='ltr'><strong>necdum</strong></span> <span class='ocrx_word' id='word_1_658' title='bbox 1079 2235 1206 2268; x_wconf 78' lang='lat' dir='ltr'><strong>advenit;</strong></span> <span class='ocrx_word' id='word_1_659' title='bbox 1230 2226 1404 2266; x_wconf 76' lang='lat' dir='ltr'><strong>hodiernum,</strong></span> <span class='ocrx_word' id='word_1_660' title='bbox 1414 2234 1588 2266; x_wconf 51' lang='lat' dir='ltr'><strong>cuiIvidemur</strong></span> <span class='ocrx_word' id='word_1_661' title='bbox 1598 2234 1734 2266; x_wconf 80' lang='lat' dir='ltr'><strong>insistere.</strong></span> 
     </span>
    </p>
   </div>
   <div class='ocr_carea' id='block_1_100' title="bbox 953 2279 1736 2316">
    <p class='ocr_par' dir='ltr' id='par_1_100' title="bbox 953 2279 1736 2316">
     <span class='ocr_line' id='line_1_100' title="bbox 953 2279 1736 2316; baseline -0.003 -8"><span class='ocrx_word' id='word_1_662' title='bbox 953 2282 1138 2316; x_wconf 73' lang='lat' dir='ltr'><strong>prodigiorum</strong></span> <span class='ocrx_word' id='word_1_663' title='bbox 1165 2280 1354 2315; x_wconf 79' lang='lat' dir='ltr'><strong>opificisillius</strong></span> <span class='ocrx_word' id='word_1_664' title='bbox 1375 2279 1474 2306; x_wconf 69' lang='lat' dir='ltr'><strong>Daedali</strong></span> <span class='ocrx_word' id='word_1_665' title='bbox 1488 2284 1642 2306; x_wconf 84' lang='lat' dir='ltr'><strong>commenta</strong></span> <span class='ocrx_word' id='word_1_666' title='bbox 1654 2279 1736 2306; x_wconf 87' lang='lat' dir='ltr'><strong>nitui-</strong></span> 
     </span>
    </p>
   </div>
   <div class='ocr_carea' id='block_1_101' title="bbox 952 2325 1736 2361">
    <p class='ocr_par' dir='ltr' id='par_1_101' title="bbox 952 2325 1736 2361">
     <span class='ocr_line' id='line_1_101' title="bbox 952 2325 1736 2361; baseline -0.003 -7"><span class='ocrx_word' id='word_1_667' title='bbox 952 2334 1033 2361; x_wconf 86' lang='lat' dir='ltr'><strong>opere</strong></span> <span class='ocrx_word' id='word_1_668' title='bbox 1043 2327 1161 2354; x_wconf 86' lang='lat' dir='ltr'><strong>fallendo</strong></span> <span class='ocrx_word' id='word_1_669' title='bbox 1172 2330 1292 2361; x_wconf 77' lang='lat' dir='ltr'><strong>superat.</strong></span> <span class='ocrx_word' id='word_1_670' title='bbox 1312 2325 1418 2352; x_wconf 86' lang='lat' dir='ltr'><strong>Etenim</strong></span> <span class='ocrx_word' id='word_1_671' title='bbox 1447 2325 1578 2359; x_wconf 88' lang='lat' dir='ltr'><strong>temporis</strong></span> <span class='ocrx_word' id='word_1_672' title='bbox 1598 2330 1736 2352; x_wconf 87' lang='lat' dir='ltr'><strong>momento</strong></span> 
     </span>
    </p>
   </div>
   <div class='ocr_carea' id='block_1_102' title="bbox 954 2371 1736 2405">
    <p class='ocr_par' dir='ltr' id='par_1_102' title="bbox 954 2371 1736 2405">
     <span class='ocr_line' id='line_1_102' title="bbox 954 2371 1736 2405; baseline -0.001 -7"><span class='ocrx_word' id='word_1_673' title='bbox 954 2376 1087 2399; x_wconf 83' lang='lat' dir='ltr'><strong>resectum</strong></span> <span class='ocrx_word' id='word_1_674' title='bbox 1095 2371 1201 2403; x_wconf 75' lang='lat' dir='ltr'><strong>diffluit,</strong></span> <span class='ocrx_word' id='word_1_675' title='bbox 1210 2378 1271 2398; x_wconf 85' lang='lat' dir='ltr'><strong>cum</strong></span> <span class='ocrx_word' id='word_1_676' title='bbox 1283 2371 1368 2398; x_wconf 66' lang='lat' dir='ltr'><strong>teneri</strong></span> <span class='ocrx_word' id='word_1_677' title='bbox 1378 2374 1498 2405; x_wconf 88' lang='lat' dir='ltr'><strong>putetur,</strong></span> <span class='ocrx_word' id='word_1_678' title='bbox 1509 2377 1541 2397; x_wconf 89' lang='lat' dir='ltr'><strong>ac</strong></span> <span class='ocrx_word' id='word_1_679' title='bbox 1560 2372 1644 2405; x_wconf 87' lang='lat' dir='ltr'><strong>prius,</strong></span> <span class='ocrx_word' id='word_1_680' title='bbox 1654 2379 1736 2405; x_wconf 81' lang='lat' dir='ltr'><strong>quam</strong></span> 
     </span>
    </p>
   </div>
   <div class='ocr_carea' id='block_1_103' title="bbox 953 2417 1737 2452">
    <p class='ocr_par' dir='ltr' id='par_1_103' title="bbox 953 2417 1737 2452">
     <span class='ocr_line' id='line_1_103' title="bbox 953 2417 1737 2452; baseline -0.001 -7"><span class='ocrx_word' id='word_1_681' title='bbox 953 2423 1025 2445; x_wconf 85' lang='lat' dir='ltr'><strong>recte</strong></span> <span class='ocrx_word' id='word_1_682' title='bbox 1043 2418 1216 2452; x_wconf 79' lang='lat' dir='ltr'><strong>percipiatur.</strong></span> <span class='ocrx_word' id='word_1_683' title='bbox 1227 2417 1367 2444; x_wconf 81' lang='lat' dir='ltr'><strong>ddabitnr.</strong></span> <span class='ocrx_word' id='word_1_684' title='bbox 1378 2417 1448 2449; x_wconf 87' lang='lat' dir='ltr'><strong>Quin</strong></span> <span class='ocrx_word' id='word_1_685' title='bbox 1461 2417 1542 2443; x_wconf 85' lang='lat' dir='ltr'><strong>etiam</strong></span> <span class='ocrx_word' id='word_1_686' title='bbox 1560 2417 1656 2444; x_wconf 85' lang='lat' dir='ltr'><strong>melius</strong></span> <span class='ocrx_word' id='word_1_687' title='bbox 1671 2425 1737 2444; x_wconf 89' lang='lat' dir='ltr'><strong>nou-</strong></span> 
     </span>
    </p>
   </div>
   <div class='ocr_carea' id='block_1_104' title="bbox 951 2462 1736 2498">
    <p class='ocr_par' dir='ltr' id='par_1_104' title="bbox 951 2462 1736 2498">
     <span class='ocr_line' id='line_1_104' title="bbox 951 2462 1736 2498; baseline -0.003 -7"><span class='ocrx_word' id='word_1_688' title='bbox 951 2464 1033 2491; x_wconf 86' lang='lat' dir='ltr'><strong>nullis</strong></span> <span class='ocrx_word' id='word_1_689' title='bbox 1046 2465 1072 2490; x_wconf 89' lang='lat' dir='ltr'><strong>in</strong></span> <span class='ocrx_word' id='word_1_690' title='bbox 1085 2472 1133 2498; x_wconf 86' lang='lat' dir='ltr'><strong>spe</strong></span> <span class='ocrx_word' id='word_1_691' title='bbox 1149 2464 1244 2498; x_wconf 84' lang='lat' dir='ltr'><strong>positis</strong></span> <span class='ocrx_word' id='word_1_692' title='bbox 1266 2462 1394 2492; x_wconf 83' lang='lat' dir='ltr'><strong>fruimur,</strong></span> <span class='ocrx_word' id='word_1_693' title='bbox 1407 2469 1490 2496; x_wconf 89' lang='lat' dir='ltr'><strong>quam</strong></span> <span class='ocrx_word' id='word_1_694' title='bbox 1514 2462 1559 2488; x_wconf 90' lang='lat' dir='ltr'><strong>ubi</strong></span> <span class='ocrx_word' id='word_1_695' title='bbox 1571 2463 1683 2497; x_wconf 91' lang='lat' dir='ltr'><strong>propius</strong></span> <span class='ocrx_word' id='word_1_696' title='bbox 1703 2463 1736 2489; x_wconf 93' lang='lat' dir='ltr'><strong>ad</strong></span> 
     </span>
    </p>
   </div>
   <div class='ocr_carea' id='block_1_105' title="bbox 951 2509 1736 2543">
    <p class='ocr_par' dir='ltr' id='par_1_105' title="bbox 951 2509 1736 2543">
     <span class='ocr_line' id='line_1_105' title="bbox 951 2509 1736 2543; baseline -0.001 -6"><span class='ocrx_word' id='word_1_697' title='bbox 951 2518 1001 2538; x_wconf 88' lang='lat' dir='ltr'><strong>nos</strong></span> <span class='ocrx_word' id='word_1_698' title='bbox 1011 2510 1154 2538; x_wconf 86' lang='lat' dir='ltr'><strong>accedunt.</strong></span> <span class='ocrx_word' id='word_1_699' title='bbox 1164 2509 1231 2536; x_wconf 81' lang='lat' dir='ltr'><strong>Nam</strong></span> <span class='ocrx_word' id='word_1_700' title='bbox 1243 2514 1350 2543; x_wconf 83' lang='lat' dir='ltr'><strong>sperata</strong></span> <span class='ocrx_word' id='word_1_701' title='bbox 1360 2509 1445 2543; x_wconf 87' lang='lat' dir='ltr'><strong>prius,</strong></span> <span class='ocrx_word' id='word_1_702' title='bbox 1453 2516 1535 2543; x_wconf 89' lang='lat' dir='ltr'><strong>quam</strong></span> <span class='ocrx_word' id='word_1_703' title='bbox 1548 2509 1736 2543; x_wconf 88' lang='lat' dir='ltr'><strong>perliciautur,</strong></span> 
     </span>
    </p>
   </div>
   <div class='ocr_carea' id='block_1_106' title="bbox 951 2554 1737 2590">
    <p class='ocr_par' dir='ltr' id='par_1_106' title="bbox 951 2554 1737 2590">
     <span class='ocr_line' id='line_1_106' title="bbox 951 2554 1737 2590; baseline -0.003 -8"><span class='ocrx_word' id='word_1_704' title='bbox 951 2563 1060 2582; x_wconf 88' lang='lat' dir='ltr'><strong>sensum</strong></span> <span class='ocrx_word' id='word_1_705' title='bbox 1070 2555 1209 2590; x_wconf 73' lang='lat' dir='ltr'><strong>effugiunt,</strong></span> <span class='ocrx_word' id='word_1_706' title='bbox 1219 2554 1333 2588; x_wconf 86' lang='lat' dir='ltr'><strong>plusque</strong></span> <span class='ocrx_word' id='word_1_707' title='bbox 1343 2554 1475 2580; x_wconf 68' lang='lat' dir='ltr'><strong>molestiae</strong></span> <span class='ocrx_word' id='word_1_708' title='bbox 1487 2558 1579 2580; x_wconf 88' lang='lat' dir='ltr'><strong>creant</strong></span> <span class='ocrx_word' id='word_1_709' title='bbox 1592 2554 1737 2584; x_wconf 86' lang='lat' dir='ltr'><strong>avolando,</strong></span> 
     </span>
    </p>
   </div>
   <div class='ocr_carea' id='block_1_107' title="bbox 955 2599 1738 2635">
    <p class='ocr_par' dir='ltr' id='par_1_107' title="bbox 955 2599 1738 2635">
     <span class='ocr_line' id='line_1_107' title="bbox 955 2599 1738 2635; baseline 0 -8"><span class='ocrx_word' id='word_1_710' title='bbox 955 2609 1036 2635; x_wconf 88' lang='lat' dir='ltr'><strong>quam</strong></span> <span class='ocrx_word' id='word_1_711' title='bbox 1051 2600 1165 2634; x_wconf 82' lang='lat' dir='ltr'><strong>jueuudi</strong></span> <span class='ocrx_word' id='word_1_712' title='bbox 1189 2608 1300 2627; x_wconf 87' lang='lat' dir='ltr'><strong>accessu</strong></span> <span class='ocrx_word' id='word_1_713' title='bbox 1324 2607 1375 2627; x_wconf 85' lang='lat' dir='ltr'><strong>suo</strong></span> <span class='ocrx_word' id='word_1_714' title='bbox 1403 2600 1566 2635; x_wconf 78' lang='lat' dir='ltr'><strong>largiantur.</strong></span> <span class='ocrx_word' id='word_1_715' title='bbox 1586 2599 1632 2626; x_wconf 84' lang='lat' dir='ltr'><strong>Vel</strong></span> <span class='ocrx_word' id='word_1_716' title='bbox 1647 2599 1738 2634; x_wconf 81' lang='lat' dir='ltr'><strong>potius</strong></span> 
     </span>
    </p>
   </div>
   <div class='ocr_carea' id='block_1_108' title="bbox 954 2645 1734 2680">
    <p class='ocr_par' dir='ltr' id='par_1_108' title="bbox 954 2645 1734 2680">
     <span class='ocr_line' id='line_1_108' title="bbox 954 2645 1734 2680; baseline -0.003 -6"><span class='ocrx_word' id='word_1_717' title='bbox 954 2647 1046 2674; x_wconf 78' lang='lat' dir='ltr'><strong>oinnia</strong></span> <span class='ocrx_word' id='word_1_718' title='bbox 1065 2651 1169 2678; x_wconf 83' lang='lat' dir='ltr'><strong>nostra,</strong></span> <span class='ocrx_word' id='word_1_719' title='bbox 1186 2646 1209 2673; x_wconf 91' lang='lat' dir='ltr'><strong>si</strong></span> <span class='ocrx_word' id='word_1_720' title='bbox 1233 2646 1295 2680; x_wconf 90' lang='lat' dir='ltr'><strong>quis</strong></span> <span class='ocrx_word' id='word_1_721' title='bbox 1310 2650 1438 2673; x_wconf 82' lang='lat' dir='ltr'><strong>accurate</strong></span> <span class='ocrx_word' id='word_1_722' title='bbox 1453 2645 1619 2679; x_wconf 82' lang='lat' dir='ltr'><strong>consideret,</strong></span> <span class='ocrx_word' id='word_1_723' title='bbox 1647 2646 1734 2672; x_wconf 81' lang='lat' dir='ltr'><strong>instar</strong></span> 
     </span>
    </p>
   </div>
   <div class='ocr_carea' id='block_1_109' title="bbox 955 2691 1739 2727">
    <p class='ocr_par' dir='ltr' id='par_1_109' title="bbox 955 2691 1739 2727">
     <span class='ocr_line' id='line_1_109' title="bbox 955 2691 1739 2727; baseline -0.003 -6"><span class='ocrx_word' id='word_1_724' title='bbox 955 2696 1045 2721; x_wconf 82' lang='lat' dir='ltr'><strong>avium</strong></span> <span class='ocrx_word' id='word_1_725' title='bbox 1077 2693 1230 2720; x_wconf 85' lang='lat' dir='ltr'><strong>volantium</strong></span> <span class='ocrx_word' id='word_1_726' title='bbox 1253 2700 1303 2720; x_wconf 86' lang='lat' dir='ltr'><strong>nos</strong></span> <span class='ocrx_word' id='word_1_727' title='bbox 1334 2697 1511 2727; x_wconf 63' lang='lat' dir='ltr'><strong>praetereunt.</strong></span> <span class='ocrx_word' id='word_1_728' title='bbox 1536 2691 1661 2719; x_wconf 85' lang='lat' dir='ltr'><strong>Vicissim</strong></span> <span class='ocrx_word' id='word_1_729' title='bbox 1687 2699 1739 2719; x_wconf 85' lang='lat' dir='ltr'><strong>nos</strong></span> 
     </span>
    </p>
   </div>
   <div class='ocr_carea' id='block_1_110' title="bbox 956 2739 1738 2774">
    <p class='ocr_par' dir='ltr' id='par_1_110' title="bbox 956 2739 1738 2774">
     <span class='ocr_line' id='line_1_110' title="bbox 956 2739 1738 2774; baseline -0.001 -10"><span class='ocrx_word' id='word_1_730' title='bbox 956 2748 987 2767; x_wconf 80' lang='lat' dir='ltr'><strong>ea</strong></span> <span class='ocrx_word' id='word_1_731' title='bbox 1004 2747 1123 2774; x_wconf 84' lang='lat' dir='ltr'><strong>quoque,</strong></span> <span class='ocrx_word' id='word_1_732' title='bbox 1145 2742 1276 2773; x_wconf 72' lang='lat' dir='ltr'><strong>perpetuo</strong></span> <span class='ocrx_word' id='word_1_733' title='bbox 1297 2741 1379 2766; x_wconf 72' lang='grc' dir='ltr'>ευτειι</span> <span class='ocrx_word' id='word_1_734' title='bbox 1404 2739 1606 2773; x_wconf 81' lang='lat' dir='ltr'><strong>pnetercuntia,</strong></span> <span class='ocrx_word' id='word_1_735' title='bbox 1627 2742 1738 2772; x_wconf 63' lang='lat' dir='ltr'><strong>praetcr-</strong></span> 
     </span>
    </p>
   </div>
   <div class='ocr_carea' id='block_1_111' title="bbox 956 2783 1737 2820">
    <p class='ocr_par' dir='ltr' id='par_1_111' title="bbox 956 2783 1737 2820">
     <span class='ocr_line' id='line_1_111' title="bbox 956 2783 1737 2820; baseline -0.005 -7"><span class='ocrx_word' id='word_1_736' title='bbox 956 2787 1090 2813; x_wconf 76' lang='lat' dir='ltr'><strong>veliimur.</strong></span> <span class='ocrx_word' id='word_1_737' title='bbox 1111 2785 1188 2818; x_wconf 81' lang='lat' dir='ltr'><strong>Quod</strong></span> <span class='ocrx_word' id='word_1_738' title='bbox 1212 2785 1329 2820; x_wconf 83' lang='lat' dir='ltr'><strong>denique</strong></span> <span class='ocrx_word' id='word_1_739' title='bbox 1351 2785 1544 2819; x_wconf 82' lang='lat' dir='ltr'><strong>gravissimum</strong></span> <span class='ocrx_word' id='word_1_740' title='bbox 1565 2789 1616 2815; x_wconf 84' lang='lat' dir='ltr'><strong>est,</strong></span> <span class='ocrx_word' id='word_1_741' title='bbox 1629 2783 1737 2818; x_wconf 78' lang='lat' dir='ltr'><strong>excogi~</strong></span> 
     </span>
    </p>
   </div>
   <div class='ocr_carea' id='block_1_112' title="bbox 955 2829 1738 2866">
    <p class='ocr_par' dir='ltr' id='par_1_112' title="bbox 955 2829 1738 2866">
     <span class='ocr_line' id='line_1_112' title="bbox 955 2829 1738 2866; baseline -0.003 -8"><span class='ocrx_word' id='word_1_742' title='bbox 955 2833 1007 2858; x_wconf 85' lang='lat' dir='ltr'><strong>tari</strong></span> <span class='ocrx_word' id='word_1_743' title='bbox 1024 2832 1129 2858; x_wconf 89' lang='lat' dir='ltr'><strong>nullum</strong></span> <span class='ocrx_word' id='word_1_744' title='bbox 1149 2836 1237 2866; x_wconf 83' lang='lat' dir='ltr'><strong>potest</strong></span> <span class='ocrx_word' id='word_1_745' title='bbox 1258 2831 1409 2858; x_wconf 77' lang='lat' dir='ltr'><strong>remedium</strong></span> <span class='ocrx_word' id='word_1_746' title='bbox 1429 2839 1436 2863; x_wconf 86' lang='lat'><strong>;</strong></span> <span class='ocrx_word' id='word_1_747' title='bbox 1455 2837 1516 2856; x_wconf 83' lang='lat' dir='ltr'><strong>nam</strong></span> <span class='ocrx_word' id='word_1_748' title='bbox 1542 2830 1599 2857; x_wconf 64' lang='lat' dir='ltr'><strong>haec</strong></span> <span class='ocrx_word' id='word_1_749' title='bbox 1616 2830 1652 2856; x_wconf 86' lang='lat' dir='ltr'><strong>ita</strong></span> <span class='ocrx_word' id='word_1_750' title='bbox 1679 2829 1738 2864; x_wconf 75' lang='lat' dir='ltr'><strong>lege</strong></span> 
     </span>
    </p>
   </div>
   <div class='ocr_carea' id='block_1_113' title="bbox 954 2874 1737 2910">
    <p class='ocr_par' dir='ltr' id='par_1_113' title="bbox 954 2874 1737 2910">
     <span class='ocr_line' id='line_1_113' title="bbox 954 2874 1737 2910; baseline -0.004 -6"><span class='ocrx_word' id='word_1_751' title='bbox 954 2883 1058 2904; x_wconf 65' lang='lat' dir='ltr'><strong>naturae</strong></span> <span class='ocrx_word' id='word_1_752' title='bbox 1071 2878 1211 2906; x_wconf 83' lang='lat' dir='ltr'><strong>accidunt.</strong></span> <span class='ocrx_word' id='word_1_753' title='bbox 1235 2877 1374 2904; x_wconf 81' lang='lat' dir='ltr'><strong>Nimirum</strong></span> <span class='ocrx_word' id='word_1_754' title='bbox 1388 2878 1450 2904; x_wconf 67' lang='lat' dir='ltr'><strong>vitae</strong></span> <span class='ocrx_word' id='word_1_755' title='bbox 1466 2877 1547 2910; x_wconf 79' lang='lat' dir='ltr'><strong>hujus</strong></span> <span class='ocrx_word' id='word_1_756' title='bbox 1573 2883 1617 2903; x_wconf 85' lang='lat' dir='ltr'><strong>res</strong></span> <span class='ocrx_word' id='word_1_757' title='bbox 1642 2874 1737 2902; x_wconf 75' lang='lat' dir='ltr'><strong>umbia</strong></span> 
     </span>
    </p>
   </div>
   <div class='ocr_carea' id='block_1_114' title="bbox 954 2924 1500 2959">
    <p class='ocr_par' dir='ltr' id='par_1_114' title="bbox 954 2924 1500 2959">
     <span class='ocr_line' id='line_1_114' title="bbox 954 2924 1500 2959; baseline -0.004 -8"><span class='ocrx_word' id='word_1_758' title='bbox 954 2929 1026 2956; x_wconf 85' lang='lat' dir='ltr'><strong>sunt,</strong></span> <span class='ocrx_word' id='word_1_759' title='bbox 1040 2924 1190 2956; x_wconf 82' lang='lat' dir='ltr'><strong>somnium,</strong></span> <span class='ocrx_word' id='word_1_760' title='bbox 1212 2924 1316 2957; x_wconf 87' lang='lat' dir='ltr'><strong>ftnnus,</strong></span> <span class='ocrx_word' id='word_1_761' title='bbox 1336 2924 1500 2959; x_wconf 82' lang='lat' dir='ltr'><strong>itnpostura.</strong></span> 
     </span>
    </p>
   </div>
  </div>
