1937 3078
71 164 83 171 ,
102 141 160 174 -361

570 136 777 169 ΡΒιΕΟΕΡΤᾹ
798 133 1058 167 EDUCATIONIS
1075 133 1215 166 REGLE.

1685 134 1737 166 362

110 198 141 226 ἓν
154 198 294 234 εἴργαστο,
311 195 325 223 δ
339 204 364 223 τι
380 194 418 230 μὴ
432 193 504 222 πάνυ
525 194 616 221 καλόν.
636 193 721 221 Πόθεν
739 193 772 220 ἄν
789 201 830 225 τις
852 192 897 219 εὐ-

966 190 986 217 it
1005 190 1083 223 liber,
1100 188 1153 218 Deo
1165 194 1250 216 totum
1266 193 1407 225 acceptum
1425 189 1525 223 ferens,
1537 191 1583 225 qui
1601 190 1667 217 nihil
1682 198 1738 217 om-

113 245 201 272 σιδῶν
225 243 281 279 ἔχει
301 241 456 269 τούναντίον
477 241 584 274 είπεῐνς
613 241 645 267 Εί
675 240 732 275 γὰρ
765 238 898 274 Ἑλλήνων

111 290 205 324 παισὶ,
215 288 285 325 τύχῃ
295 296 324 315 τε
338 287 385 314 καὶ
393 285 549 321 είμαρμίνῃ
558 281 725 317 δουλεύουσι,
741 283 899 314 debuissent

111 337 208 371 φέρειν
220 336 254 362 τὰ
267 333 333 369 παρ’
348 333 450 365 αὐτῶν,
468 332 550 367 σχολῇ
566 340 598 366 γε
624 332 690 365 ἡμῖν
717 331 749 357 οὺ
768 330 839 362 δόξει
864 330 900 356 τὰ

111 383 161 416 τῆς
178 380 304 416 προνοίας
319 377 500 411 ἀσπάζεσθαι.
514 375 582 404 Εῐτα
597 378 653 408 τοις
669 377 719 410 μὲν
742 377 846 411 κρίνοις
872 376 900 402 αἱ

111 427 214 462 χροιαὶ,
231 426 277 453 καὶ
291 426 321 452 τὸ
332 425 381 460 τῆς
397 424 472 458 ὥρας
484 424 633 458 ἀμήχανον,
649 423 696 449 καὶ
706 423 762 453 τοῖς
777 422 899 457 πτηνοῖς,

112 474 143 500 οὐ
156 473 330 506 συνάγουσιν,
350 471 404 497 οὐδ’
415 470 560 506 ἀποθήκας
572 470 675 505 ἔχουσι,
694 469 724 496 τδ
751 469 901 504 τρέφεσθαι

115 518 192 554 παρὰ
207 517 253 544 τοῦ
268 516 442 552 Δημιουργοῦ
456 524 463 532 ·
492 514 678 550 ἀνθρώπου-δὲ
703 515 814 549 φροντὶς
827 514 902 550 αὐτῷ

113 564 238 599 οὐδαμῶς
252 564 285 591 ἂν
300 564 421 597 γένοιτος
441 563 474 590 Et
492 562 520 588 δὲ
535 561 601 593 Θεδς
617 560 656 588 ὢν
683 560 796 594 ἁγαθῦς.
821 560 901 594 ἡμῶν

114 609 252 645 φροντίζει
265 609 311 636 καὶ
331 609 452 644 κήδεται,
468 608 519 635 τίν’
544 607 602 643 ἔχει
619 606 699 641 λόγον
726 605 900 640 ὐπεραλγεῐν,

114 656 132 690 ἢ
151 656 240 683 καὶτὸ
257 655 294 690 μὴ
311 654 392 690 χάριν
401 654 513 686 ειδέναι,
528 650 580 680 ὧδε
592 652 608 688 ἠ
621 652 722 688 ἑτέρως
736 651 790 678 τῶν
807 660 899 686 πραγ-

117 702 210 736 μάτων
233 702 300 736 ἡμῖν
326 699 585 736 οίιιονομουμένιυνς
609 697 696 725 Τοῦτο
716 697 807 733 ψυχῆς
830 698 902 725 πάνυ

115 747 236 782 σκληρᾶς
248 765 255 779 ,
272 745 397 778 δοθέντος
424 744 494 774 εἶναι
510 745 619 779 πιστῆς.

950 237 1016 264 nino
1034 237 1109 270 facit,
1126 237 1198 272 quod
1213 243 1266 263 non
1284 237 1361 264 valde
1377 237 1412 264 sit
1427 237 1540 264 bonum.
1558 236 1664 270 Quibus
1697 246 1739 264 ar-

951 284 1088 319 gumentis
1102 283 1186 312 frctus
1210 284 1293 311 homo
1314 284 1458 319 religiosus
1480 284 1522 311 his
1552 285 1739 312 contradicere

951 331 1059 363 possit?
1074 330 1141 357 Nam
1157 331 1179 358 si
1196 331 1305 366 pagani,
1321 331 1437 358 fortuna:
1453 331 1562 365 fatoque
1579 332 1740 364 servientes,

953 377 1063 405 ferenda
1081 378 1222 412 putabant,
1241 385 1410 413 quierunque
1432 378 1466 405 ab
1487 378 1529 405 his
1543 377 1663 412 profer-ta
1676 378 1740 404 fuis-

952 429 1023 457 sent,
1046 432 1218 459 nequaquam
1242 432 1291 452 nos
1314 431 1356 456 ca,
1378 433 1438 459 qua:
1459 433 1472 450 ιι
1490 420 1656 459 providentia
1681 432 1740 459 pro-

956 471 1128 501 ﬁciscuntur.
1145 472 1208 498 boni
1219 479 1272 499 non
1290 472 1455 499 consulcnda
1471 472 1656 499 censebimus.
1672 471 1740 498 Pue—

956 522 1030 545 terea
1050 517 1113 545 liliis
1127 523 1151 544 ct
1168 517 1275 545 colores
1290 523 1317 545 et
1343 524 1472 545 venustas
1487 518 1698 550 inaestimabilis,
1714 526 1741 544 a-

957 564 1089 598 vibusque
1104 564 1171 590 nihil
1187 564 1388 599 (‘olligentibus,
1400 572 1449 591 nec
1460 564 1622 591 habentibus
1635 564 1742 591 horrea.

957 617 1047 636 rerum
1064 610 1099 637 ob
1117 609 1220 645 Opiﬁce
1242 601 1406 638 nutrimenta
1433 611 1549 638 dantur:
1582 614 1608 637 et
1626 609 1743 637 hominis

954 655 1000 693 ille
1019 664 1084 683 cura
1103 656 1175 683 nulla
1192 657 1334 692 tangitur?
1353 656 1427 692 quod
1446 657 1468 684 si
1488 657 1576 683 bonus
1604 655 1674 683 Dens
1695 664 1743 682 cu-

954 709 1011 728 ram
1028 702 1113 729 nostri
1133 702 1250 730 sollicite
1269 703 1349 737 gerit,
1368 710 1421 738 qua
1443 702 1550 729 ratione
1566 701 1688 733 subnixi,
1707 702 1743 727 ni-

952 748 1007 775 mio
1016 748 1108 776 dolOre
1118 751 1353 782 contabescemus.
1369 749 1408 777 vel
1423 749 1477 776 Deo
1498 748 1610 783 gratiam
1628 756 1680 774 non
1698 747 1744 773 lm-

116 794 251 826 bebimus,
265 801 326 822 cum
341 794 394 822 hoc
409 793 491 821 illove
514 792 596 820 modo
613 798 657 820 res
674 792 708 819 ab
723 799 756 819 eo
774 796 874 820 nostrae
887 792 1123 824 administrantur.
1145 796 1279 824 Nimirum
1310 797 1360 823 hoc
1392 796 1539 823 admodum
1562 795 1639 830 rigidi
1666 795 1743 822 fuerit

116 841 246 874 animi,si
263 839 373 876 quidem
386 839 566 870 concedatur.
584 845 647 866 esse
664 838 760 866 ﬁdelis.

476 887 535 913 ΞΖ¹.

151 934 263 970 Πλούτῳ
276 935 291 961 ὸ
308 934 358 969 μὲν
372 934 477 969 ἣδεται,
504 934 535 960 οὐ
560 934 592 961 τὸ
613 933 725 969 χρυσίον
745 933 904 968 θαυμάζων,

115 981 174 1008 ἀλλ’
190 981 228 1013 ὡς
245 980 319 1016 αὐτῷ
334 980 483 1016 δυνάμενος
508 981 604 1007 ἑαυτὸν
630 980 677 1007 καὶ
700 979 845 1014 δεομένους
874 977 904 1006 εὖ

116 1027 204 1052 ποιεῖν
214 1034 220 1042 ·
239 1026 320 1057 ἄλλος
333 1025 355 1052 δ’
371 1025 409 1052 ῶν
436 1025 596 1060 ἀκόρεστος,
615 1026 663 1052 καὶ
677 1026 707 1051 τὸ
722 1025 848 1052 πλουτεῖν
861 1026 906 1052 τέ-

115 1072 162 1104 λος
189 1072 270 1108 ἔχων,
303 1072 352 1098 καὶ
382 1071 507 1098 πλουτῶν
534 1071 664 1106 ἀδημονεῖ
695 1072 743 1098 καὶ⁵
771 1071 840 1098 κατὰ
860 1072 906 1099 τὶν

123 1118 231 1153 ἄφρονα
247 1117 378 1144 πλούσιον
393 1116 507 1152 οίμώζει
520 1116 622 1149 κλάων,
632 1117 664 1143 Τί
680 1117 793 1152 πράξως
806 1117 903 1151 λέγων,

115 1164 144 1190 τί
157 1164 307 1198 χρήσομαι;
332 1163 373 1189 ὅτι
399 1171 445 1198 μοι
463 1163 495 1189 τὺ
518 1162 594 1198 λήϊον
618 1161 745 1197 εὔφορον,
772 1162 819 1189 καὶ
845 1164 905 1195 ταῖς

118 1209 210 1244 ληνοῖς
224 1209 249 1235 οἱ
266 1208 379 1243 βότρυες
394 1207 425 1234 οὐ
451 1207 580 1242 χωρητοὶ,
609 1207 657 1234 καὶ
681 1208 736 1234 πᾶν
754 1215 800 1241 μοι
819 1207 907 1243 βρίθει

119 1252 215 1288 ιρυτίδνι
228 1253 276 1279 καὶ
301 1253 378 1279 κενὸν
396 1252 474 1278 οὐδὲν
502 1252 583 1279 οἴκοι.
611 1252 666 1280 Καὶ
689 1251 742 1288 μὴν
759 1252 838 1287 δόξης
866 1261 908 1284 τις

120 1298 294 1333 ἀφεστηκὼς,
312 1291 425 1324 καὶτῶν
442 1297 489 1324 τοῦ
504 1297 602 1331 φθόνου
628 1297 672 1324 διὰ
701 1297 782 1324 τοῦτο
810 1297 906 1332 βελῶν,

121 1346 235 1380 νομίσας
259 1344 309 1370 οὐκ
338 1341 409 1370 εἷναί
431 1344 456 1370 οῑ
484 1342 591 1377 βιωτὸν,
616 1343 641 1369 εἰ
661 1342 699 1378 μὴ
719 1344 907 1378 προσκυνοίτο,

121 1391 228 1426 ἐκείνης
246 1390 271 1417 θ’
292 1390 351 1426 ἅμα
375 1389 475 1424 τυχὼν,
495 1389 543 1415 καὶ
572 1388 626 1416 τῶν
651 1387 737 1423 βελῶν
758 1388 909 1424 πειραθεὶς,

122 1436 179 1463 οὔτ’
194 1436 285 1472 ἐκείνῃ
300 1436 404 1471 χαίρων
416 1432 460 1471 ἦν,
481 1434 528 1461 καὶ
543 1434 647 1470 θανατᾷ
661 1434 699 1465 ὡς
716 1434 909 1468 φθονούμενος.

130 1482 230 1517 Ἐτέρῳ
243 1482 264 1508 δ’
280 1479 313 1508 αὖ
324 1482 484 1516 ἐπέπρακτο
493 1480 659 1507 τούναντίον.
671 1480 725 1506 Καὶ
737 1480 825 1507 πάντα
837 1479 866 1506 δὲ
877 1479 912 1506 τὰ

1320 884 1428 912 LXVII.
1462 885 1464 887 ’

991 931 1121 959 Iucunda:
1136 936 1199 959 sunt
1223 931 1269 959 uni
1302 932 1411 964 divitiae,
1427 939 1480 959 non
1503 939 1563 958 eam
1582 930 1618 958 ob
1633 938 1745 958 causam

956 977 1028 1012 quod
1048 985 1144 1005 aurum
1158 977 1318 1008 admiretur,
1335 977 1382 1005 sed
1396 977 1468 1012 quod
1488 977 1521 1004 iis
1537 982 1593 1004 tum
1609 977 1672 1009 sibi,
1690 981 1746 1004 tum

955 1023 1017 1051 aliis
1035 1024 1103 1052 bene
1120 1024 1210 1052 facere
1230 1025 1327 1058 possit.
1347 1024 1434 1057 Alius,
1450 1028 1546 1050 natura
1571 1023 1746 1054 insatiabilis,

958 1077 1100 1104 unumque
1124 1069 1203 1097 linem
1218 1074 1356 1104 spectans,
1374 1074 1401 1096 ut
1418 1069 1516 1104 opibus
1536 1068 1638 1100 aﬂluat,
1665 1067 1747 1094 etiam

960 1121 1057 1144 nactus
1075 1124 1123 1144 eas
1145 1117 1265 1151 angitur,
1297 1123 1330 1143 ac
1357 1115 1450 1143 divitis
1479 1115 1553 1142 illius
1581 1114 1657 1141 stulti
1673 1121 1748 1140 more

961 1163 1070 1199 plorans
1101 1163 1198 1195 ululat,
1217 1163 1288 1196 Quid
1319 1163 1429 1194 faciam,
1461 1162 1600 1197 inquiens,
1624 1168 1678 1195 quo
1706 1168 1748 1186 nne

961 1214 1040 1244 pacto
1057 1209 1168 1244 geram?
1183 1217 1261 1244 seges
1274 1209 1341 1236 mihi
1356 1209 1465 1244 copiosa
1496 1207 1630 1242 provenit,
1648 1213 1675 1234 et
1705 1214 1749 1233 ra-

961 1262 1054 1282 cemos
1066 1254 1212 1281 toreularia
1231 1262 1284 1282 non
1303 1254 1426 1289 capiunt.
1452 1254 1552 1280 Omnes
1569 1253 1633 1279 mihi
1651 1252 1749 1279 fructi-

961 1300 1013 1327 bus
1028 1304 1135 1327 onuslze
1151 1304 1214 1326 sunt
1224 1300 1346 1331 arbores,
1363 1307 1412 1327 nec
1432 1306 1548 1327 vacuum
1572 1298 1646 1326 domi
1669 1299 1750 1332 quid-

960 1353 1053 1380 quam.
1070 1345 1146 1373 Alius
1158 1353 1172 1372 a
1185 1345 1271 1381 gloria
1288 1346 1430 1377 remotior.
1445 1349 1473 1372 et
1489 1344 1613 1372 eamdem
1629 1345 1663 1372 ob
1684 1352 1749 1372 catt-

961 1399 1019 1419 sam
1036 1392 1070 1419 ab
1090 1392 1196 1419 invidiae
1224 1399 1334 1427 quoque
1362 1392 1433 1424 telis,
1459 1397 1536 1419 ratus
1559 1399 1592 1418 ne
1607 1391 1751 1418 vivendum

963 1437 1074 1472 quidem
1091 1437 1155 1471 sibi,
1192 1437 1218 1464 ni
1248 1438 1396 1471 adoretur;
1421 1442 1566 1473 postquam
1583 1441 1609 1464 ct
1639 1436 1751 1471 adeptus

963 1488 1005 1511 est
1015 1491 1086 1516 eam,
1104 1489 1130 1512 et
1144 1488 1275 1519 expertus
1293 1484 1402 1512 invidias
1421 1484 1491 1511 tela:
1513 1491 1562 1511 nec
1584 1483 1750 1518 voluptatem

125 1527 268 1564 καθ’ήμᾶς
283 1527 377 1554 ἄλλοτε
393 1527 484 1559 ἄλλοις
498 1526 566 1554 ἄλλα
581 1526 665 1554 δοκεῖ.
681 1527 736 1553 Καὶ
747 1525 832 1552 ταυτὰ
845 1524 909 1552 ποτὲ

966 1537 999 1558 ex
1015 1530 1059 1557 illa
1074 1530 1201 1565 percipit,
1218 1535 1246 1558 et
1260 1531 1333 1566 quod
1348 1531 1448 1558 invidia
1464 1531 1607 1565 premitur,
1637 1534 1751 1557 mortem

126 1574 209 1607 καλὰ,
228 1573 293 1600 ποτὲ
302 1573 330 1600 δὲ
349 1573 387 1609 μὴ
401 1573 525 1606 τοιαῦτα,
535 1572 565 1598 οὐ
577 1572 621 1598 διὰ
635 1572 685 1606 τὴν
704 1572 808 1599 ἑαυτῶν
819 1571 909 1607 φύσιν,

964 1575 1022 1611 ipse
1035 1575 1088 1603 sibi
1107 1580 1192 1610 optat.
1209 1576 1315 1603 Rursus
1330 1576 1400 1603 alius
1413 1576 1554 1603 diversum
1574 1575 1648 1602 facit.
1664 1575 1752 1602 Adeo-

124 1620 170 1646 διὰ
187 1619 274 1655 δὲτὴν
288 1618 342 1645 τῶν
361 1617 513 1653 ἀνθρώπων
531 1616 598 1652 πρὸς
619 1617 709 1643 ἐκεῖνα
726 1618 834 1648 πάντως
852 1616 909 1643 διά-

965 1628 1019 1655 que
1032 1625 1138 1648 cunctae
1151 1628 1194 1648 res
1209 1625 1309 1648 nostra:
1326 1621 1393 1648 alias
1411 1621 1471 1648 aliis
1488 1621 1548 1648 alite
1575 1621 1701 1647 videnlur
1712 1628 1752 1646 cs-

125 1666 211 1693 θεσιν.
224 1665 307 1692 Ὥστε
325 1664 373 1692 χαὶ
400 1663 432 1690 τὸ
459 1664 583 1698 ἠρεμεῖν,
603 1663 650 1689 καὶ
667 1663 698 1688 τὸ
723 1662 846 1697 ἥδεσθαι,
865 1662 909 1689 καὶ

965 1673 995 1693 se
1013 1684 1021 1693 .
1034 1665 1105 1699 Quin
1120 1666 1214 1694 eadem
1234 1667 1324 1701 plane,
1342 1666 1422 1694 modo
1437 1667 1516 1699 bona,
1534 1667 1614 1694 modo
1635 1675 1688 1694 non
1707 1668 1753 1694 bo-

125 1711 155 1737 τὸ
173 1709 355 1745 ταράττεσθαι
367 1718 396 1736 τε
417 1710 464 1736 καὶ
477 1708 630 1742 θλίϐεσθαι,
656 1707 794 1743 λογισμῶν
812 1708 846 1736 ἂν
867 1708 909 1744 εἴη

965 1720 1013 1745 na,
1029 1720 1084 1740 non
1099 1712 1125 1740 id
1141 1713 1250 1748 quidem
1274 1720 1306 1740 ex
1324 1718 1420 1741 natura
1439 1721 1499 1745 sua,
1523 1714 1570 1741 sed
1594 1721 1706 1748 prorsus
1721 1722 1753 1741 ex

127 1759 227 1794 μᾶλλον
244 1759 260 1794 ἢ
274 1759 325 1795 τῆς
339 1759 447 1794 φύσεως
467 1757 522 1785 τῶν
539 1757 721 1793 πραγμάτων.

965 1757 1087 1792 ipsorum
1107 1758 1140 1785 ad
1152 1765 1183 1786 ea
1200 1758 1355 1786 mortalium
1372 1758 1524 1787 all‘ectionc.
1550 1758 1610 1791 Quo
1628 1759 1666 1791 ﬁt,
1683 1765 1712 1786 ut
1723 1769 1754 1786 ra

127 1806 318 1840 tranquillitas,
338 1809 366 1834 et
387 1805 544 1838 oblectatio,
560 1809 587 1833 et
602 1804 781 1840 perturbatio,
798 1808 825 1832 et
842 1804 963 1837 atllictio,
977 1806 1070 1840 potius
1096 1806 1130 1834 ab
1154 1806 1223 1842 ipsis
1255 1806 1366 1838 animis,
1394 1813 1474 1841 quam
1499 1814 1514 1834 a
1544 1814 1632 1834 rerum
1659 1811 1754 1834 natura

127 1854 298 1890 proveniant.

488 1900 551 1928 EH’.

163 1948 247 1976 Οὐδὲν
259 1948 292 1975 ἂν
307 1946 350 1983 εἴη
365 1947 462 1980 δεινὸν,
479 1947 493 1973 ὃ
505 1947 543 1982 μὴ
560 1946 678 1982 φορητδν
695 1947 773 1982 ἡμῖν,
794 1946 855 1973 εἶπά
875 1955 917 1978 τις

128 1993 183 2020 τῶν
199 1992 332 2028 ποιητῶν,
350 1992 439 2024 ἄλλως
457 1993 576 2027 φράσας.
611 1991 684 2026 Ἐγὼ
697 1992 730 2025 δ’,
759 1991 864 2018 ἐκείνου
881 1992 915 2027 τῇ

128 2041 209 2075 φύσει
223 2039 304 2067 τοῦτο
318 2038 446 2071 διδόντος,
455 2039 488 2074 τῇ
502 2037 660 2074 προαιρέσει
673 2037 757 2073 νέμω.
774 2037 848 2072 Αὕτη
862 2037 916 2072 γὰρ

128 2086 228 2117 καλοὺς
249 2085 322 2121 ἡμᾶς
336 2085 384 2112 καὶ
404 2085 448 2119 μὴ·
465 2084 604 2115 τοιούτους
631 2084 788 2119 ἐργάζεται.
807 2083 840 2110 Ἦ
867 2083 917 2118 μὲν

129 2133 184 2168 γὰρ
200 2132 280 2168 κοινὴ
311 2131 394 2166 φύσις
414 2131 529 2162 δούλοις,
560 2130 715 2163 δεσπόταις,
739 2131 823 2157 πᾶσιν
853 2129 915 2164 ἑξῆς

129 2179 297 2214 ἀνθρώποις,
317 2178 367 2212 μία
382 2185 423 2208 τις
437 2177 660 2212 ἀπαράλλακτος.
681 2176 767 2212 Ἀδὰμ
780 2177 834 2211 γὰρ
851 2176 915 2203 παί-

129 2223 183 2254 δες,
199 2222 278 2257 πηλῷ
295 2222 346 2257 τὴν
366 2221 484 2257 ὓπαρξιν
506 2221 664 2257 ἐσχηκότος,
676 2222 749 2256 χειρὶ
775 2221 843 2248 Θεοῦ
869 2231 917 2248 πε-

132 2269 300 2304 πλασμένον.
315 2268 439 2300 Γενναίος
452 2268 491 2300 δὲ,
504 2269 549 2294 καὶ
563 2267 708 2302 σταθηρὸς,
720 2268 765 2294 καὶ
782 2269 819 2303 μὴ
831 2268 916 2296 τοιοῦ-

131 2325 176 2348 τος
190 2315 411 2343 ἀποκαθίσταται
435 2316 467 2350 τῇ
484 2315 646 2350 προαιρέσει
680 2316 734 2347 πᾶς
764 2315 917 2350 ἄνθρωπος.
935 2330 958 2359 D

137 2362 168 2389 '0
187 2362 241 2396 γὰρ
254 2361 309 2388 τῶν
320 2361 461 2396 παρόντων
478 2361 537 2392 ὅλος
562 2361 721 2396 γενόμενος,
745 2362 919 2397 πραγμάτων

131 2409 162 2435 οὗ
178 2407 344 2443 βεϐηκότων,
359 2406 416 2438 πῶς
430 2406 463 2433 ἂν
479 2407 600 2442 ἀτρέμας
616 2407 694 2443 μείνῃ
706 2416 713 2440 ;
729 2408 786 2439 πῶς
797 2408 899 2440 ἄλυπος
912 2418 919 2442 ;

139 2454 168 2480 '0
193 2453 222 2480 δὲ
243 2453 281 2488 τῷ
311 2451 382 2488 λόγῳ
412 2451 562 2487 χρώμενος,
587 2453 662 2480 οὐδέν
689 2462 716 2480 τι
745 2454 799 2480 τῶν
827 2453 920 2480 ἐνθάδε

133 2500 273 2535 προῦργου
289 2499 462 2535 ποιούμενος,
482 2498 528 2525 τοῦ
543 2498 630 2533 πηλοῦ
652 2499 821 2533 καταγελῶν,
851 2500 918 2526 ἀθα-

132 2550 228 2581 νασίας
238 2547 391 2583 ἐπιθυμῶν,
405 2548 545 2582 ὁδοιπόρον
555 2547 652 2574 ἑαυτὸν
676 2548 863 2582 ἐπιστάμενος
879 2549 919 2580 εἰς

131 2597 182 2630 τὴν
201 2594 320 2631 πατρίδα
339 2594 389 2629 τὴν
398 2593 464 2625 ἄνω,
472 2593 603 2629 ὑποφέρει
611 2593 661 2628 μὲν
669 2593 754 2627 δεινὰ,
765 2593 843 2626 εἰδὼς
852 2603 920 2621 ταυ-

131 2642 159 2668 τὶ
172 2641 373 2676 παρερχόμενα,
387 2640 435 2666 καὶ
453 2639 545 2674 νίτρου
558 2639 641 2665 τόπον
656 2637 777 2671 σώζοντα
790 2641 823 2674 τῇ
834 2640 919 2675 ψυχῇ,

131 2687 303 2721 ἀνθρώπινόν
318 2694 344 2711 τι
356 2685 482 2720 παθούσῃ
492 2693 499 2701 ·
517 2685 572 2711 τῶν
582 2684 611 2710 δὲ
624 2684 711 2720 ἡδέων
725 2684 773 2712 τοῦ
789 2685 852 2720 τῇδε
862 2685 920 2720 βίου

131 2734 168 2764 ὡς
181 2733 278 2768 θνητὸς
295 2733 346 2759 οὑκ
360 2731 501 2758 ἀθανάτων
523 2732 656 2766 μετέχων,
673 2731 741 2758 οἴσει
754 2732 804 2767 τὴν
818 2731 921 2759 τούτων

132 2779 236 2814 ζημίαν
252 2779 322 2806 πολὺ
339 2778 392 2806 τῶν
405 2777 493 2804 ἄλλων
509 2778 674 2813 κουφότερόν
699 2785 728 2804 τε
753 2778 799 2804 καὶ
818 2778 921 2805 ἀλυπό-

131 2833 222 2859 τερον.

1294 1899 1409 1928 LXVlII.

1003 1945 1106 1973 Sensus
1121 1951 1163 1973 est
1179 1945 1221 1972 hic
1233 1951 1319 1980 poetae
1342 1946 1497 1981 cujusdam,
1512 1946 1574 1974 aliis
1596 1947 1638 1974 usi
1653 1945 1755 1979 verbis,

968 1991 1071 2019 nullam
1087 1999 1148 2020 esse
1161 1991 1356 2025 calamitatem,
1369 1999 1430 2027 quae
1444 2000 1458 2019 a
1477 1993 1675 2020 nobistolerari
1701 2001 1754 2019 non

967 2039 1062 2073 possit.
1079 2038 1136 2066 Hoc
1152 2046 1213 2066 cum
1228 2039 1261 2066 ad
1280 2045 1405 2066 naturam
1420 2039 1464 2066 ille
1478 2040 1610 2072 retulerit,
1621 2047 1672 2074 ego
1685 2039 1755 2067 libe-

968 2092 1006 2111 ra:
1021 2085 1154 2112 voluntati
1183 2085 1287 2119 tribuo;
1306 2094 1368 2113 nam
1394 2094 1425 2113 ea
1439 2094 1489 2114 nos
1516 2091 1543 2113 et
1559 2086 1645 2113 bonos
1659 2089 1686 2114 et
1700 2093 1755 2112 non

970 2131 1058 2158 bonos
1072 2131 1165 2159 etiicit.
1180 2131 1286 2167 Quippe
1300 2133 1452 2160 communis
1474 2132 1519 2159 illa
1534 2137 1642 2163 naturaI
1657 2132 1755 2162 servis.

970 2177 1056 2210 heris,
1070 2177 1253 2214 omnibusque
1283 2179 1461 2210 mortalibus,
1490 2185 1543 2205 una
1560 2178 1683 2211 quaedam
1715 2184 1755 2205 est

970 2223 1127 2250 indiscreta.
1148 2223 1249 2251 Sumus
1267 2224 1339 2251 enim
1359 2225 1432 2252 illius
1457 2224 1552 2251 Adami
1575 2223 1633 2256 lilii,
1661 2224 1706 2258 qui
1723 2223 1756 2250 de

969 2269 1027 2297 luto
1042 2270 1155 2302 exstitit,
1170 2269 1215 2297 Dei
1233 2278 1313 2298 manu
1329 2270 1472 2297 tenuatus.
1492 2270 1648 2305 Atquilibet
1663 2269 1755 2301 homo,

971 2318 1013 2343 vel
1027 2321 1168 2348 strenuus,
1186 2317 1230 2344 vel
1245 2321 1385 2349 constans,
1417 2317 1459 2343 vel
1475 2324 1528 2343 non
1556 2316 1628 2347 talis,
1644 2316 1757 2343 arbitrio

973 2363 1120 2391 voluntatis
1137 2363 1261 2391 elIicilur.
1288 2362 1355 2390 Nam
1376 2363 1422 2398 qui
1449 2370 1478 2390 se
1491 2367 1576 2390 totum
1596 2363 1678 2390 rebus
1696 2363 1758 2390 vita:

975 2409 1116 2444 prmsentis
1131 2409 1244 2442 addicit,
1259 2409 1371 2436 minimc
1387 2408 1508 2443 profecto
1519 2408 1674 2441 stabilibus,
1687 2417 1759 2445 quo~

975 2464 1036 2483 nam
1051 2462 1128 2491 pacto
1141 2456 1230 2491 quiete
1243 2456 1328 2483 solida
1345 2455 1470 2482 fruetur?
1483 2456 1528 2490 qui
1541 2455 1644 2483 doloris
1659 2464 1758 2491 expers

971 2501 1043 2529 erit?
1054 2503 1088 2529 At
1102 2502 1148 2537 qui
1165 2503 1271 2529 ratione
1291 2501 1386 2533 utitur,
1400 2508 1449 2528 nec
1464 2500 1613 2536 quidquam
1639 2502 1678 2529 rei
1704 2507 1758 2529 ter-

973 2549 1067 2576 restris
1082 2548 1161 2575 habet
1176 2549 1203 2575 in
1218 2547 1316 2583 pretio,
1332 2547 1419 2574 lutum
1449 2548 1577 2581 irridens,
1596 2548 1759 2576 immortali-

973 2595 1036 2622 tatis
1050 2598 1192 2629 appetens,
1207 2594 1309 2629 quique
1323 2600 1352 2621 se.
1369 2595 1500 2621 viatorem
1519 2595 1594 2621 novit
1611 2601 1683 2627 esse,
1701 2599 1759 2621 teu-

973 2641 1081 2668 dentem
1099 2640 1132 2666 ad
1147 2646 1273 2673 superam
1291 2638 1364 2666 illam
1377 2639 1508 2674 patriam:
1525 2640 1548 2667 is
1564 2646 1627 2666 vero
1642 2643 1668 2665 et
1680 2646 1758 2673 mque

974 2685 1100 2713 tolerabit
1115 2684 1208 2712 animo
1224 2686 1323 2719 tristia,
1335 2693 1396 2712 cum
1409 2692 1471 2713 esse
1499 2685 1655 2712 transitoria
1676 2685 1756 2715 sciat,

973 2739 1005 2758 ac
1023 2737 1153 2766 praestare
1168 2732 1233 2758 nitri
1247 2731 1333 2759 vicem
1353 2733 1456 2766 animo,
1471 2733 1515 2759 cui
1543 2731 1610 2767 quid
1628 2731 1756 2758 humani-

973 2783 1018 2806 tus
1032 2778 1148 2811 accidit;
1166 2784 1194 2806 et
1213 2779 1277 2811 illis,
1291 2787 1351 2814 qua:
1370 2779 1397 2806 in
1418 2779 1468 2806 hac:
1487 2778 1671 2814 vitajucunda
1681 2783 1758 2810 sunt,

975 2823 1055 2851 veluti
1069 2823 1192 2851 mortalis
1207 2824 1279 2851 haud
1297 2824 1496 2852 immortalibus
1522 2824 1624 2857 fruens,
1649 2831 1759 2852 eorum-

132 2873 193 2900 dem
206 2873 341 2909 jacturam
359 2878 415 2901 tum
441 2874 528 2902 levius
544 2874 628 2901 multo
653 2874 770 2908 cmteris,
790 2879 845 2902 tum
864 2873 968 2902 minore
981 2881 1042 2901 cum
1060 2872 1142 2900 animi
1161 2873 1284 2900 molestia
1299 2873 1374 2901 feret.

295 2924 430 2954 ΡΑτιιοι.
453 2926 511 2954 Gn.
528 2924 632 2955 CLVI.

1506 2923 1540 2952 12
