1937 3078
187 138 191 141 ”
200 136 251 167 36'!

788 133 987 165 MANUELIS
1007 134 1229 168 PALEOLOGI

1760 134 1815 166 368

197 193 282 227 enim,
299 199 354 220 non
374 195 464 227 potest
484 191 560 219 valde
575 191 708 220 doctrinis
728 192 839 226 pollere,
855 193 900 228 qui
916 200 979 220 cum

1035 193 1128 228 Βήσεσι
1142 192 1292 229 δυνηθῆναι
1310 193 1356 220 τὸν
1373 192 1443 227 πρὸς
1454 192 1519 224 τοὺς
1540 192 1639 228 ἥλικας
1657 191 1814 227 ἁμιλλώμιι

197 238 348 272 aequalibus
364 243 504 265 certamen
529 237 655 272 suscipit,
667 237 690 265 si
702 238 809 272 quidem
825 245 886 266 eum
906 238 978 265 vinci

196 285 305 318 pudeat.
323 284 468 311 Enimvero
495 284 521 310 iu
537 284 606 311 cibis
630 284 688 318 ipsa
702 284 853 312 necessitas
866 285 978 311 modum

197 330 298 365 cuique
325 329 441 362 desiuit;
461 329 504 356 hic
520 335 611 357 autem
629 330 690 363 plus
705 337 813 365 semper
839 330 980 365 requiren-

196 378 272 404 dum.
289 376 396 403 Rursus
415 376 452 402 ibi
470 376 555 411 magis
567 376 675 410 expedit
688 376 850 407 valetudini.
865 385 897 404 ac
910 386 980 411 prte-

197 422 337 449 ferendum
348 422 431 454 venit,
443 422 514 456 quod
528 422 693 457 expeditum.
703 423 776 457 quod
792 423 905 458 simplex
919 429 980 451 est:

197 468 242 496 hic
257 476 321 495 vero
334 469 424 502 potior
451 468 597 504 omnigena
616 476 706 496 rerum
724 469 857 496 bonarum
873 469 979 497 exerci-

196 514 274 542 tatio.
294 514 389 542 itidem
406 515 496 549 pastui
517 521 599 549 quam
613 515 757 542 minimum
772 516 905 549 temporis
927 515 980 542 im-

197 558 276 592 pendi
306 559 527 587 decentiusrest:
550 559 672 587 discendi
699 564 807 594 temptts
819 559 979 588 universum

197 604 233 630 sit
246 604 307 630 vita:
323 604 453 637 spatium,
484 604 506 630 si
525 603 582 631 ﬁeri
599 608 700 638 potest.
715 604 784 632 Nom
807 605 908 631 bonum
926 610 978 635 est.

196 650 316 676 animum
336 649 406 675 bona
421 656 450 675 re
467 649 592 684 quapiam
608 649 705 682 imbui,
727 650 808 677 etiam
825 654 894 683 tum,
913 658 977 678 cum

196 702 213 720 a
222 701 337 729 corpore
353 694 502 722 dirimitur.

531 740 646 770 LXXVi.

233 786 370 813 Eximium
386 786 451 821 quid
464 791 506 813 est
517 788 622 822 magnis
636 787 774 815 hominem
788 787 892 816 viribus
909 796 981 823 prte-

197 833 283 859 ditnm
302 833 428 860 fraudare
458 833 609 866 neminem,
630 840 680 860 nec
696 833 829 862 adversus
846 835 915 862 alios
932 835 980 861 in-

188 886 321 913 surgere,
344 886 393 906 nec
407 887 571 913 quemquam
592 879 711 913 laedere;
732 880 784 907 nisi
801 880 862 915 quis
882 881 980 908 laedere
995 870 1016 897 Β

197 933 339 961 nunquam
356 926 475 957 desinat.
499 931 525 952 et
552 926 685 954 insultare
703 927 752 954 tibi
767 927 841 955 velit.
859 927 979 961 Bonum,

197 973 241 999 uti
259 973 376 999 maxima
400 972 574 1003 conveniant,
592 980 654 1000 eum
673 974 817 1007 praesentia
833 974 897 1001 boui
913 982 981 1001 con-

196 1020 286 1048 sulere
299 1027 306 1049 ;
321 1019 343 1047 si
360 1025 420 1045 cum
440 1019 554 1046 honesta
567 1018 638 1046 fama
653 1026 708 1046 non
726 1019 807 1047 liceat
822 1020 981 1047 accessione

195 1066 288 1101 potiri.
306 1065 338 1091 Et
352 1065 462 1100 quidem
477 1065 637 1092 accessione
650 1072 702 1092 non
719 1065 810 1092 minus
826 1072 888 1092 esse
899 1065 980 1100 quid-

196 1111 256 1138 dam
274 1111 404 1143 arbitror,
421 1110 505 1137 illaesa
524 1113 635 1137 servare
651 1117 711 1144 quae
730 1110 841 1141 adsunt,
858 1110 891 1138 iis
909 1117 980 1144 prte-

196 1158 290 1186 sertitn
320 1157 500 1192 temporibus,
529 1164 591 1191 qum
607 1157 764 1184 detrimenti
782 1157 930 1191 plurimum
944 1157 982 1184 af-

197 1205 268 1232 l'ert‘e
284 1208 417 1238 possunt.
438 1202 492 1230 Nec
516 1202 583 1230 illud
600 1203 733 1237 praeteniri
761 1203 869 1229 silentio
886 1203 980 1230 debet.

197 1250 276 1277 Noris
295 1250 399 1276 illatum
412 1249 526 1284 publica:
542 1248 580 1275 rei
597 1248 727 1276 damnum
744 1248 797 1275 tuis
809 1255 823 1274 a
835 1248 980 1280 ministris,

197 1297 378 1330 imputaturos
392 1294 452 1327 tibi,
471 1294 519 1329 qui
535 1294 665 1322 damnum
682 1293 838 1328 acceperint
853 1302 859 1326 ;
876 1294 898 1320 si
916 1301 979 1321 cum

196 1349 278 1377 opera
295 1342 439 1368 meliorum
458 1340 496 1367 uti
520 1347 624 1374 posses,
640 1345 688 1366 aut
703 1340 770 1367 istos
783 1340 877 1366 saltem
893 1341 982 1366 corri-

197 1395 271 1423 gere,
285 1394 336 1414 nec
352 1386 417 1413 illud
449 1385 540 1413 facere
561 1385 693 1417 volueris,
708 1390 736 1411 et
752 1385 804 1413 hoc
820 1384 981 1419 neglexeris,

198 1434 319 1467 adeoque
335 1436 464 1467 prmstare
475 1430 598 1464 duxeris,
615 1435 644 1458 ut
659 1430 774 1466 improbi
791 1430 851 1465 plus
868 1430 941 1465 apud
954 1435 981 1459 te

198 1479 305 1513 possint
320 1485 401 1513 quam
417 1476 494 1505 boni.

524 1522 652 1551 LXXVII.

234 1571 358 1599 Gloriosa
370 1569 423 1597 tuis
438 1577 452 1597 a
468 1570 590 1597 maribus
607 1569 678 1597 absit
692 1570 938 1605 arrogantia,sieut
954 1574 982 1598 et

198 1617 392 1645 dissimulatio.
421 1616 488 1643 Nam
519 1621 549 1642 ut
569 1616 625 1642 haec
657 1616 743 1650 turpis
757 1621 809 1648 est,
821 1616 893 1650 quod
907 1616 981 1649 ﬁcta,

197 1665 270 1698 quod
298 1663 393 1690 inertis
403 1669 430 1690 et
441 1662 583 1697 degeneris
612 1662 708 1694 animi,
721 1662 760 1690 sic
776 1662 866 1696 gravis
882 1662 979 1696 altera,

197 1711 270 1746 quod
283 1711 397 1746 superba
411 1710 536 1742 nimium,
554 1709 627 1745 quod
644 1711 768 1737 mordax.
783 1710 857 1738 Satis
872 1715 914 1738 est
925 1718 980 1738 non

198 1763 225 1785 te
240 1757 325 1792 magis
340 1757 455 1784 aliorqu
472 1755 584 1783 credere
597 1755 733 1788 laudibus,
749 1763 829 1790 quant
842 1755 901 1788 tibi,
916 1763 979 1783 cum

199 1804 251 1830 illa:
265 1811 334 1830 verae
360 1811 412 1830 non
429 1807 504 1835 sunt,
521 1809 570 1829 nec
588 1809 715 1837 asperum
731 1801 845 1836 aliquid,
861 1801 980 1829 homini-

198 1858 250 1886 que
260 1849 425 1884 jactabundo
439 1848 616 1881 conveniens,
631 1847 753 1883 proferre
766 1856 773 1874 :
789 1855 842 1874 non
853 1847 981 1875 incedere

198 1904 261 1923 cum
289 1895 371 1927 fastu,
403 1903 453 1923 nec
479 1895 605 1922 attollere
637 1893 794 1928 supercilia,
812 1891 980 1926 licetii,'qui

196 1943 323 1976 plausum
348 1941 424 1973 dam,
445 1948 538 1967 verum
564 1941 666 1968 dicant.
687 1939 726 1967 Ad
750 1939 871 1974 ingestas
888 1943 979 1967 autem

200 1987 293 2014 laudes
303 1986 337 2013 ab
348 1985 420 2018 aliis,
431 1985 509 2018 quasi
522 1986 743 2020 tergiversantem
759 1985 870 2012 delicias
878 1984 979 2018 facere,

200 2040 339 2068 paucaque
352 2032 384 2058 de
396 2039 425 2059 se
445 2031 545 2063 dicere,
559 2038 657 2066 magna
671 2031 782 2064 sentire,
793 2038 876 2066 prope
890 2031 981 2058 sceni-

199 2086 259 2105 cum
275 2077 402 2112 quiddam
418 2079 470 2107 est,
483 2082 510 2103 et
524 2083 608 2110 egens
622 2076 714 2109 larva,
729 2076 776 2104 tibi
801 2075 912 2110 quidem
931 2076 982 2102 mi-

199 2125 272 2151 nime
303 2122 441 2151 convenit.
473 2122 624 2149 lloncstum
658 2122 765 2150 facinus
799 2122 915 2150 illustris
940 2127 983 2150 est

198 2178 299 2206 pra'co.
316 2169 440 2197 Hominis
453 2169 599 2201 modestia,
616 2169 662 2203 qui
679 2176 777 2204 magna
797 2169 911 2204 peregit,
926 2169 980 2196 du-

1030 247 1086 271 vov,
1104 239 1128 265 sl
1153 239 1222 274 πρὸς
1236 239 1285 274 τὴν
1302 236 1388 274 ἧτταν
1411 238 1577 274 αἰσχύνοιτο.
1607 238 1680 265 Ἀλλ’
1699 239 1747 265 ἐπὶ
1764 239 1815 274 μὲν

1029 284 1079 319 τῆς
1098 284 1204 320 τροφῆς
1221 285 1322 320 μιτρον
1345 284 1473 315 ἑκάστοις
1491 285 1506 319 ἡ
1529 284 1620 319 χρεία,
1646 283 1772 311 ἐνταυοοῐ
1785 284 1814 311 δὲ

1029 329 1110 364 χρεία
1124 328 1171 356 τοῦ
1184 329 1317 360 πλείονος.
1335 329 1423 356 Κάκεῖ
1438 329 1488 364 μὲν
1504 328 1583 361 αὖθις
1594 330 1624 356 τὸ
1637 329 1708 357 λεῖόν
1722 339 1752 357 τε
1767 332 1814 357 καὶ

1031 377 1168 412 μονοειδὲς
1189 377 1372 412 ὑγιεινότερόν
1389 386 1420 404 τε
1438 377 1486 405 καὶ
1505 377 1736 412 σπουδαιότερον
1762 375 1815 404 ὧδε

1029 422 1058 450 δὲ
1084 423 1168 449 καλὸν
1185 423 1290 458 ἐστινὴ
1308 423 1466 458 παντοδαπὴ
1490 423 1547 450 τῶν
1570 423 1662 450 καλῶν
1685 423 1815 457 ἄσκησις.

1029 469 1085 496 Καὶ
1096 469 1152 495 τῶν
1169 469 1218 504 μὲςν
1236 469 1329 495 σιτίων
1341 469 1437 504 χρόνος
1451 469 1465 496 ό
1481 469 1652 504 βραχύτατος
1675 469 1816 504 εὐπρεπέ-

1031 523 1138 550 στερος,
1163 516 1223 547 ταῖς
1237 515 1266 542 δὲ
1284 515 1418 550 μαθήσεσι
1432 515 1528 550 καιρὸς
1544 516 1557 542 6
1577 515 1633 550 βίος
1645 515 1715 548 δλος,
1730 516 1754 542 ιι
1767 516 1816 542 ευ-

1029 562 1108 588 νατόν
1118 569 1126 577 ⁸
1143 562 1227 589 καλδν
1238 563 1293 597 γὰρ
1308 563 1445 598 μυηθῆναι
1457 561 1505 596 τὴν
1519 561 1608 598 ψυχήν
1618 570 1644 589 τι
1660 561 1752 594 καλὸν,
1766 562 1816 588 καὶ

1031 609 1219 645 χωριζομένην
1237 609 1320 635 αὑτοῦ
1336 608 1384 634 τοῦ
1401 608 1538 644 σώματος.

1387 742 1455 776 oq'.

1066 792 1230 827 Κράτιστον,
1246 790 1373 826 ἰσχύοντα
1391 791 1474 825 μέγα,
1495 789 1609 825 μηδενὸς
1627 787 1812 819 πλεονεκτεῖν.

1033 839 1100 873 μηδι
1128 836 1359 871 κατεπαῑρεσοαι,
1385 835 1453 872 μηδὲ
1484 835 1615 870 βλάπτειν
1638 834 1772 866 ὁντινοῦν,
1788 835 1814 860 ιι

1033 886 1069 920 μή
1086 893 1127 914 τις
1144 883 1272 918 βλάπτων
1289 883 1319 909 οὺ
1337 882 1466 916 παύεται,
1484 881 1533 909 καὶ
1551 880 1744 916 κατορχεϊσθαί
1764 889 1814 907 σου

1031 929 1114 957 θέλει.
1132 929 1230 960 Καλὸν,
1251 928 1393 964 μεγίστοις
1412 927 1606 962 συμδαίνοντα,
1631 927 1689 956 τοῖς
1707 925 1811 960 παροῦ-

1031 984 1075 1002 σιν
1092 975 1213 1010 ἀγαπᾷν,
1228 974 1261 1000 ἃν
1285 974 1322 1008 μὴ
1342 973 1401 1008 μετ’
1425 973 1552 1004 εὐκλείας
1567 972 1615 1007 ἐξῇ
1639 971 1812 1006 προσθεῖναι.

1037 1020 1114 1055 Ἐμοὶ
1129 1020 1202 1046 δοκεῖ
1227 1018 1388 1055 προσθήκης
1403 1019 1452 1054 οὐχ
1473 1016 1555 1054 ἦττον
1569 1015 1640 1044 εἶναι
1657 1018 1687 1044 τὸ
1700 1017 1735 1044 τὰ
1747 1017 1812 1043 ὂντα

1031 1067 1125 1101 τηρεῖν
1140 1065 1268 1099 ἀλώὸητα
1290 1065 1319 1091 ὲν
1336 1064 1442 1098 καιροῖς
1457 1063 1527 1090 πάνυ
1546 1062 1688 1089 λωϐᾶσθαι
1710 1069 1812 1094 κεκτηρ

1034 1113 1124 1147 μένοις
1150 1111 1276 1145 δύναμιν.
1302 1110 1348 1136 Δεῐ
1369 1110 1397 1136 δὲ
1427 1109 1488 1144 μηδ’
1517 1109 1606 1135 ἐκεῖνο
1628 1107 1811 1142 σιωπηθῆναι.

1033 1158 1103 1186 Ἴσοι
1119 1158 1170 1193 τὴν
1181 1157 1327 1192 ὑπηρετῶν
1342 1157 1382 1188 είς
1399 1156 1430 1184 τὺ
1441 1155 1531 1183 κοινὸν
1541 1154 1643 1190 βλάϐην
1658 1155 1697 1180 σοὶ
1707 1155 1814 1187 λογιου-

1034 1205 1131 1241 μένους
1148 1205 1210 1234 τοὺς
1227 1203 1430 1238 βλαπτομένους
1445 1202 1491 1236 ’ξεί
1507 1202 1595 1236 παρὸν
1609 1201 1734 1235 ἀμείνοσι
1748 1200 1816 1234 χρῆ-

1033 1252 1107 1283 σθαι,
1125 1251 1142 1286 ἢ
1155 1251 1221 1285 γοῦν
1235 1250 1355 1280 ἐκείνους
1367 1249 1498 1284 ὀρθῶσαι,
1518 1247 1598 1275 τοῦτό
1614 1256 1644 1274 τε
1660 1247 1697 1282 μὴ
1710 1247 1814 1282 πρᾶξαι

1034 1297 1174 1332 θελήσαις,
1189 1296 1237 1323 καὶ
1255 1296 1301 1322 τοῦ
1319 1295 1414 1330 ἐτέρου
1431 1294 1654 1330 παραμελῆσαις,
1670 1293 1718 1320 καὶ¹
1734 1293 1816 1320 καλιν

1032 1345 1152 1380 ἡγήσαιο
1176 1343 1253 1378 παρὰ
1269 1343 1310 1369 σοὶ
1324 1343 1406 1370 πλέον
1426 1341 1499 1378 ἔχειν
1519 1341 1583 1373 τοὺς
1609 1340 1744 1376 πονηροὺς
1760 1340 1816 1366 τῶν

1034 1391 1096 1428 pm
1101 1391 1192 1419 ίστων.

1394 1525 1453 1554 02'.

1067 1569 1144 1608 Μήτε
1158 1573 1284 1610 εἰρωνείᾳ
1297 1576 1415 1600 συνεῖναι
1429 1573 1501 1604 θέλε.
1514 1573 1585 1608 μήτε
1595 1573 1740 1606 ἀλαζονεία
1753 1582 1817 1600 συν-

1033 1619 1104 1647 έστω
1127 1628 1181 1646 σοι.
1203 1619 1314 1654 Ἐπειδὴ
1329 1619 1360 1646 τδ
1383 1619 1433 1654 μὲν
1455 1619 1587 1654 αἰσχρόν·
1606 1619 1722 1646 ὓπουλον
1750 1620 1814 1655 γὰρ,

1035 1665 1227 1701 μικροπρεπὲς
1241 1674 1248 1681 ·
1271 1665 1385 1701 Θάτερον
1400 1666 1428 1692 δὲ
1445 1665 1514 1700 βαρύ
1527 1674 1534 1682 υ
1553 1666 1706 1701 ὑπέρογκον
1721 1667 1774 1701 γάρ
1789 1675 1816 1692 τι

1032 1712 1079 1739 καὶ
1089 1711 1250 1746 πληκτικὸν.
1258 1712 1353 1747 Ἀρκεῖ
1364 1712 1401 1747 μὴ
1413 1713 1470 1743 τοῖς
1481 1712 1583 1747 ἑτέρων
1599 1713 1719 1744 ἐπαίνοις
1737 1721 1816 1739 σεαυ-

1030 1758 1078 1786 τοῦ
1094 1758 1195 1793 μᾶλλον
1208 1757 1359 1790 πιστεύειν,
1371 1758 1482 1784 ἐπειδὰν
1495 1758 1546 1784 οὐκ
1558 1757 1711 1792 ἀληθεύωσι
1722 1766 1728 1773 ·
1747 1758 1816 1793 μηδὲ

1031 1804 1119 1831 εἰπεῖν
1142 1804 1271 1839 φορτικὸν
1294 1804 1386 1839 μηδὲν,
1415 1803 1483 1839 μηδι
1510 1804 1700 1839 κομπάζοντος
1719 1804 1813 1838 ῥῆμα·

1033 1850 1072 1884 μὴ
1103 1849 1280 1884 ἁκροϐατείν,
1305 1850 1373 1885 μηδὲ
1390 1849 1439 1884 τὴν
1463 1849 1550 1885 ὀφρὺν
1575 1849 1674 1885 αἴρειν,
1704 1850 1766 1884 μηδῖ
1783 1850 1816 1876 ἂν

1031 1894 1202 1929 ἀληθεύωσιν
1217 1895 1243 1921 oi
1270 1894 1444 1930 κρατοῦντες.
1461 1894 1497 1920 Τὸ
1520 1894 1549 1921 δὴ
1574 1894 1643 1929 προς
1657 1895 1720 1926 τοὺς
1745 1897 1815 1931 παρ’

1030 1939 1134 1974 ἐτέρων
1159 1939 1287 1970 ἐπαίνους
1308 1938 1403 1972 ὥσπερ
1426 1938 1610 1973 ἁκκιζόμενον
1633 1938 1813 1974 θρύπτεσθαι,

1032 1986 1080 2013 καὶ
1095 1985 1182 2020 μικρὰ
1197 1985 1246 2019 μὲν
1262 1985 1355 2019 λέγειν
1371 1985 1436 2019 περὶ
1462 1984 1573 2017 σαυτοῦ,
1593 1985 1700 2019 μεγάλα
1717 1984 1746 2011 δὲ
1760 1986 1827 2012 οτι--

1032 2031 1105 2064 σθαι,
1122 2031 1221 2066 μικροῦ
1245 2030 1301 2056 δεῖν
1329 2030 1459 2064 οκηνικόν
1480 2031 1550 2062 ἑστι,
1567 2031 1614 2057 καὶ
1637 2031 1815 2063 προσωπείου

1031 2077 1170 2111 δεόμενον,
1194 2077 1208 2103 ὅ
1226 2085 1268 2103 σοι
1285 2076 1443 2111 μηδαμόθεν
1464 2076 1596 2111 προσῆκε.
1624 2077 1727 2112 Πρᾶξις
1745 2077 1816 2112 καλὴ

1032 2122 1121 2157 κῆρυξ
1148 2122 1285 2157 λαμπρός.
1308 2122 1345 2149 Τὸ
1366 2122 1522 2157 μετριάζειν
1548 2122 1656 2157 μεγάλα
1681 2123 1817 2158 πράξαντι

1031 2168 1142 2196 διπλοῦν
1165 2168 1196 2195 τδ
1222 2168 1355 2204 τρόπαιον
1380 2169 1496 2202 ἵστησιν,
1514 2168 1546 2195 ἐκ
1567 2177 1597 2195 τε
1626 2169 1682 2196 τῶν
1706 2170 1818 2202 ἀγαυῶν

199 2217 273 2251 plum
291 2220 422 2250 trOpaaum
448 2214 561 2245 statuit,
577 2218 633 2240 tum
651 2213 730 2241 iactis
744 2214 821 2248 ipsis,
839 2219 894 2241 tum
904 2214 980 2248 quod

1035 2215 1133 2249 ἔργων,
1149 2214 1197 2240 καὶ
1219 2213 1267 2241 τοῦ
1284 2215 1321 2248 μὴ
1341 2213 1447 2244 τούτοις
1471 2214 1644 2249 ἐπαίρεσθαι.
1665 2214 1696 2240 '0
1716 2214 1818 2249 emu-

199 2263 233 2288 ob
247 2268 278 2288 ca
303 2268 337 2288 se
353 2267 405 2287 nou
423 2259 526 2286 ederat.
546 2259 581 2285 At
600 2265 664 2286 vero
688 2259 736 2293 qui
751 2266 865 2294 magnas
881 2267 925 2286 res
939 2267 985 2293 ge-

201 2309 247 2340 rit,
263 2312 289 2334 et
300 2313 397 2341 magna
410 2306 713 2341 loquitur,tamumque
727 2312 780 2331 non
795 2306 887 2332 volare
899 2305 983 2340 gestis

197 2353 331 2388 prmelare
349 2353 429 2379 rebus
444 2352 501 2386 ipse
517 2351 569 2378 sibi
582 2351 700 2384 videtur,
711 2351 792 2378 etiam
811 2351 843 2378 iis
854 2350 983 2378 molestus

201 2408 232 2427 ac
243 2399 334 2434 gravis
349 2397 442 2430 fuerit,
457 2397 503 2431 qui
517 2397 576 2431 ejus
589 2404 670 2431 opera
686 2396 765 2424 bonis
779 2396 920 2423 fruuntur.
937 2395 984 2423 Est

199 2445 273 2474 enim
288 2445 400 2472 adversa
417 2443 471 2471 Deo
487 2450 595 2477 quoque
620 2442 759 2477 superbia.
774 2443 942 2476 Quapropter
960 2441 984 2469 si

201 2491 295 2527 gloriae
312 2490 429 2524 cupidus
449 2497 489 2520 es.
503 2489 581 2516 factis
597 2496 656 2516 eam
673 2488 797 2523 persequi
822 2488 915 2519 debes.
930 2496 983 2515 non

199 2538 291 2565 verbis
315 2543 463 2564 arcessere.
494 2535 561 2562 Nam
578 2540 747 2563 arcessentes
777 2534 863 2568 fugit.
893 2541 921 2561 ct
950 2534 983 2561 ad

199 2585 273 2617 illos,
289 2584 335 2619 qui
364 2582 443 2610 [actis
470 2589 530 2609 eam
552 2586 693 2616 prensant,
707 2588 789 2616 quant
807 2579 986 2608 libentissime

199 2631 314 2660 accedit.

519 2672 659 2700 LXXVIII.

232 2724 284 2751 Est
311 2722 424 2750 omnino
451 2721 561 2750 difﬁcile
579 2720 750 2751 mortalibus.
769 2720 803 2748 de
822 2721 987 2756 rebusjudi-

194 2776 272 2795 care.
291 2767 357 2794 Nam
375 2767 515 2801 quibusin
540 2766 618 2793 malis
637 2771 788 2796 versamur,
801 2772 831 2791 ea
847 2764 983 2792 deteriora

202 2819 329 2848 putamus
347 2813 418 2843 aliis,
431 2813 558 2846 quoniam
577 2811 690 2842 malum,
707 2810 777 2844 quod
791 2811 878 2843 adest,
893 2811 984 2844 seiper

197 2860 316 2895 qquam
333 2858 413 2885 modo
426 2859 535 2892 gravius
564 2864 625 2884 esse
643 2856 758 2888 videtur,
775 2855 887 2890 ipsaque
917 2863 987 2890 pra:-

1034 2261 1105 2294 γάλα
1120 2261 1170 2295 μὲν
1184 2260 1279 2292 ποιῶν,
1295 2260 1402 2294 μεγάλα
1412 2260 1440 2286 δὲ
1452 2259 1552 2293 λέγων,
1568 2260 1614 2287 καὶ
1628 2261 1770 2294 μονονουχὶ
1779 2260 1819 2286 δο-

1034 2307 1090 2334 κῶν
1104 2308 1160 2337 τοῖς
1173 2306 1369 2341 κατορθώμασι
1389 2306 1530 2337 πέτεσθαι.
1544 2307 1592 2333 καὶ
1604 2307 1660 2337 τοῖς
1679 2305 1712 2332 δι’
1732 2306 1817 2332 αὑτοῦ

1034 2354 1124 2380 καλῶν
1136 2353 1303 2380 ἀπολαύουσι
1315 2352 1435 2387 λυπηρὸς
1445 2353 1478 2379 ἂν
1487 2353 1601 2386 γίνοιτο.
1609 2353 1646 2379 Τὸ
1653 2354 1707 2386 γὰρ
1714 2353 1802 2387 ὑπερή
1811 2368 1819 2373 -

1035 2409 1118 2435 φανον
1141 2400 1188 2426 καὶ
1211 2399 1271 2434 Θεῷ
1297 2399 1439 2434 πολέμιον.
1455 2399 1539 2434 Δόξης
1559 2399 1604 2426 οὖν
1629 2400 1746 2434 δρῶντα,
1763 2401 1818 2435 χρὴ

1034 2447 1126 2483 ἔργοις
1135 2455 1163 2474 τε
1174 2447 1275 2481 ταύτην
1287 2446 1407 2478 διώκειν,
1423 2445 1471 2472 καὶ
1484 2446 1521 2480 μὴ
1533 2447 1747 2481 προσκαλεῖσθαι
1762 2449 1819 2477 τοῖς

1035 2494 1136 2528 λόγοις.
1156 2492 1253 2527 Φεύγει
1267 2493 1321 2527 γὰρ
1340 2493 1403 2522 τοὺς
1421 2492 1586 2524 καλοῦντας·
1609 2493 1665 2524 τοῖς
1678 2492 1706 2518 δὲ
1727 2492 1819 2526 ἔργοις

1035 2540 1121 2576 αὐτὴν
1134 2538 1316 2575 δεξιουμένοις
1333 2539 1521 2574 ἀσμενέστατα
1536 2538 1728 2574 προσέρχεται.

1396 2669 1461 2697 ΟΗ’.

1078 2715 1199 2750 ’Δληϐῶς
1215 2715 1267 2743 τῶν
1284 2715 1370 2742 ὄντων
1388 2716 1465 2742 οὐδὲν
1479 2715 1605 2750 εὒκριτον
1619 2712 1772 2750 ἀνθρώποις
1786 2713 1820 2742 ἄν

1037 2761 1090 2795 εἴη.
1120 2757 1167 2791 Οἷς
1193 2761 1247 2795 γὰρ
1264 2759 1394 2795 χρώμεθα
1419 2761 1525 2792 κακοῖς,
1550 2760 1634 2794 χείρω
1658 2759 1745 2786 ταῦτα
1765 2759 1820 2786 τῶν

1037 2807 1126 2834 ἄλλων
1142 2807 1290 2841 νομίζομεν
1301 2813 1308 2820 ⁸
1334 2807 1375 2832 ὅτι
1390 2806 1420 2832 τὸ
1434 2807 1521 2832 δεινὸν
1539 2807 1628 2840 παρὸν
1649 2805 1747 2833 ἑαυτοῦ
1767 2806 1822 2832 δει-

1038 2853 1145 2887 νότερόν
1164 2861 1222 2884 πως
1243 2853 1327 2885 δοκεῖ,
1343 2852 1416 2886 αὑτῷ
1438 2852 1475 2887 τῷ
1500 2854 1627 2888 παρεῖναι
1645 2852 1700 2879 τῶν
1715 2853 1747 2878 οὐ
1766 2859 1821 2879 παι-
