1937 3078
105 189 159 218 libi]

585 186 790 217 PRXECEPTA
810 184 1070 216 EDUCATIONIS
1089 184 1227 214 REGIE.

1672 179 1738 211 370"

104 243 209 278 ρόντων
224 241 404 269 πλεονεκτοῦν
419 249 426 258 ·
438 241 485 269 καὶ
505 241 631 276 ﬁnali-11‘
645 243 678 270 ἄν
693 251 737 274 τις
752 241 893 273 πιέζοντος

953 243 1032 269 tentia
1047 249 1095 269 sua
1106 241 1233 276 deprimit
1245 238 1369 267 absentia
1386 239 1456 266 mala
1469 248 1475 266 :
1494 239 1572 267 facile
1585 243 1614 266 ut
1628 239 1730 274 aliquis

104 289 209 323 κούφου
228 288 444 324 ἐμϐριθέστερον
460 289 567 322 μέλλον,
584 289 629 315 Διδ
653 289 700 316 καὶ
717 290 772 320 τοῖς
788 288 888 315 ἀποῦσι

105 335 323 370 προστρέχομεν,
336 334 387 361 κᾶν
403 331 454 361 ὦσι
473 335 558 369 μείζω
574 335 629 361 τῶν
642 334 737 361 ὅντων.
751 335 782 361 Εἰ
801 335 823 361 δ’
839 335 889 360 αὐ-

105 382 163 413 τοῖς
186 380 360 416 ἐντύχοιμεν,
385 381 554 415 ἐπαινοῦμεν
576 380 655 412 αὖθις
681 383 715 407 τὰ
738 380 889 414 φθάσαντα.

105 426 162 452 Καὶ
174 425 307 458 πολλάκις
331 434 363 460 γε
383 427 465 462 τυχὸν
477 427 556 453 τοῦτο
577 427 703 461 δράσειεν
719 427 751 453 ἄν
766 434 819 458 τις.
835 427 890 453 Καὶ

105 470 245 506 δηλοῦσιν,
270 472 296 498 οἳ
320 472 468 506 φεύγοντες
490 473 537 500 τὸν
560 473 682 508 σίδηρον,
708 472 891 507 ὑποϐρυχίους

106 518 222 549 ἑαυτοὺς
250 518 392 546 ποιοῦσινν
413 517 474 547 εἶτα
499 520 623 554 ναυαγίῳ
648 511 830 555 χρησάμενοι,
845 521 893 546 κα)¹

107 562 313 595 κινδυνεύοντες
328 565 489 599 καταδῦναι,
510 565 640 600 διστόμου
660 565 797 600 μαχαίρας
812 565 893 600 δράτ-

107 617 214 637 τονται.
228 610 284 637 Καί
300 610 351 637 πού
370 619 410 642 τις
431 611 535 638 καπνὸν
549 611 659 646 φεύγων
672 611 895 647 ἀπερισκέπτως,

108 656 150 686 είς
168 655 225 690 πῦρ
248 656 361 683 ἐνέπεσε
373 665 381 673 ·
400 658 446 684 καὶ
463 655 498 685 αὖ
521 658 588 692 πυρὶ
606 657 783 692 φλεγόμενος,
797 658 834 689 ὡς
849 658 894 684 ἐπὶ

109 701 287 736 παραμύθιον
300 703 347 730 τὸν
373 705 497 739 κρημνὸν
521 705 651 739 ἔδραμεν.
670 705 703 731 Ol
724 705 778 739 γὰρ
802 704 895 731 πολλοὶ

108 745 165 772 τῶν
190 746 361 783 ἀνθρώπων.
392 749 473 784 δεινῷ
507 749 555 776 τοῦ
591 749 725 785 λογισμοῦ
752 750 896 784 συσχεθέν-

110 802 168 827 τος,
182 794 223 821 ὅτι
242 795 292 829 μὲν
308 795 457 830 φεύγομεν.
479 797 560 831 ῖσμεν
573 804 580 812 ·
596 797 657 823 ὅποι
676 796 705 822 δὲ
727 796 896 830 καταφευξό-

112 837 191 872 μεθα,
205 838 285 866 τοῦτο
300 839 332 875 δὴ
350 839 388 872 ὡς
403 840 493 868 ἔοικεν
516 840 679 877 ἀγνοοῦμεν.
698 842 754 869 Καὶ
779 841 825 868 ἐπὶ
842 842 896 869 τῶν

111 883 313 917 εύφραινόντων
339 884 368 911 δὲ
385 885 418 912 τὰ
437 885 483 913 ῐσα
505 886 609 918 τούτοις
636 887 788 922 πάσχομεν.
813 887 896 914 Οὐδὲν

110 929 164 963 γὰρ
175 929 261 964 δήπου
275 930 331 956 τῶν
342 930 476 958 ποθεινῶν
489 933 616 967 στήσειεν
628 933 662 959 ἂν
677 931 743 968 ἡμῖν
755 932 798 968 ἐφ’
810 927 898 967 ἑαυτῷ
914 927 935 954 Β

111 975 160 1010 τήν
176 975 336 1010 ἐπιθυμίαν.
355 977 410 1003 Καὶ
426 978 565 1005 δείκνυσιν
581 979 651 1014 αὺτὴ
675 979 777 1013 τρυφὴ,
800 979 834 1005 ἶν’
849 979 897 1013 ἀφ’

111 1021 204 1053 ἑστίας
219 1023 287 1056 ἡμῖν
308 1023 402 1059 δειχθῇ
419 1024 449 1050 τὺ
466 1024 659 1059 προκείμενον.
675 1025 738 1051 Τῶν
766 1024 821 1060 γὰρ
843 1026 899 1059 ἡδί-

111 1075 183 1094 στων
198 1068 383 1101 ἀπολαύοντες
396 1070 436 1101 είς
447 1070 537 1104 κόρον,
548 1068 630 1105 ἧττον
643 1070 733 1096 αὐτῶν
744 1070 899 1105 ὀρεγόμεθα

109 1113 166 1139 τῶν
194 1114 392 1150 ἀφισταμένων
421 1115 517 1148 ἁπλῶς
533 1115 631 1150 ἡδέων.
655 1115 714 1142 Κᾶν
733 1116 774 1148 εἰς
802 1116 899 1151 ἡδονὴν

110 1159 223 1187 ἔλαττον
237 1161 286 1196 ἔχῃ
302 1161 332 1188 τὸ
355 1161 594 1197 προσδοκώμενον,
612 1162 719 1197 πέφυκε
738 1162 843 1196 θέλγειν
859 1162 898 1198 τῷ

110 1205 317 1240 προσδοκᾶσθαι
329 1215 338 1222 ο
352 1207 401 1233 καί
423 1208 475 1233 πού
494 1216 537 1238 τις
551 1207 711 1243 ἐπεθύμησε
726 1208 835 1240 πολλοῖς
851 1217 902 1234 πε-

113 1252 289 1287 ριρῤεόμενος
315 1253 440 1286 ἀγαθοῖς,
459 1253 473 1279 δ
490 1253 558 1289 μηδὲ
577 1255 633 1285 τοῖς
654 1253 759 1284 δούλοις
779 1254 811 1280 ἂν
826 1254 900 1286 ἔδοξε
919 1282 922 1284 ,

113 1297 257 1332 μεθεκτόν.
273 1300 319 1325 Δεῖ
329 1299 360 1334 δὴ
377 1299 537 1334 φρονήσεως
550 1300 627 1335 ἡμῖν,
641 1300 713 1327 ὥστε
735 1300 774 1335 τῷ
795 1300 834 1336 νῷ
848 1309 902 1327 πα-

113 1343 278 1378 ραϐάλλουσι
293 1344 328 1371 τὰ
352 1344 417 1371 ὄντα
438 1345 495 1376 τοῖς
511 1345 639 1378 ἀποῦσιν,
660 1345 745 1381 ὀρθήν
764 1353 825 1372 τινα
847 1345 901 1381 ψῆ-

113 1399 162 1424 φον
176 1391 342 1424 ἐξενεγκεῖν.

940 289 1001 316 leve
1026 288 1139 319 malum,
1167 287 1240 322 quod
1258 286 1369 321 premit,
1391 293 1454 313 cum
1487 285 1579 313 futuro
1604 284 1730 320 graviore

941 333 1162 370 commutaverit.
1193 332 1230 359 Ea
1249 337 1361 367 propter
1392 336 1417 359 et
1437 339 1519 358 cursu
1543 330 1576 357 ad
1594 330 1639 357 illa
1651 330 1729 362 quasi

942 387 1120 415 properamus
1129 379 1211 411 mala,
1226 386 1285 413 qua!
1297 378 1405 409 absunt,
1424 376 1533 404 tametsi
1550 375 1731 410 praesentibus

942 425 1046 459 majora
1059 425 1125 452 sint.
1144 424 1182 451 Ad
1194 424 1287 452 eadem
1305 431 1369 451 vero
1382 423 1477 456 delati,
1493 429 1603 449 rursum
1619 425 1731 456 praeter-

943 470 979 497 ita
993 471 1147 497 laudamus.
1172 470 1249 503 Quod
1264 469 1374 504 quidem
1387 468 1545 499 usuvenire,
1561 467 1602 494 vel
1619 466 1657 493 illi
1668 470 1732 493 sunt

944 515 1056 547 indicio.
1068 515 1113 550 qui
1131 515 1235 542 ferrum
1248 515 1394 549 fugientes,
1414 514 1441 540 iu
1455 513 1544 540 undas
1560 519 1621 539 sese
1634 511 1731 546 prmei-

945 562 1042 596 pitant,
1057 561 1154 588 deinde
1166 560 1338 596 naufragium
1350 559 1434 595 passi,
1448 563 1475 586 et
1486 556 1687 585 submersionis
1705 556 1731 583 in

946 607 1067 642 periculo
1079 607 1230 639 constituti,
1249 606 1368 642 gladium
1383 605 1529 639 ancipitem
1548 603 1731 638 prehendunt.

946 655 1024 682 Alius
1035 653 1236 681 inconsiderate
1251 652 1358 679 fumum
1378 651 1496 685 fugiens,
1511 650 1537 676 in
1552 650 1640 686 ignem
1657 647 1732 678 ruit;

946 708 978 728 ac.
993 699 1114 727 vicissim
1132 699 1166 725 ab
1183 697 1238 732 igni
1253 697 1318 724 dum
1335 697 1436 728 uritur,
1449 696 1482 722 ad
1504 694 1669 729 praecipitem
1688 700 1734 719 ru-

947 754 1020 782 pem,
1037 745 1120 772 veluti
1133 744 1262 771 solatium
1276 742 1425 777 quoddam,
1449 741 1579 768 accurrit.
1596 739 1663 767 Nam
1679 738 1735 773 ple-

948 792 1026 826 rique
1040 790 1181 822 mortales,
1205 789 1270 816 dum
1299 788 1368 815 ratio
1383 788 1407 814 vi
1426 787 1489 814 mali
1503 785 1646 821 premitur,
1662 784 1734 819 quod

948 838 1096 874 fugiamus,
1107 836 1228 864 scimus:
1241 842 1296 870 quo
1309 841 1373 861 vero
1383 830 1667 866 confugiamus,'scire
1681 837 1734 856 non

948 891 1107 919 possumus.
1132 881 1294 908 Consimilia
1328 879 1408 907 nobis
1421 884 1448 906 et
1478 878 1546 905 lanis
1562 877 1644 904 rebus
1661 875 1736 903 acci-

950 931 1027 957 dunt.
1040 928 1108 956 Nam
1125 935 1169 955 res
1185 927 1264 962 plane
1290 926 1364 954 nulla
1380 930 1432 958 est,
1451 933 1483 952 ex
1497 925 1626 951 universo
1645 929 1737 949 rerum

952 981 1079 1007 numero,
1096 981 1165 1009 quas
1183 973 1308 1000 homines
1320 975 1462 1006 expetunt,
1479 978 1538 1005 quae
1550 970 1578 996 in
1592 976 1621 996 se
1632 967 1738 1002 cupidi~

953 1025 1034 1048 tatem
1058 1024 1180 1047 nostram
1197 1019 1296 1046 sistere
1323 1017 1423 1053 possit.
1438 1017 1607 1051 Argumenta
1622 1020 1663 1042 est
1679 1015 1738 1048 ipsa

951 1067 1088 1101 voluptas,
1116 1065 1255 1097 utalare,
1283 1063 1355 1099 quod
1386 1063 1474 1095 aiunt,
1500 1069 1555 1088 rem
1571 1060 1737 1095 propositam

953 1112 1142 1140 ostendamus.
1168 1110 1272 1144 Quippe
1301 1116 1362 1136 cum
1376 1107 1587 1143 jucundissimis
1604 1106 1685 1132 rebus
1705 1105 1739 1132 ad

951 1159 1105 1187 satietatem
1117 1157 1243 1188 fruimur,
1261 1155 1352 1182 minus
1367 1161 1413 1181 eas
1426 1153 1680 1188 appetitnus,quam
1691 1159 1738 1185 ju-

951 1205 1041 1233 cunda
1053 1203 1225 1238 simpliciter,
1243 1208 1304 1236 qua:
1321 1208 1374 1227 non
1391 1199 1501 1226 adsunt.
1518 1197 1556 1225 Ac
1573 1199 1636 1224 licet
1649 1197 1741 1224 minus

952 1250 1098 1286 voluptatis
1115 1249 1224 1279 habeat,
1243 1248 1317 1282 quod
1344 1247 1371 1273 in
1394 1245 1598 1280 exspectatione
1618 1244 1738 1278 positum

953 1303 1004 1329 est,
1020 1302 1109 1324 tamen
1126 1296 1184 1330 ipsa
1199 1293 1242 1321 sui
1252 1292 1457 1327 exspectatione
1474 1291 1612 1318 delectare
1627 1295 1742 1316 consue-

953 1345 1004 1371 vit.
1024 1343 1081 1370 lmo
1103 1341 1230 1377 pluribus
1243 1340 1304 1375 quis
1330 1339 1410 1366 bonis
1434 1337 1559 1367 affluens,
1587 1336 1612 1363 id
1637 1335 1742 1370 appulit

954 1388 1112 1424 aliquando,
1130 1387 1209 1421 cujus
1228 1385 1284 1412 fieri
1308 1384 1457 1420 participes
1481 1391 1516 1410 ne
1532 1382 1604 1410 servi
1628 1381 1741 1416 quidem

113 1436 221 1465 vellent.
249 1437 382 1466 Nimirum
411 1438 555 1474 prudentia
588 1438 669 1467 nobis
686 1443 728 1467 est
753 1446 836 1476 opus,
868 1441 897 1465 ut
917 1439 1009 1464 mente
1022 1437 1215 1469 comparantes
1226 1431 1370 1467 praesentia
1388 1429 1509 1463 eumiis,
1539 1436 1601 1464 quae.
1629 1427 1740 1458 absunt.

113 1486 214 1509 rectam
226 1484 371 1517 quamdam
383 1485 544 1512 sententiam
557 1483 687 1511 feramus.

130 1538 133 1541 -
475 1530 538 1558 oon
661 1522 673 1533 '

148 1574 240 1610 Ζημία
263 1575 381 1610 μεγίστη
399 1577 454 1607 τοῖς
473 1575 621 1610 πράγμασι
643 1575 673 1602 τὸ
686 1575 838 1609 διαχεῖσθαι
851 1574 899 1600 τὶν

1286 1520 1405 1548 LXXIX.

987 1568 1189 1597 Tristissiinum
1205 1567 1289 1594 rebus
1305 1566 1402 1593 all'erre
1413 1565 1544 1593 damnum
1559 1564 1629 1592 solet
1639 1564 1741 1591 animo-

113 1620 178 1647 νοῦν
192 1609 249 1652 τοῖς
268 1609 407 1655 ἄρχουσιν.
425 1609 536 1648 Ὀτενδὲ
550 1609 682 1646 ἀδύνατον
695 1619 773 1654 φλογὶ
792 1617 899 1653 φροντί-

954 1625 1015 1644 rum
1042 1616 1071 1643 in
1090 1614 1259 1650 principibus
1272 1611 1447 1640 exhilaratio.
1480 1611 1533 1638 Sed
1550 1610 1660 1644 quando
1682 1609 1741 1636 fieri

113 1665 166 1692 δων
179 1666 358 1702 ἐγκαρτερεῖν
372 1667 506 1702 διηνεκῶς
516 1667 570 1698 ,τὸν
585 1667 752 1702 κρατοῦντα,
773 1665 901 1692 τοσοῦτον

114 1712 128 1737 ὸ
142 1711 205 1743 νοῦς
220 1711 397 1738 ἀπολελύσθαι
414 1712 575 1746 φροντίδων.
591 1712 653 1738 ὅσον
667 1720 697 1737 τε
712 1712 763 1745 τὴν
780 1710 902 1746 ἀθυμίαν

115 1757 297 1790 ἀποσοϐῆσαι,
324 1757 371 1784 καὶ
395 1758 432 1792 μὴ
460 1758 603 1792 συνεχέσιν
626 1757 743 1792 ὄμϐροις
767 1756 815 1784 τοῦ
839 1757 903 1792 τῇδε

116 1803 173 1838 βίου
201 1804 434 1839 κατακλυσθῆναι.
459 1805 568 1831 Πολλῶν
592 1804 647 1839 γὰρ
665 1805 750 1832 ὄντων
766 1803 814 1831 καὶ
843 1813 902 1831 ποι-

116 1851 213 1882 κίλων,
228 1851 283 1877 τῶν
310 1850 472 1886 μεθημέραν
488 1850 536 1878 καὶ
559 1851 669 1885 νύκτωρ
692 1849 902 1885 ἀναγκαζόντων

116 1897 280 1932 φροντίζειν,
289 1897 409 1929 εὐκόλως
423 1897 456 1924 ἂν
473 1897 521 1924 καὶ
534 1898 547 1924 δ
560 1896 652 1932 ἄρχων
666 1897 715 1932 τὴν
728 1896 799 1931 ζωὴν
813 1905 901 1931 προσ-

116 1944 271 1976 απολέσειε,
290 1944 436 1979 πράγμασι
459 1943 585 1971 παλαίων
610 1944 664 1975 ἀεὶ,
682 1944 817 1980 μηδαμῶς
842 1944 901 1974 τοῖς

116 1991 259 2026 λογισμοῖς
274 1990 428 2026 ἐκεχειρίαν
448 1990 560 2017 διδοῦσι.
577 1990 647 2016 Φασὶ
660 1990 689 2016 δὲ
699 1989 746 2017 καί
769 1998 831 2016 τινα
848 1989 903 2015 τῶν

117 2037 201 2063 πάλαι
220 2036 367 2072 μεγίστων,
394 2036 486 2071 ἁϐρῶς
508 2037 565 2067 τοῖς
582 2036 672 2070 φίλοις
697 2035 903 2071 συνευωχούμε-

116 2092 172 2117 νον,
189 2085 287 2116 είπείν,
305 2084 361 2110 δεῖν
386 2083 431 2111 τδν
456 2082 518 2110 νοῦν
539 2083 690 2118 φροντίδων
706 2082 790 2116 λύειν,
808 2082 902 2117 ὥσπερ

116 2130 150 2156 τὰ
165 2130 230 2162 τόξα
247 2131 302 2156 τῶν
315 2130 420 2165 νευρῶν
432 2129 600 2164 ἀπολύομεν,
615 2130 639 2156 εἰ
654 2129 799 2163 μέλλοιμεν
811 2128 903 2160 αὐτοῖς

119 2176 241 2210 ἰσχυροῖς
254 2174 331 2208 αὖθις
347 2176 478 2211 χρῆσθαι,
502 2174 708 2202 ἐπαναλασοῦσι
722 2174 773 2209 τὴν
797 2174 904 2200 οίκείαν

117 2223 241 2256 δῦναμιν.
260 2223 334 2257 Πλήν
347 2231 378 2257 γε
392 2224 424 2258 τῇ
441 2222 566 2258 ῥᾳστώνῃ
582 2221 724 2256 χρώμεθα,
739 2220 776 2252 ὥς
788 2229 839 2253 τινι
854 2221 904 2256 τῆς

117 2268 236 2302 ἀθυμίας
249 2268 403 2304 βοηθήματι
415 2277 422 2284 ·
439 2267 526 2299 ἄλλως
541 2267 569 2294 δὲ
583 2266 668 2301 αὐτὴν
683 2266 903 2301 ἀπορῤίπτομεν.

955 1662 1061 1697 nequit.
1077 1666 1105 1688 ut
1118 1663 1251 1695 perpetuo
1262 1665 1393 1686 curarum
1410 1657 1547 1684 ﬂammam
1561 1656 1694 1683 sustineat
1708 1655 1742 1688 is,

952 1709 1000 1744 qui
1020 1714 1112 1735 rerum
1140 1706 1254 1741 potitur,
1275 1708 1390 1732 eatenus
1421 1710 1498 1730 mens
1514 1702 1590 1729 euris
1608 1702 1742 1733 solvatur,

952 1759 1090 1790 quatenus
1102 1756 1130 1780 et
1139 1752 1223 1779 animi
1239 1750 1392 1778 molestiam
1405 1749 1533 1784 depellat,
1544 1755 1595 1775 nec
1607 1747 1743 1775 imbribus

954 1800 1038 1837 hujus
1055 1800 1117 1828 vitae
1127 1799 1266 1827 continuis
1277 1798 1418 1825 obruatur.
1431 1796 1498 1824 Nam
1507 1803 1568 1822 eum
1584 1795 1666 1822 multa
1678 1795 1744 1828 sint,

954 1855 1044 1882 eaque
1056 1846 1143 1878 varia,
1170 1853 1230 1880 quae
1247 1849 1301 1871 tam
1319 1843 1452 1874 interdiu.
1468 1849 1549 1876 quam
1566 1845 1647 1868 noctu
1667 1841 1744 1874 prin-

953 1894 1043 1929 cipem
1060 1892 1207 1920 sollicitum
1227 1897 1288 1918 esse
1320 1893 1432 1924 cogunt,
1452 1888 1531 1915 facile
1544 1888 1626 1923 vitam
1646 1887 1743 1915 amise-

954 1937 1002 1969 rit,
1020 1943 1126 1970 semper
1142 1942 1204 1962 cum
1228 1934 1345 1969 negotiis
1365 1933 1540 1961 colluctando
1552 1953 1560 1964 ,
1577 1940 1638 1967 quae
1653 1933 1744 1960 nullas

953 1981 1064 2009 omnino
1076 1979 1418 2015 cogitationibusinducias
1429 1979 1587 2006 concedant.
1595 1978 1744 2006 Perhibent

952 2026 1101 2063 quemdam
1130 2026 1280 2053 maximqu
1310 2025 1449 2060 quondam
1467 2025 1567 2056 virum,
1585 2024 1661 2051 laute
1678 2033 1742 2052 cum
1762 2036 1766 2040 -

955 2074 1051 2101 amicis
1068 2074 1238 2108 epulantem,
1269 2073 1384 2104 dixisse,
1403 2077 1521 2100 mentem
1536 2072 1611 2099 euris
1630 2073 1745 2099 solven-

955 2120 1017 2147 dam
1032 2128 1104 2153 esse,
1118 2120 1189 2147 sicut
1202 2127 1282 2147 arcus
1298 2127 1430 2147 enervare
1443 2119 1590 2151 soleamus,
1606 2119 1744 2153 siquidem

955 2166 1010 2194 illis
1026 2167 1122 2193 iterum
1139 2165 1236 2192 validis
1254 2165 1294 2192 uti
1311 2165 1427 2193 velimus
1440 2185 1448 2197 ,
1475 2164 1634 2192 instauratis
1648 2172 1743 2192 eorum

939 2212 1072 2240 'viribus.
1088 2211 1141 2239 Sed
1160 2212 1210 2238 hac
1227 2217 1319 2239 tamen
1335 2211 1500 2238 relaxatione
1512 2210 1608 2238 saltem
1627 2211 1742 2243 utimur,

958 2258 1041 2286 veluti
1065 2259 1184 2294 quodam
1208 2257 1381 2293 aegritudinis
1407 2257 1493 2284 animi
1526 2256 1664 2290 remedio;
1681 2265 1744 2284 eum

117 2315 161 2341 ἳνα
173 2301 216 2349 μὴ
231 2301 298 2341 πολῦ
317 2301 424 2349 τρυφᾷν
435 2315 601 2349 ἐφιεμένοις,
614 2313 682 2340 πολὺ
703 2313 772 2348 πρὸς
785 2313 899 2340 τούναν-

953 2313 1015 2333 eam
1045 2303 1193 2339 etetcroqui
1213 2303 1382 2339 rejieiamus,
1402 2311 1435 2330 ne
1458 2302 1610 2337 voluptates
1627 2302 1744 2329 nimium

116 2363 174 2388 τίον
190 2363 256 2398 ἡμῖν
280 2362 398 2396 περιστῇ
422 2361 453 2387 τὸ
472 2361 607 2396 βούλημα.
629 2361 666 2387 Τὸ
683 2361 739 2396 γὰρ
762 2361 791 2390 ἐς
815 2350 901 2394 ἄκρον

117 2408 268 2443 διαχεῖσθαι
285 2408 313 2439 ἐς
330 2408 414 2449 ἀκρον
429 2407 611 2435 συνεστάλθαι
626 2408 713 2434 ποιεῖν
732 2406 838 2433 εἴωθεν.

492 2496 536 2524 l'l'.

158 2544 215 2571 Οὐκ
230 2543 304 2570 ἔστιν
318 2543 407 2574 οὐδεὶς
422 2544 450 2570 ὲν
467 2541 634 2578 ἀνθρώποις,
647 2542 675 2573 ὃς
693 2543 726 2569 αν
741 2541 843 2575 σπουδῇ
858 2540 906 2567 καὶ

122 2591 215 2621 πόνοις
242 2589 377 2625 διηνεκῶς
401 2590 554 2624 χρήσαιτοο
577 2588 634 2615 ἀλλ’
660 2590 677 2624 ὴ
693 2588 774 2623 φύσις
798 2588 907 2621 ἑκάστῳ

122 2636 302 2668 σπουδάζοντι
318 2635 364 2662 καὶ
377 2634 556 2670 παραμυθίας
570 2634 644 2666 τινὸς
663 2634 781 2669 ἐφίεται.
798 2633 906 2664 Ἀλλοις

123 2683 172 2713 μὲν
187 2681 233 2709 οὖν
246 2681 314 2709 ἀλλα
325 2681 393 2717 πρὸς
408 2680 544 2717 ρᾳθυμίαν
557 2680 719 2715 ὲξεύρηταιο
737 2679 778 2706 σοὶ
793 2678 821 2705 δὲ
835 2678 906 2712 μετά

122 2728 222 2759 πόνους
237 2727 301 2757 τοὺς
317 2726 458 2762 βασιλεῦσι
474 2726 664 2761 προσήκοντας
679 2721 802 2761 ἀρκείτω
812 2725 846 2751 τὰ
864 2719 905 2759 βιέ

123 2773 196 2804 ὃλία.
213 2773 260 2800 καὶ
279 2772 309 2799 τδ
328 2772 430 2805 πεδίον,
448 2772 579 2805 ἑκάτερον
602 2772 673 2807 μετὰ
692 2770 790 2806 καιροῦ
803 2779 810 2787 ·
825 2771 874 2797 καὶ
889 2770 906 2804 ἠ

124 2818 225 2853 σχέδιος
241 2820 305 2845 σκιά
331 2820 445 2854 σκηνῆς,
462 2818 479 2853 ἢ
503 2818 621 2852 φύλλων,
648 2817 664 2852 ἢ
683 2817 788 2852 ἄντρων
801 2824 808 2832 ⁸
829 2815 905 2850 καὶή

123 2864 224 2899 ἀηδὼν,
240 2865 264 2891 εί
278 2864 374 2900 τύχοι·
388 2865 406 2899 ἦ
416 2864 440 2890 τ’
457 2865 625 2899 ἁναπηδῶσα
637 2863 724 2898 πηγὴ,
738 2863 784 2889 καὶ
798 2864 825 2889 αἱ
842 2861 907 2896 περὶΙ

121 2910 227 2946 ταύτην
238 2911 349 2946 βοτάναι
360 2919 367 2928 ·
383 2911 458 2938 λιτόν
474 2920 502 2938 τε
516 2912 561 2938 καὶ
577 2911 731 2948 αὐτόματον
741 2909 817 2944 δψον,
832 2909 908 2942 ἥδιον

953 2352 1138 2387 captantibus,
1148 2351 1173 2377 in
1182 2351 1318 2377 diversam
1329 2353 1433 2384 partem
1443 2348 1551 2376 animus
1559 2348 1663 2375 tendat.
1675 2347 1743 2375 Nam

958 2401 1079 2424 extrema
1104 2395 1227 2431 quaedam
1261 2394 1422 2422 exhilaratio
1448 2401 1530 2421 causa
1547 2393 1667 2422 vicissim
1683 2401 1746 2421 esse

955 2443 1082 2471 maeroris
1092 2442 1209 2470 extremi
1220 2442 1301 2469 solet.

1294 2485 1401 2514 LXXX.

993 2535 1112 2563 Omnino
1140 2533 1297 2561 mortalium
1317 2539 1400 2560 nemo
1415 2537 1467 2565 est,
1494 2531 1540 2566 qui
1565 2531 1645 2558 setiis
1663 2532 1746 2557 rebus

958 2588 1041 2618 atque
1056 2581 1198 2609 laboribus
1211 2575 1335 2608 interit-us
1346 2586 1406 2607 esse
1425 2583 1557 2614 perpetuo
1572 2578 1658 2612 possit
1671 2586 1678 2604 :
1696 2577 1743 2604 sed

960 2630 1017 2664 ipsa
1034 2633 1130 2655 natura
1141 2626 1276 2661 cujusque
1288 2625 1361 2653 seria
1372 2625 1530 2656 tractantis,
1540 2623 1647 2657 aliquod
1661 2622 1744 2650 etiam

961 2674 1092 2702 solatium
1107 2672 1257 2700 desiderat.
1284 2671 1351 2698 Aliis
1366 2670 1450 2706 igitur
1466 2669 1519 2697 alia
1537 2669 1643 2697 levandi
1660 2669 1745 2696 animi

962 2727 1045 2747 causa
1063 2723 1170 2754 reperta
1185 2721 1260 2745 sunt.
1281 2718 1315 2744 At
1338 2717 1387 2744 tibi
1404 2720 1466 2751 post
1489 2715 1683 2743 convenientes
1701 2722 1745 2742 re-

960 2768 1039 2803 gibus
1049 2766 1158 2793 labores
1174 2764 1236 2792 libri
1252 2763 1388 2791 sulliciant
1399 2768 1426 2790 et
1439 2769 1552 2797 campus
1565 2771 1572 2794 ;
1586 2765 1745 2795 utrumque.

960 2821 1022 2842 eum
1039 2812 1213 2840 commodum
1231 2811 1284 2838 erit
1298 2820 1307 2845 ;
1326 2814 1354 2838 et
1367 2809 1464 2838 umbra
1479 2809 1594 2843 simplex
1614 2815 1646 2834 ac
1662 2807 1746 2834 inela-

962 2861 1057 2888 borata
1075 2859 1116 2886 vel
1140 2858 1250 2885 tentorii
1280 2857 1322 2884 vel
1340 2855 1490 2888 frondium,
1519 2854 1561 2881 vel
1577 2857 1719 2880 autrorum
1734 2873 1741 2886 ,

961 2911 987 2935 et
998 2905 1126 2940 luscinia,
1145 2905 1168 2933 si
1196 2904 1284 2937 adsit;
1306 2907 1334 2932 et
1347 2902 1409 2932 fons
1425 2901 1537 2935 saliens,
1551 2904 1579 2928 et
1594 2900 1666 2928 circa
1682 2898 1745 2926 fon-
