1937 3078
136 167 190 198 3'13

612 166 816 198 I‘RBECEPTA
837 166 988 197 EDUCAT
994 167 1056 197 ION
1063 168 1072 197 l
1079 167 1098 197 S
1117 167 1193 198 R’EG
1199 167 1258 197 LE.

1699 166 1754 196 374

135 223 238 257 καλῶν,
258 223 363 267 nam:
379 224 415 258 μὴ
430 223 515 259 μιμοῦ
528 222 563 250 τὰ
578 224 783 259 ἐπιτηδεύματα
793 234 800 241 ·
852 224 874 250 δ’
888 221 919 250 αὖ

974 223 1046 250 velut
1062 224 1239 250 honestarum
1267 229 1358 249 rerum
1391 221 1500 249 minime
1528 221 1691 249 studiosum.
1721 224 1756 249 At

138 268 268 296 σύνοισθα
289 259 389 303 ἀγαθὰ,
415 270 493 305 τήνδε
517 269 612 305 ζήλου.
629 269 738 297 Μᾶλλον
762 270 801 300 δὲ,
821 259 919 304 ξπειδὴ

139 316 236 351 μηδεὶς
260 315 412 350 ἀνθρώπων
430 315 504 342 ἐστὶν
529 316 545 351 ἢ
574 316 653 343 πάνθ’
673 316 742 350 όμοῦ
768 315 918 350 τάγαθὰ,ἢ

139 361 265 396 μηδέν-τι
292 359 472 395 κεκτημένος,
491 360 538 387 καὶ
562 359 651 386 ἔνεστί
672 367 724 386 που
748 360 794 386 καὶ
817 359 920 393 φαῦλον

135 406 222 440 ἄνδρα
238 405 356 441 χρηστὸν
378 405 456 439 λόγον
480 406 578 438 εἰπεῖν,
595 405 642 431 καὶ
663 404 822 431 τούναντίον
840 403 919 437 γενέ-

136 452 210 484 σθαι,
225 452 352 485 κρεῖσσον
366 451 469 478 εἰπόντι
497 451 581 477 καλὸν
597 451 751 486 πεισθῆναι,
768 450 821 477 κᾶν
848 449 920 476 ἐκεῖ·

136 505 181 528 νος
195 497 245 523 οὐκ
259 494 421 532 ἐργάζηται,
441 497 458 532 ἢ
475 497 560 524 τᾶλλα
576 497 625 532 μὲν
640 496 697 523 ὄντι
710 496 831 531 χρηστῷ,
849 496 919 530 φαῦ-

135 543 182 570 λον
210 543 234 569 δ’
260 543 362 570 είπόντι
388 543 543 570 συνθέσθαι.
571 543 663 569 Κακὸν
688 543 704 578 ὴ
728 543 864 577 ἔρις-καὶ
889 542 920 569 τὸ

135 590 283 617 ἀντίτυπον
293 597 301 605 ·
320 590 406 617 κακὸν
422 589 455 616 eo
472 591 560 617 πᾶσιν
574 588 743 621 ἀκολουθεῖν,
758 589 848 616 καὶτὸ
865 598 919 622 μα-

134 634 281 661 λάττεσθαι
294 643 333 668 τε,
349 636 397 662 καὶ
410 635 539 662 ἕλκεσθαι
552 634 598 662 νοῦ
619 635 777 670 χαυνότητι.
797 635 844 661 Ἕκ
857 635 917 662 διαί

135 682 238 716 μέτρου
261 681 310 715 μὲν
336 681 573 716 ταυτὶλδιιχετον,
598 681 684 716 ἄμφω
707 681 734 708 δὲ
760 681 834 716 λύμη
862 682 919 714 τοῖς

134 728 326 762 κεκτημένοις.
347 727 385 755 Th
405 729 429 755 δ’
445 730 530 756 si):th
555 729 646 763 λόγοις
663 729 786 764 ἀγαθοῖς,
810 728 871 756 ὅθεν
886 730 919 758 ἄν

135 781 202 801 ποτε
217 775 350 809 λέγοιντο,
368 775 448 803 τοῦτο
465 775 494 802 δὲ
517 775 601 809 μέσον
613 775 695 809 ἐστὶν,
716 776 839 811 ἐντορνον
858 776 919 803 ὅλον

134 819 266 856 ἀκριϐῶς,
287 821 355 856 μηδὲ
371 819 409 857 τῷ
423 820 512 857 μώμῳ
529 821 614 857 λαὸὴν
630 821 762 858 παρέχον.
779 822 851 857 Πρὸς
864 822 918 858 γὰρ

134 867 180 894 τὸν
194 868 330 902 φεύγοντα
352 867 400 901 τὰς
416 869 570 904 ἀκρότητας
589 869 651 904 μηδ’
671 868 706 911 ἂν
719 869 825 895 ἐκεῖνον
840 867 918 904 οἶμαι

973 262 1243 304 eujnstibi'virtutes
1258 273 1330 296 nota:
1343 272 1417 300 sunt,
1440 275 1503 296 eum
1529 270 1669 295 aemulare.
1698 268 1755 295 Imo

973 315 1077 350 potius,
1096 322 1158 342 cum
1177 315 1302 342 mortalis
1316 321 1396 342 nemo
1411 314 1457 346 sit,
1482 315 1508 341 in
1528 321 1582 349 quo
1600 314 1640 341 vel
1656 319 1754 341 cuncta

972 361 1054 388 simul
1070 361 1124 389 sint
1143 362 1221 393 bana,
1241 361 1282 389 vel
1304 361 1416 388 omnino
1430 360 1547 392 nullum,
1564 368 1681 394 cumque
1693 361 1752 386 fieri

973 407 1071 441 possit,
1085 411 1114 433 ut
1126 406 1167 433 vir
1179 407 1269 434 malus
1287 407 1426 442 egregium
1442 407 1555 434 verbum
1575 406 1708 440 proferat,
1724 413 1756 433 ac

972 452 1032 480 vice
1048 459 1124 480 versa
1143 461 1150 479 :
1166 456 1277 487 praestat
1291 453 1314 479 ei
1327 460 1435 488 parere,
1453 453 1497 488 qui
1512 452 1576 480 boni
1589 452 1653 487 quid
1664 457 1757 486 protu~

972 498 1014 531 lit,
1031 498 1137 526 tametsi
1155 499 1245 526 verbis
1260 499 1330 527 facta
1357 506 1413 526 non
1445 498 1646 534 respondeant,
1673 506 1754 533 quam

974 544 1078 571 homini
1094 545 1240 578 caeteroqui
1258 544 1340 578 bono,
1354 545 1401 571 sed
1417 544 1462 579 qui
1480 544 1544 570 mali
1554 544 1618 578 quid
1631 551 1756 576 pronun—

972 589 1061 622 tiavit,
1076 589 1326 618 assentiri.Malum
1348 589 1414 625 quid
1427 594 1469 617 est
1484 589 1626 616 contentio
1652 594 1679 616 et
1708 589 1756 615 ad-

972 635 1092 663 versatio
1109 645 1116 663 :
1129 637 1243 670 malum,
1260 644 1356 665 omnes
1367 635 1546 671 sequi,flecti,
1560 636 1668 663 levitate
1678 643 1756 662 men-

973 681 1008 708 tis
1025 681 1137 715 impelli.
1156 681 1261 708 Distant
1274 681 1331 708 btec
1348 681 1458 716 quidem
1479 688 1494 707 a
1518 688 1547 708 se
1573 680 1691 707 invicem
1724 686 1757 705 ex

973 727 1127 761 Intervallo,
1147 728 1193 755 sed
1212 728 1294 755 ambo
1323 727 1472 762 perniciem
1504 725 1623 753 aﬂ‘erunt
1655 725 1699 758 iis,
1729 725 1756 765 iln

972 773 1072 809 quibus
1085 774 1230 802 exsistunt.
1246 774 1280 800 At
1295 773 1467 801 orationibus
1499 771 1597 799 cedere
1623 771 1715 802 bonis,
1741 776 1756 796 a

972 827 1136 856 quocunque
1149 819 1256 847 tandem
1280 819 1468 854 proferantur,
1488 818 1514 846 id
1525 825 1588 845 vero
1604 821 1630 845 et
1644 817 1756 853 politis—

972 867 1073 894 simum
1092 867 1172 902 plane
1188 866 1316 901 quiddam
1340 870 1391 898 est,
1408 872 1440 892 ac
1467 871 1502 892 ne
1525 864 1616 891 Momo
1645 865 1756 899 quidem

134 914 333 949 ἀναισχυντεῖν.
355 915 409 941 Καὶ
427 915 565 950 πανταχοῦ
579 915 607 942 δὲ
629 909 770 950 χρώμενον
788 917 848 947 ταῖς
867 923 917 950 με-

974 913 1019 948 psi
1030 912 1252 947 reprehensionis
1269 919 1365 939 ansam
1380 911 1492 946 pmbet.
1510 909 1618 945 Quippe
1631 917 1664 938 ne
1684 910 1757 938 hunc

135 959 240 995 σότησι,
269 959 374 993 φαίνοιο
400 961 432 988 ἂν
454 962 513 993 ταῖς
530 962 641 994 ἀρεταῖς
666 961 816 997 χρώμενος.
836 961 919 997 Ὅρος

134 1006 189 1042 γὰρ
202 1005 294 1034 αὐτῶν
314 1007 343 1033 to
357 1006 441 1042 μέσον
453 1007 542 1041 ἔδοξεν
558 1005 640 1035 εἶναι.

496 1151 558 1178 ΠΝ.

170 1206 280 1235 Ἤκιστ¹
295 1207 328 1234 ἂν
343 1208 489 1243 ἁρμόσειεν
500 1208 711 1245 αὐτοκράτοριῆ
726 1208 836 1244 βουλαῖς
855 1210 921 1237 ὐπο-

134 1255 274 1290 τετάχθαι,
287 1254 324 1285 ὡς
336 1254 382 1288 ὑφ’
394 1255 545 1289 ἁρμοσταῖς
562 1255 658 1282 ἑαυτὸν
674 1256 806 1289 ποιοῦντι,
819 1256 836 1292 ἦ
848 1265 920 1283 τισιν

135 1301 285 1334 ἀξιολόγοις
297 1301 459 1335 ἐπιχειρεῖν,
475 1301 513 1335 μὴ
529 1301 620 1332 καλῶς
636 1301 856 1338 βεϐουλευμὲνῳ,
872 1301 920 1330 καὶ

135 1347 183 1377 τὰς
199 1346 312 1380 γνώμας
333 1346 423 1380 ἔχοντι
451 1347 505 1373 τῶν
528 1347 689 1381 φιλούντων.
718 1348 881 1375 Βουλευτέον
896 1348 919 1375 δ’

136 1394 170 1420 ἂν
184 1394 225 1427 εἴη
243 1393 272 1419 τὸ
301 1393 363 1428 μήτ’
387 1393 519 1419 ἀδύνατον
541 1393 633 1426 καλὸν,
650 1394 719 1428 μήτε
735 1395 846 1430 εὐχερὲς
870 1395 919 1429 μὲν

136 1439 302 1474 πραχθῆναι,
316 1439 401 1466 κακὸν
414 1439 452 1472 δὲ,
468 1441 537 1475 μήτε
555 1449 582 1467 τι
595 1440 650 1467 τῶν
666 1440 824 1473 ἀναγκαίως
838 1442 919 1476 ἔπερ-

136 1486 259 1520 χομένων
270 1493 276 1500 ·
301 1485 360 1512 ἀλλ’
376 1485 390 1512 ὃ
409 1486 529 1520 σπουδῆς
545 1487 591 1513 καὶ
609 1487 765 1522 φρονήσεως
782 1486 862 1522 ἔργον
878 1487 918 1521 ὃν,

135 1532 227 1566 ὀνήσει
242 1539 272 1565 γε
299 1531 390 1563 καλῶς
408 1531 546 1567 πραχθέν
563 1532 608 1558 καὶ
630 1532 667 1567 μὴ
683 1532 815 1567 πραχθὲν,
831 1532 848 1567 ἢ
869 1541 920 1559 κα-

948 971 954 976 ·
970 956 1080 994 quidem
1092 957 1211 985 arbitror
1224 957 1398 993 impudenter
1412 955 1547 984 adversus
1571 956 1647 983 illum
1663 963 1756 991 agere,

971 1003 1017 1037 qui
1028 1003 1217 1030 extremitates
1228 1003 1305 1030 vitat.
1324 1002 1446 1036 Denique
1460 1001 1484 1029 si
1508 1001 1596 1028 media
1620 1001 1702 1028 rebus
1730 1002 1757 1030 itt

971 1046 1285 1083 omnibus—amplecteris
1303 1048 1429 1075 virtutes.
1457 1047 1524 1074 Nam
1540 1055 1635 1074 earum
1655 1047 1754 1074 finitio:

971 1101 1033 1121 nem
1051 1094 1153 1129 placuit
1167 1101 1201 1122 ex
1215 1101 1260 1128 eo,
1271 1095 1345 1129 quod
1371 1093 1490 1121 medium
1509 1093 1558 1127 sit,
1577 1093 1756 1122 constituere.

1294 1150 1436 1179 LXXXIV.

1009 1210 1134 1239 Decuerit
1143 1210 1355 1245 haudquaquam
1369 1209 1572 1244 imperatorem,
1583 1208 1758 1236 velconsiliis

970 1258 1068 1285 alienis
1082 1264 1142 1285 esse
1156 1257 1322 1292 subjectum,
1344 1255 1423 1291 quasi
1447 1255 1667 1282 moderatoribus
1695 1262 1756 1282 sese

970 1302 1187 1335 submittentem,
1198 1302 1240 1329 vel
1251 1301 1368 1336 alicujus
1379 1301 1509 1328 momenti
1523 1308 1566 1328 res
1578 1300 1666 1327 moliri
1680 1301 1756 1335 prius

969 1355 1052 1385 quam
1068 1353 1142 1376 recte
1157 1347 1363 1380 consultaverit,
1382 1354 1533 1381 eorumque
1563 1346 1725 1378 sententias,
1741 1354 1756 1372 a

969 1395 1068 1430 quibus
1081 1394 1214 1429 diligitur,
1225 1393 1367 1421 habeat.ln
1382 1393 1612 1421 consultationem
1630 1400 1695 1420 vero
1709 1392 1756 1419 de-

969 1441 1135 1473 ducendum,
1153 1448 1202 1468 nec
1218 1441 1332 1473 bonum,
1351 1439 1424 1475 quod
1441 1440 1499 1467 fieri
1527 1439 1634 1475 nequit,
1663 1447 1711 1467 nec
1733 1440 1755 1466 si

970 1486 1034 1522 quid
1050 1486 1146 1514 effectu
1164 1486 1252 1518 facile,
1271 1486 1319 1514 sed
1346 1486 1461 1517 malum,
1473 1494 1522 1513 nec
1547 1486 1680 1520 quidquid
1711 1493 1757 1513 ne-

969 1532 1090 1559 cessario
1102 1536 1210 1559 constat
1235 1536 1395 1559 eventurum
1418 1541 1426 1561 :
1442 1531 1489 1558 sed
1504 1532 1574 1566 quod
1588 1539 1649 1558 cum
1666 1532 1756 1559 studio

135 1577 202 1610 κῶς,
229 1577 332 1611 ζημίαν
354 1578 477 1612 ἐνεγκεῖν
493 1577 616 1604 aevum.
639 1577 736 1608 Καλῶς
751 1578 779 1604 δὲ
803 1577 836 1604 ἂν
859 1577 918 1604 τότε

974 1579 1172 1613 prudentiaque
1183 1577 1275 1612 perﬁci
1293 1578 1394 1612 possit,
1407 1582 1482 1604 recte
1493 1576 1595 1604 factum
1609 1578 1754 1610 conducet,

135 1623 282 1658 πραχθείη,
299 1623 363 1649 ὅταν
379 1620 395 1660 ᾗ
424 1622 483 1657 μεθ’
500 1622 597 1650 ἑαυτοῦ
622 1622 792 1657 κεκτημένον
815 1622 919 1649 τούτων

135 1669 167 1704 δὴ
183 1669 237 1696 τῶν
254 1669 369 1699 τελικῶν
385 1669 560 1704 καλουμένων
575 1668 737 1704 ὁλόκληρον,
757 1669 781 1695 εί
795 1668 917 1702 δυνατὸν,

135 1716 186 1750 τὴν
208 1715 310 1747 ἐξὰδαν
333 1716 358 1742 si
373 1716 402 1742 δὲ
425 1715 472 1750 μὴ.
494 1715 528 1742 τὰ
550 1715 638 1742 πλείω
659 1714 773 1747 τούτων,
791 1715 808 1749 ἢ
835 1715 869 1742 τά
888 1723 919 1749 τε

136 1760 253 1795 κρείττω
283 1760 330 1787 καὶ
357 1759 521 1794 τελεώτερα.
548 1759 638 1786 Καλὸν
663 1760 691 1786 δὲ
716 1758 764 1786 καὶ
791 1759 845 1794 πρὸ
868 1759 919 1793 τῆς

135 1807 231 1842 χρείας
247 1806 424 1842 βουλεύεσθαι
435 1814 441 1820 ·
458 1805 496 1837 ὡς
509 1806 543 1840 ἢν
554 1805 652 1841 iusim
667 1805 697 1832 τὸ
713 1805 918 1840 βουλευόμενον,

136 1853 259 1888 ταραχῆς
283 1852 331 1884 τὰς
348 1851 468 1884 διανοίας
492 1852 637 1887 ιμπιπλῶν
653 1852 778 1887 ἐμποδὼν
800 1851 866 1878 αὐτὸ
879 1850 919 1885 γί-

136 1906 211 1925 νεται
229 1899 261 1934 τῇ
277 1897 366 1932 οἰκείᾳ
378 1896 534 1934 διορθώσει.

495 2042 558 2070 ﬂE‘.

179 2101 208 2128 ’0
221 2100 348 2135 βασιλεὺς
371 2101 489 2135 ἐννόμως
511 2100 577 2132 ζῶν,
599 2099 645 2126 καὶ
660 2100 752 2134 νόμοις
766 2101 841 2133 ἄγων
858 2101 920 2132 τοὺς

139 2146 290 2179 ὕπάὑτὺν,
307 2145 436 2178 καθάπαξ
466 2145 587 2176 ἐναντίος
615 2145 673 2171 ἐστὶ
696 2146 752 2177 τοῖς
778 2147 920 2180 τυραννεῖν

138 2193 288 2223 ἐθέλουσιν,
303 2193 327 2219 οἳ
350 2193 434 2227 νόμον
448 2191 625 2226 ἀπαράϐατον
642 2191 733 2226 ἔχουσι
750 2193 798 2223 τὰς
815 2192 920 2218 ἑαυτῶν

138 2239 244 2273 ἡδονάς,
270 2239 404 2266 Ἐοικέναι
421 2239 473 2273 γὰρ
499 2237 618 2265 δοκεῖτὸ
637 2237 790 2273 βασιλεύειν
808 2237 846 2273 τῷ
871 2247 919 2264 τυ-

138 2286 256 2320 ραννεῖν.
284 2284 445 2310 Διίστασῦον
460 2284 489 2310 δὲ
507 2283 639 2318 ἀλλήλων,
669 2284 731 2310 ὅσον
752 2284 808 2310 οὐδ’
831 2283 920 2310 εἰπεῖν

137 2330 261 2364 εὐχερές.
279 2330 324 2365 Τῷ
338 2329 387 2365 μὲν
403 2331 458 2365 γὰρ
479 2330 603 2365 τυράννῳ
619 2330 649 2356 τὸ
664 2328 795 2357 δύνασθαι
813 2330 844 2356 τὸ
858 2331 922 2362 τοὺς

138 2376 184 2402 ὑπ’
202 2375 297 2411 ἐκείνῳ
325 2375 440 2410 χαυνοῦν
464 2377 539 2402 ἐστι·
557 2375 610 2402 κᾶν
630 2376 707 2410 ἰσχὺν
731 2376 871 2412 προσλάϐῃ
895 2375 922 2403 τὸ

138 2422 237 2453 κοινὸν,
256 2422 425 2457 ὀνειροπολεῖ
443 2421 494 2456 τὴν
506 2421 589 2448 αὐτοῦ
604 2422 767 2457 καθαίρεσιν
777 2431 783 2438 ·
798 2422 812 2448 ὁ
823 2422 845 2449 δ’
858 2423 922 2457 ἀλη-

139 2468 193 2498 θῶς
211 2467 336 2502 βασιλεὺς
351 2469 405 2499 τοῖς
428 2467 657 2503 ὕποταττομένοις
674 2468 698 2494 οί
718 2468 844 2503 πλήθεσι,
870 2477 922 2496 πα-

138 2513 212 2548 τρδς,
227 2514 365 2547 ποιμένος,
382 2513 485 2548 ίατροῦ,
499 2513 669 2547 διδασκάλου,
685 2514 731 2540 καὶ
747 2514 773 2540 ετ
784 2523 811 2540 τι
825 2514 919 2549 σχῆμα

138 2560 248 2586 δύναται
272 2559 380 2591 σώζειν,
402 2559 484 2586 τόπον
511 2558 606 2591 σώζων
628 2560 770 2595 τυγχάνει.
793 2560 920 2595 Νομίζων

138 2606 165 2632 δὲ
179 2608 206 2632 ὲν
221 2605 259 2640 τῷ
274 2605 357 2637 κοινῷ
373 2605 549 2632 συνίστασθαι
567 2605 689 2632 τὸκείνου
709 2606 858 2641 συμφέρον,
875 2607 920 2633 καὶ

138 2653 249 2688 Χριστῷ
263 2653 404 2684 διακονῶν,
422 2653 469 2679 καὶ
486 2651 652 2687 μιμούμενος
670 2652 750 2679 αὐτὸν
768 2653 868 2687 μᾶλλον
882 2652 920 2688 τῷ

138 2699 270 2725 διακονεῖν
285 2698 302 2733 ἢ
326 2698 364 2733 τῷ
389 2698 494 2737 ἄρχειν,
524 2699 611 2734 χαίρει
635 2699 747 2734 βελτιῶν
760 2699 809 2734 τὴν
833 2699 921 2734 ἀρχὴν

138 2745 192 2771 τῶν
221 2744 417 2780 βελτιουμένιυν
440 2744 563 2780 ἄμεινον.
591 2745 656 2781 Εῖης
683 2754 728 2780 μοι
750 2744 879 2778 τοιοῦτος,
899 2742 922 2773 ὦ

138 2791 263 2825 φίλτατε.

972 1630 1003 1650 ac
1022 1630 1074 1650 non
1088 1623 1188 1649 factum
1199 1623 1240 1650 vel
1251 1623 1351 1649 factum
1365 1623 1644 1654 male,detrimentum
1659 1623 1756 1650 afferre

972 1670 1080 1704 poterit.
1093 1667 1168 1695 Tunc
1184 1673 1273 1696 autem
1287 1672 1359 1696 recte
1374 1667 1474 1700 factum
1490 1669 1623 1701 erit,cum
1639 1669 1754 1705 integro,

973 1714 996 1741 si
1019 1714 1075 1741 ﬁeri
1097 1715 1207 1749 poterit,
1226 1721 1273 1742 sex
1289 1714 1348 1741 illas
1367 1714 1497 1747 virtutes,
1514 1723 1584 1750 quas
1613 1720 1754 1743 extremas

973 1765 1083 1796 vocant,
1093 1761 1243 1788 continebit
1252 1769 1261 1786 :
1272 1761 1314 1789 siu
1331 1765 1435 1794 autem,
1445 1762 1487 1788 vel
1504 1762 1632 1797 majorem
1647 1763 1753 1789 illarum

973 1812 1088 1842 partem,
1098 1808 1140 1835 vel
1154 1807 1357 1842 prtestantiores
1370 1811 1452 1842 atque
1466 1808 1652 1841 perfectiores.
1667 1808 1754 1835 Etiam

972 1854 1074 1881 bonum
1088 1859 1140 1885 est,
1156 1853 1369 1881 deliberationes
1385 1854 1471 1888 prius,
1497 1862 1580 1889 quant
1610 1855 1646 1882 sit
1671 1862 1752 1888 opus,

973 1898 1098 1931 institui;
1112 1898 1223 1933 quippe,
1238 1898 1309 1932 quod
1326 1899 1352 1924 in
1378 1899 1607 1926 consultationem
1632 1900 1717 1931 venit,
1731 1900 1754 1927 si

973 1944 1089 1970 nimium
1113 1948 1217 1978 urgeat,
1234 1944 1435 1977 perturbatione
1467 1949 1573 1972 mentes
1599 1945 1703 1980 implet,
1729 1951 1755 1973 et

973 1995 1027 2024 quo
1042 1988 1133 2016 minus
1145 1987 1238 2016 haberi
1255 1988 1404 2016 remedium
1422 1990 1517 2024 possit,
1533 1990 1654 2025 impedit.

1297 2044 1427 2072 LXXXV.

1009 2099 1110 2135 Etipse
1122 2099 1271 2127 secundum
1284 2099 1358 2135 ieges
1387 2100 1493 2132 vivens,
1518 2105 1544 2128 et
1567 2101 1693 2130 subditos
1721 2110 1757 2130 ex

974 2145 1062 2181 legum
1076 2146 1234 2180 prmscrlpto
1247 2146 1401 2181 gubernans
1414 2154 1473 2178 rex,
1489 2147 1569 2181 plane
1582 2148 1709 2176 diversus
1722 2149 1756 2176 ab

973 2193 1006 2220 iis
1019 2196 1072 2225 est,
1089 2193 1135 2227 qui
1154 2193 1324 2227 tyrannidem
1345 2200 1483 2233 exercere
1505 2194 1599 2221 Volunt
1615 2203 1623 2228 ;
1655 2202 1756 2222 unam-

974 2247 1026 2274 que
1040 2238 1124 2274 legem
1143 2238 1325 2266 inviolabilem
1339 2238 1449 2270 habent,
1463 2246 1528 2267 suas
1546 2239 1675 2267 nimirum
1694 2241 1755 2269 libi-

973 2285 1063 2313 dines.
1075 2283 1143 2312 Nam
1159 2285 1282 2320 qmedam
1296 2284 1367 2311 inter
1381 2284 1485 2319 regium
1519 2285 1699 2320 dominatum,
1729 2293 1756 2315 et

974 2331 1156 2371 tvrannidem,
1170 2339 1230 2359 esse
1249 2331 1397 2358 similitudo
1413 2331 1520 2358 videtur
1534 2340 1540 2359 :
1553 2333 1600 2359 sed
1617 2338 1724 2360 tantum
1741 2340 1756 2361 a

974 2385 1004 2405 se
1015 2378 1130 2407 invicem
1150 2377 1317 2412 discrepant.
1350 2382 1484 2412 quantum
1501 2385 1533 2404 ne
1557 2378 1674 2406 dicendo
1695 2380 1757 2414 qui-

974 2423 1034 2450 dem
1048 2423 1180 2458 explicari
1197 2422 1275 2450 facile
1287 2427 1385 2458 potest.
1399 2424 1543 2457 Tyrannus
1562 2424 1588 2451 in
1613 2433 1645 2453 eo
1661 2432 1757 2461 potem

976 2469 1039 2496 tiam
1056 2476 1133 2496 suam
1148 2469 1227 2496 sitam
1240 2473 1327 2502 putat.
1343 2469 1365 2495 si
1376 2475 1441 2496 suos
1456 2469 1513 2504 ipse
1531 2470 1656 2499 subditos
1678 2471 1755 2499 debi-

975 2513 1053 2559 lite't;
1073 2522 1105 2542 ac
1119 2513 1142 2542 si
1163 2522 1205 2542 res
1223 2514 1329 2548 publica
1358 2515 1442 2542 robur
1473 2515 1585 2550 aliquod
1619 2517 1754 2552 acquirat,

975 2560 1145 2588 eversionem
1156 2560 1279 2594 protinus
1293 2560 1350 2594 ipse
1361 2566 1438 2588 suam
1453 2562 1581 2589 somniat.
1610 2562 1694 2590 Verus
1707 2571 1757 2591 au-

976 2611 1029 2634 tem
1051 2614 1096 2633 rex
1110 2614 1174 2641 erga
1188 2607 1326 2641 subjectos
1340 2607 1392 2634 sibi
1420 2608 1545 2642 populos,
1577 2609 1673 2643 patris,
1707 2617 1758 2645 pa-

975 2652 1068 2683 storis,
1089 2652 1198 2685 medici,
1213 2653 1344 2686 doctoris,
1361 2659 1386 2681 et
1400 2655 1422 2681 si
1439 2662 1492 2690 qua
1508 2655 1588 2682 saluti
1614 2656 1757 2683 consulere

975 2705 1089 2733 persona
1110 2702 1209 2733 potest,
1221 2698 1280 2734 ejus
1301 2699 1389 2727 locum
1407 2700 1521 2728 obtinet.
1542 2700 1666 2736 Cumque
1680 2709 1756 2728 eom—

977 2743 1086 2770 modum
1099 2751 1179 2771 suttm
1200 2744 1334 2772 contineri
1361 2745 1471 2779 publico
1501 2749 1586 2780 putet,
1612 2750 1639 2774 et
1655 2746 1757 2774 Cill‘iSli

978 2790 1101 2817 minister
1114 2791 1159 2822 sit,
1173 2794 1201 2818 et
1212 2791 1299 2826 magis
1321 2791 1397 2818 illum
1427 2791 1548 2820 imitetur
1573 2793 1757 2826 inserviendo,

139 2843 220 2872 quam
233 2836 486 2873 imperandozplus
509 2838 659 2873 voluptatis
683 2838 768 2873 capit.
803 2845 917 2874 regnum
938 2837 1035 2866 melius
1048 2836 1198 2872 efficiendo,
1219 2845 1301 2874 quam
1321 2838 1370 2873 ilii,
1388 2838 1420 2866 ad
1434 2846 1504 2875 quos
1531 2839 1591 2876 ejus
1626 2840 1665 2868 rei
1696 2839 1756 2867 fru-

142 2887 201 2909 ctus
217 2883 349 2918 pervenit.
364 2882 438 2912 Talis
455 2884 520 2913 mibi
534 2886 582 2917 sit,
600 2886 761 2915 charissime
779 2885 825 2913 fili.
