1937 3078
201 158 254 189 ."75

500 223 504 228 '
522 220 662 250 LXXXVI.

235 273 310 302 Veiis
325 276 433 311 quidem
445 277 478 304 ad
500 277 535 311 id,
552 286 607 313 quo
623 280 650 306 in
671 280 749 308 bonis
761 285 912 310 extremum
926 287 978 316 est,

199 322 360 356 pervenire;
391 322 438 350 sed
455 323 540 356 scias,
554 324 579 351 id
606 325 728 352 studium
743 327 769 353 in
797 335 891 354 eorum
917 335 979 356 esse

199 374 326 398 numero.
342 375 404 402 qua
420 369 515 403 perﬁci
535 375 686 403 nequeunt.
702 371 807 399 Interea
822 380 856 400 ne
885 373 979 402 doleas

198 413 269 443 quod
283 421 410 446 currens,
425 418 523 442 metam
539 423 592 443 non
609 417 738 451 attingas.
752 417 810 446 Non
826 419 897 446 enim
927 420 979 448 hoc

197 460 386 490 spectandum.
412 461 493 495 'quod
518 461 621 490 bonum
652 463 687 491 sit
703 464 823 498 aliquod,
835 465 976 494 hominum

197 505 296 532 virtute
312 506 466 539 sublimius,
476 508 605 542 sedquod
619 509 652 541 is,
666 510 712 544 qui
728 518 809 538 cursu
827 511 859 538 ad
876 512 900 538 id
913 519 979 539 con-

198 551 296 582 tendit.
315 553 426 587 propius
443 561 550 588 semper
563 555 682 582 accedat.
702 555 780 584 Hunc
794 557 844 584 sibi
860 558 906 592 qui
919 565 979 586 sco-

197 605 261 630 pum
281 599 387 630 statuit,
419 607 538 633 eumque
563 606 748 629 consentanea
762 603 867 630 ratione
887 608 978 638 petere

197 651 250 670 non
267 644 485 680 desinit,saapius
500 647 608 680 quidem
624 648 754 682 attinget;
770 655 802 675 ac
824 649 885 677 licet
899 650 980 677 aber-

195 693 247 720 ret,
273 689 389 723 amplius
415 694 504 718 tamen
539 691 641 726 aliquid
669 692 787 725 habebit.
810 702 891 728 quam
919 695 976 722 alii.

195 731 262 759 Nam
275 733 321 768 qui
338 739 439 761 temere
460 734 598 767 feruntur,
624 735 711 763 instar
736 737 846 763 navium
873 737 978 766 instru-

197 782 287 804 mento
302 785 351 805 suo
364 779 514 805 carentium
531 788 538 810 ;
552 779 655 814 quique
670 780 767 807 vitiose
783 781 916 814 viventes,
931 781 978 809 be-

197 830 230 850 ne
246 824 334 851 vivere
348 825 431 852 videri
448 825 554 855 volunt.
569 832 655 860 eaque
672 833 702 853 re
729 827 913 858 delectantur.
929 827 973 854 his

197 877 231 896 ne
249 871 381 904 speranda
396 871 504 906 quidem
520 871 652 899 malorum
665 872 830 899 emendatio.
844 872 895 904 Qui
913 880 977 900 vero

198 916 312 943 rationis
338 916 567 951 praeceptionibus
593 917 707 953 regitur,
740 918 846 946 etiamsi
873 923 977 953 peccet.

789 167 987 199 MANUELIS
1004 169 1224 202 PALEOLOGI

989 229 1014 258 Δ

1755 175 1810 207 376

1381 231 1454 266 HQ".

1064 283 1129 310 Θέλι
1146 283 1194 317 μιν
1216 284 1244 316 ἐς
1262 283 1375 319 ἔσχατον
1390 285 1445 312 τῶν
1468 286 1557 313 καλῶν
1574 286 1671 319 ἐλθεῖν,
1688 286 1811 321 γίνωσκε

1029 329 1057 356 δὲ
1070 329 1199 356 ἀδύνατον
1213 330 1261 364 τὴν
1283 329 1375 365 ἔφεσιν
1390 331 1492 366 ταύτην
1505 329 1588 359 οὖσαν
1599 340 1608 350 ⁸
1627 332 1673 359 καὶ
1689 332 1728 367 μὴ
1745 333 1814 361 ἀθύ-

1031 384 1087 410 μει,
1109 376 1214 411 τρέχων
1228 377 1287 412 μὲν,
1314 378 1364 404 οὐκ
1389 377 1584 412 ἐφικνούμενος
1604 378 1644 405 δέ.
1658 378 1726 405 οὐδὲ
1754 379 1811 415 γὰρ

1029 421 1108 448 τοῦτο
1120 421 1160 448 δεῖ
1179 423 1303 455 σκοπεῖν,
1319 422 1360 449 ὅτι
1371 423 1489 457 τάγαθὸν
1503 423 1669 459 ὑψηλότερον
1682 424 1732 459 τῆς
1743 425 1810 459 ἀρε-

1028 466 1079 502 τῆς
1093 467 1146 493 τῶν
1160 467 1311 502 ἀνθρώπων
1324 476 1332 484 ·
1352 467 1411 494 ἀλλ’
1426 469 1522 502 ὅτιπερ
1541 469 1556 494 ό
1574 469 1678 504 τρέχων
1696 469 1733 500 ὡς
1745 470 1812 496 αὐτὸ

1029 512 1168 547 ἐγγυτέρω
1184 514 1298 546 γίνεται.
1315 514 1371 540 Καὶ
1390 513 1405 540 ό
1418 514 1496 540 τοῦτο
1513 514 1624 548 θέμενος
1642 514 1734 550 ἑαυτῷ
1749 523 1813 542 σκο-

1030 557 1091 590 πδν,
1106 558 1154 584 καὶ
1175 558 1215 592 τῷ
1229 559 1314 585 εἰκότι
1329 558 1434 593 βάλλων
1453 559 1484 586 οὐ
1500 559 1665 594 παυόμενος,
1680 561 1812 592 πολλάκις

1030 603 1080 638 μὶν
1098 603 1278 637 ὲπιτεύξεται,
1293 604 1348 637 ἔξει
1365 605 1394 632 δέ
1420 614 1447 632 τι
1471 605 1552 632 πλέον
1568 605 1622 633 τῶν
1643 606 1742 639 ἄλλων,
1758 606 1812 633 κᾶν

1029 649 1170 685 ἁποτύχῃ’
1186 651 1242 682 τοῖς
1260 650 1309 685 μὲν
1324 652 1380 686 γὰρ
1394 651 1433 683 ὡς
1454 651 1534 687 ἔτυχε
1547 652 1722 687 φερομένοις,
1738 653 1810 679 κατὰ

1028 694 1062 720 τὰ
1090 694 1277 730 ἀνερμάτιστα
1301 695 1397 728 πλοῖα,
1426 696 1473 722 καὶ
1497 695 1581 728 ζῶσιν
1608 696 1637 722 ἓν
1661 696 1812 732 φαυλότητι

1028 739 1123 775 ὥσπερ
1140 742 1168 766 ὲν
1187 741 1363 776 χρηστότητι,
1380 742 1430 770 καὶ
1443 741 1585 777 ἡδομένοις
1599 742 1638 776 τῷ
1653 742 1810 777 πράγματι,

1028 785 1082 812 οὐδ’
1100 786 1129 812 έν
1144 786 1233 813 ἐλπίσι
1249 787 1371 814 κείσεται
1388 787 1443 814 τῶν
1456 787 1550 814 κακῶν
1569 788 1586 822 ή
1603 787 1758 823 διόρθωσις.
1779 787 1810 814 '0

1027 829 1057 856 δὲ
1082 829 1222 865 λογισμοῖς
1253 830 1419 866 ίθυνόμενος,
1443 831 1495 858 κᾶν
1518 831 1646 866 ἁμάρτῃ,
1676 831 1811 865 ἀνάγκαις

994 893 1015 920 Β
1030 874 1131 906 πάσαις
1154 875 1316 910 αἰσθήσεται
1335 875 1383 903 τοῦ
1399 875 1500 909 δεινοῦ,
1515 875 1584 910 ὅπερ
1603 875 1674 911 ἁρχὴ
1699 874 1813 912 διορθώ-

1029 930 1110 952 σεως.

196 961 296 989 malum
313 967 402 989 tamen
422 962 511 998 ipsum
529 963 690 991 necessario
707 964 816 998 sentiet,
848 964 876 991 id
903 965 976 1000 quod
995 993 1001 999 ,

195 1009 395 1037 emendationis
405 1013 447 1037 est
464 1009 572 1037 initium
710 1032 714 1036 .

509 1056 602 1084 LXXX
609 1056 662 1084 ΠΙ.

229 1113 313 1149 Siqui
328 1120 440 1142 mortem
458 1115 484 1142 in
497 1114 577 1143 bellis
589 1115 750 1148 formidant,
767 1116 784 1143 ii
813 1116 904 1151 fugere
930 1122 977 1143 so-

194 1161 267 1194 lent;
281 1166 308 1188 et
323 1161 367 1196 qui
386 1161 503 1196 fugient,
520 1163 607 1197 magis
625 1163 737 1196 cadunt,
749 1170 830 1198 quam
847 1162 894 1198 qui
906 1170 978 1191 mor-

194 1211 246 1233 tem
262 1211 480 1238 contemnentes,
499 1211 573 1234 stare
587 1207 701 1235 malunt.
722 1208 769 1234 Est
798 1208 871 1236 enim
904 1208 977 1243 peri-

192 1251 283 1278 culosa
300 1257 437 1288 tergorum
445 1253 577 1280 adversus
599 1261 698 1281 manus
711 1261 812 1288 pugna.
824 1253 920 1281 Itidem
930 1255 976 1288 qui

192 1297 310 1334 gladimn
322 1304 457 1331 metuunt,
473 1299 508 1326 ab
535 1307 569 1326 eo
580 1300 773 1332 coniiciuntur,
791 1307 823 1327 ne
853 1301 977 1335 sepultu-

193 1344 352 1379 r:e_quidem
370 1345 500 1371 honorem
523 1345 725 1380 impetrantes:
762 1350 789 1372 at
818 1347 863 1380 qui
892 1346 975 1373 veluti

193 1393 307 1416 mortem
325 1389 473 1424 oppetituri
489 1393 621 1423 pugnant,
632 1389 649 1416 ii
660 1390 759 1424 swpius
772 1390 899 1417 victorias
915 1391 974 1418 adi-

192 1435 338 1468 pisi-entes,
351 1438 377 1462 et
393 1441 449 1461 rem
463 1440 588 1469 gerentes
600 1435 713 1468 optime,
730 1443 783 1462 non
815 1436 976 1470 superstites

193 1480 273 1508 modo
290 1485 364 1513 sunt,
380 1487 472 1507 verum
489 1481 568 1507 etiam
583 1486 752 1508 coronantur
769 1485 794 1508 et
817 1482 974 1516 aequissima

192 1527 301 1561 quidem
313 1531 459 1561 utrumque
472 1526 584 1554 ratione.
594 1526 658 1553 Nam
668 1527 700 1554 de
709 1534 760 1554 non
775 1528 919 1555 metuendo
932 1527 973 1561 fit,

1385 1060 1447 1087 IIZ'.

1068 1115 1131 1144 Ἐπί
1144 1115 1196 1143 τῶν
1211 1116 1337 1152 πολέμων
1347 1117 1372 1143 οἰ
1386 1116 1544 1151 φρίττοντες
1555 1115 1601 1142 τὸν
1614 1115 1740 1148 θάνατον,
1753 1116 1809 1143 οἵδε

1027 1161 1159 1196 φεύγουσι
1174 1170 1180 1177 ·
1205 1162 1252 1189 καὶ
1282 1161 1427 1197 φεύγοντές
1454 1170 1486 1196 γε
1509 1161 1655 1188 πίπτουσιν
1684 1161 1758 1197 ἥπερ
1783 1162 1810 1188 οι

1026 1208 1178 1242 ἱστάμενοι,
1190 1207 1424 1243 καταφρονοῦντες
1436 1207 1563 1235 θανάτου.
1574 1207 1653 1242 Δεινὴ
1663 1207 1717 1243 γὰρ
1734 1208 1809 1243 μάχη

1027 1253 1120 1281 νώτων
1135 1255 1204 1288 πρδς
1219 1254 1324 1288 χεῖρας,
1342 1254 1389 1280 καὶ
1412 1253 1596 1289 ὀρρωδοῦντες
1613 1254 1644 1280 τὸ
1659 1253 1745 1287 ξίφος,
1761 1253 1809 1288 ἐρ·
1842 1252 1850 1257 ”

1025 1307 1074 1333 γον
1094 1299 1188 1326 τούτου
1204 1299 1336 1333 γίνονται,
1359 1299 1426 1334 μηδὲ
1447 1299 1512 1333 γοῦν
1528 1299 1617 1334 ταφῆς
1639 1299 1807 1334 ἀξιούμενοι.

1026 1344 1058 1371 Οἳ
1081 1344 1103 1370 δ’
1128 1344 1165 1375 ὡς
1189 1344 1381 1379 τεθνηξόμενοι
1403 1345 1593 1380 διαμάχονται,
1621 1344 1688 1376 ζῶσί
1713 1353 1743 1371 τε
1761 1346 1809 1371 καὶ

1026 1389 1235 1424 στεφανοῦνται,
1259 1389 1390 1422 πολλάκις
1413 1389 1616 1425 περιγινόμενοι
1638 1398 1667 1417 τε
1682 1390 1730 1416 καὶ
1750 1390 1811 1424 ἀρι-

1026 1437 1168 1469 στεύοντες
1186 1437 1260 1471 μάλα
1279 1445 1310 1471 γε
1325 1437 1436 1468 εἰκότως
1451 1437 1606 1472 ἀμφότερα.
1630 1437 1678 1464 Ἐκ
1691 1436 1740 1471 μὲν
1754 1437 1809 1471 γὰρ
1861 1438 1866 1446 ¹

1025 1484 1071 1510 τοῦ
1094 1483 1130 1519 μὴ
1146 1483 1287 1518 φοϐεῖσθαι
1310 1483 1341 1509 τὺ
1361 1483 1497 1516 ἵστασθαι,
1517 1483 1586 1517 μετὰ
1608 1483 1636 1509 δὲ
1653 1482 1707 1509 τῶν
1725 1482 1808 1516 βεϐη-

1026 1529 1113 1556 κότων
1126 1530 1143 1564 ἡ
1156 1530 1228 1564 νίκη.
1238 1528 1345 1555 Τούτων
1362 1528 1389 1554 δὲ
1407 1528 1430 1554 οἰ
1446 1528 1573 1562 στέφανοι
1589 1527 1738 1562 γίγνονται.
1754 1527 1808 1553 Καὶ

193 1578 221 1599 ιιι
235 1577 331 1603 stetur,
342 1579 355 1598 a
368 1572 495 1599 stantium
512 1580 573 1599 vero
590 1573 723 1607 partibus.
737 1573 867 1605 victoria;
885 1574 973 1600 victo-

1029 1577 1050 1602 εἰ
1063 1577 1117 1607 τοῖς
1135 1560 1264 1610 εὐψύχως
1278 1574 1367 1607 ταυτὶ,
1385 1574 1464 1614 δοῆλον
1484 1560 1525 1600 ὅτι
1539 1560 1669 1600 τάναντία
1684 1574 1740 1604 τοῖς
1753 1573 1808 1599 δει-

194 1625 238 1645 res
255 1622 344 1644 autem
360 1618 470 1644 coronis
481 1618 633 1652 poliuntur,
650 1622 732 1652 atque
749 1618 806 1646 haec
821 1619 843 1646 si
856 1619 974 1647 strenuis

1029 1615 1091 1653 λοῖς.
1118 1622 1148 1648 Εἰ
1170 1621 1198 1648 δὲ
1222 1622 1268 1648 καὶ
1283 1620 1406 1647 πεσεῖται
1422 1628 1463 1651 τις
1486 1620 1515 1646 ὲν
1529 1619 1567 1654 τῷ
1594 1619 1733 1653 πολεμετν,
1760 1618 1809 1644 και

191 1672 217 1691 et
237 1664 368 1691 animosis
394 1663 568 1698 contingunt,
585 1664 688 1691 timidis
702 1664 811 1691 evenire
836 1665 974 1692 contraria

1029 1667 1134 1702 φεύγων
1150 1667 1229 1698 ἄλλος
1244 1666 1298 1697 σῶς
1317 1667 1448 1701 ἐπανήξει
1464 1674 1471 1681 ”
1485 1665 1542 1692 ἀλλ’
1555 1665 1599 1691 ὅδε
1615 1665 1666 1700 μὲν
1681 1665 1730 1699 τῆς
1746 1663 1809 1699 μετ’

191 1714 278 1744 paret.
295 1710 372 1743 Quod
394 1709 418 1738 si
440 1711 559 1737 maxime
573 1711 634 1745 quis
660 1711 739 1738 cadat
766 1711 792 1738 in
822 1718 923 1746 pugna,
949 1717 974 1738 et

1029 1714 1156 1748 αἰσχύνης
1168 1713 1241 1746 ζωῆς
1254 1712 1431 1746 οίκτείρεται,
1448 1711 1551 1743 ἐκεῖνος
1570 1711 1597 1737 δὲ
1612 1711 1748 1746 μακάριος
1760 1710 1807 1736 τοῦ

190 1755 259 1782 alius
277 1755 421 1783 incolumis
434 1760 596 1787 revertatur,
614 1761 704 1782 tamen
717 1756 790 1783 hunc
802 1756 926 1783 homines
940 1756 974 1783 ob

1029 1760 1094 1794 μετὰ
1122 1759 1200 1794 δόξης
1225 1758 1354 1785 θανάτου.
1376 1758 1412 1784 Τὸ
1435 1757 1462 1783 δὲ
1487 1757 1520 1791 δὴ
1547 1757 1686 1791 θαύματος
1710 1757 1806 1791 γέμον,

191 1802 398 1836 ignominiosam
410 1802 492 1829 vitam
512 1801 687 1833 miserantur,
705 1801 780 1828 illum
795 1808 877 1829 causa
898 1809 972 1828 mor-

1029 1805 1124 1835 ιτάντες
1142 1804 1191 1838 μὲν
1213 1803 1287 1830 ἴσασι
1304 1803 1383 1830 τάδε·
1399 1802 1523 1837 γίγνεται
1539 1802 1563 1829 δ’
1585 1800 1632 1829 οὖν
1654 1801 1684 1828 τὸ
1708 1801 1807 1832 δεινὸν,

189 1850 225 1876 tis
243 1848 322 1875 obita:
336 1856 397 1875 cum
411 1848 495 1884 gloria
510 1848 620 1875 beatum
641 1847 803 1881 praedicant.
825 1846 885 1873 Jam
897 1847 971 1882 quod

1029 1849 1070 1884 τῆς
1086 1849 1174 1884 ψυχῆς
1191 1849 1258 1883 ἡμῖν
1283 1848 1436 1883 τραπείσης
1458 1848 1511 1874 ὑπό
1530 1856 1576 1874 του
1603 1847 1806 1882 δεδιττομένου.

191 1894 304 1930 prodigii
324 1896 400 1928 quasi
415 1895 522 1928 plenum
535 1899 586 1926 est,
604 1898 705 1920 norunt
719 1895 775 1921 haec
785 1892 895 1928 quidem
914 1901 974 1921 om-

1029 1894 1106 1921 Ἀλλὰ
1120 1895 1161 1920 σοὶ
1185 1894 1222 1929 μὴ
1240 1894 1391 1929 προπεπῶς
1419 1894 1486 1929 μηδὲ
1503 1893 1602 1924 ἀδίκως
1625 1892 1755 1928 ἀραμένῳ
1771 1893 1807 1918 τὰ

190 1947 250 1971 nes,
266 1945 293 1967 et
308 1941 407 1967 malum
426 1946 515 1967 tamen
532 1940 694 1972 admittitur,
727 1939 870 1967 conversis
899 1939 973 1966 velut

1029 1940 1102 1971 ἱπλα,
1120 1940 1134 1966 ὁ
1151 1939 1210 1974 μετ’
1227 1939 1352 1969 εὐκλείας
1378 1938 1494 1970 θάνατος
1518 1938 1698 1974 προτιμᾶσθω
1718 1939 1734 1972 ἥ
1749 1938 1807 1968 τοῖς

192 1986 218 2012 in
233 1985 322 2021 fugam
343 1986 442 2014 animis
456 1987 490 2013 ab
507 1986 596 2020 aliqua
617 1994 646 2013 re
658 1985 811 2013 territante.‘
827 1985 888 2012 'l‘ibi
907 1992 972 2012 vero

1029 1985 1163 2020 πολεμίοις
1181 1985 1385 2021 παραχωρῆσαι
1403 1985 1550 2020 θριάμϐου.

191 2041 242 2061 nec
255 2039 357 2061 temere
369 2040 417 2060 nec
431 2033 533 2068 injuste
547 2040 623 2060 artua
658 2032 788 2066 capienti,
813 2031 904 2065 potior
923 2031 1070 2066 conjuncta
1107 2039 1170 2059 cum
1199 2032 1284 2067 gloria
1314 2038 1389 2059 mors
1419 2035 1489 2065 esto,
1512 2038 1594 2066 quam
1620 2037 1650 2060 ut
1680 2031 1807 2059 hostibus

191 2079 360 2114 triumphum
375 2079 407 2105 de
422 2083 448 2105 to
461 2078 609 2106 concedas.

480 2140 483 2141 ⁷
500 2136 666 2165 LXXXVIII.

226 2199 337 2226 Minime
349 2198 401 2225 hoc
416 2196 462 2224 tibi
479 2200 620 2231 tantopere
633 2196 812 2230 spectandum
823 2192 861 2222 ne'
865 2194 970 2222 viribus

190 2245 408 2274 adversariorum
422 2243 599 2274 snccumbas,
613 2247 694 2278 atque
709 2249 743 2269 ne
759 2242 792 2269 ab
819 2242 862 2275 iis,
876 2241 921 2276 qni
945 2245 972 2268 te

189 2296 291 2324 amant,
309 2291 337 2318 in
349 2291 396 2317 illo
409 2291 540 2325 praeclaro
551 2289 706 2317 dilectionis
723 2288 876 2315 certamine
888 2295 970 2322 supe-

189 2339 270 2366 teris.
290 2338 366 2365 Licet
382 2337 596 2368 hostishostem,
619 2336 683 2363 licet
704 2335 879 2362 adversarius
904 2333 972 2360 alte-

190 2393 248 2413 rum
263 2383 453 2420 prostraverit,
467 2382 545 2410 multi
564 2385 655 2409 tamen
683 2380 799 2408 fortuna:
824 2379 969 2406 victoriam

190 2435 329 2465 acceptam
347 2430 444 2457 ferent.
457 2430 491 2457 At
506 2429 556 2460 illi,
567 2429 613 2463 qui
626 2428 660 2455 ab
676 2426 833 2454 amantibus
853 2425 971 2452 amando

189 2477 319 2507 vincitur.
335 2483 370 2503 ne
386 2476 497 2511 quidem
511 2483 581 2502 Imus
598 2473 732 2510 ignoverit
746 2480 853 2505 eorum,
873 2472 919 2507 qui
931 2479 973 2498 re-

188 2528 231 2550 cte
241 2523 357 2557 diligere
370 2526 480 2549 norunt.
496 2520 679 2554 Quamobrem
703 2523 782 2554 turpe
799 2518 909 2554 quidem
922 2517 972 2544 ho-

189 2569 289 2600 stibus,
314 2568 361 2596 sed
391 2568 510 2602 turpius,
535 2567 691 2593 amantibus
719 2565 879 2592 inferiorem
899 2571 970 2591 esse.

188 2614 317 2642 Omnium
336 2621 401 2640 vero
418 2613 604 2647 turpissimum
619 2619 679 2639 esse
694 2611 812 2642 videtur,
825 2611 882 2638 leve
892 2610 972 2644 quid-

188 2660 251 2686 dam
269 2665 364 2693 putare
380 2657 493 2684 liberos.
525 2656 622 2684 Studio
652 2656 830 2692 laudabilium
859 2663 971 2690 opcruut

189 2705 269 2739 longo
283 2708 410 2739 parentes
427 2712 459 2731 ex
475 2703 617 2730 intervallo
630 2707 789 2738 sequantur.
807 2701 839 2728 Et
851 2708 971 2734 quonam

188 2754 268 2782 pacto
278 2749 339 2784 quis
355 2749 433 2775 aliter
449 2748 482 2775 de
496 2748 536 2775 eis
549 2751 662 2779 statuat,
680 2747 714 2780 si,
730 2754 792 2774 cum
805 2745 875 2774 ferre
892 2745 971 2773 liberi

189 2799 336 2829 nequeant,
345 2795 409 2829 quin
424 2794 580 2821 haereditate
591 2793 724 2828 majorum
734 2799 846 2821 suorum
858 2792 972 2819 faculta-

189 2844 229 2866 tcs
240 2839 380 2867 universas
390 2840 499 2871 adeant,
508 2840 634 2866 virtutem
644 2846 738 2866 eorum
747 2839 826 2874 quasi
836 2837 971 2873 piaculum

189 2885 324 2919 quoddam
337 2885 501 2919 rciecerint!
514 2885 602 2913 IIabes
614 2890 667 2912 tam
681 2893 694 2912 a
709 2890 794 2919 patre,
804 2891 883 2919 quant
894 2892 908 2910 a
919 2891 973 2911 rna-

1382 2134 1448 2161 HH'.

1062 2192 1117 2226 Οὐχ
1131 2191 1203 2219 οὕτω
1222 2200 1263 2217 σοι
1277 2191 1410 2227 προσήκει
1432 2191 1554 2222 σκοπεῖν,
1569 2192 1644 2222 ὅπως
1660 2191 1697 2227 μὴ
1716 2191 1806 2225 γένοιο

990 2262 1010 2291 D
1025 2238 1080 2265 τῶν
1102 2238 1360 2272 ἀνταγωνιζομένων
1382 2238 1511 2270 ἐλάττων,
1531 2238 1626 2272 ὥσπερ
1641 2240 1679 2273 μὴ
1705 2239 1758 2265 τῶν
1775 2247 1806 2265 σε

1024 2285 1173 2319 φιλούντων
1188 2283 1384 2318 ἀπολειφθῆναι
1400 2283 1470 2318 πρὸς
1487 2284 1537 2320 τὴν
1554 2284 1659 2319 ἀγαθὴν
1673 2285 1724 2316 τῆς
1737 2285 1807 2318 ἀγά-

1023 2339 1078 2365 πης
1094 2329 1228 2365 ἅμιλλαν
1247 2328 1299 2355 κᾶν
1319 2328 1448 2363 πολέμιος
1464 2329 1559 2364 ἐχθρὸν
1572 2329 1736 2364 κατενέγκῃ,
1753 2329 1807 2356 κᾶν

1023 2376 1168 2407 ἀντίπαλος
1193 2375 1298 2408 ἕτερον,
1323 2375 1416 2402 πολλοὶ
1439 2376 1472 2410 τῇ
1488 2375 1557 2410 τύχῃ
1575 2375 1728 2408 λογιοῦνται
1755 2375 1806 2408 τὴν

1024 2421 1112 2456 νίκην.
1130 2420 1295 2455 Ἣττωμένῳ
1305 2420 1333 2446 δὲ
1347 2420 1496 2454 φιλούντων
1508 2420 1562 2447 οὐδ’
1575 2421 1608 2446 ἂν
1619 2417 1659 2451 εἷς
1672 2421 1805 2456 συγγνοίη

1022 2467 1077 2494 τῶν
1100 2467 1187 2500 φιλεῖν
1212 2467 1418 2502 ἐπισταμένων·
1442 2466 1507 2493 ὣστ’
1530 2467 1642 2502 αἰσχρὸν
1672 2466 1721 2501 μὲν
1752 2467 1806 2493 τῶν

1024 2514 1140 2549 ἐχθρῶν,
1165 2514 1272 2548 αἴσχιον
1287 2513 1316 2540 δὲ
1334 2513 1389 2539 τῶν
1411 2513 1560 2547 φιλούντων
1581 2513 1656 2548 ἥττω
1674 2513 1804 2548 φανῆναι.

1023 2562 1102 2587 Δοκεῖ
1115 2561 1144 2588 δὲ
1171 2561 1312 2596 αἰσχιστον
1337 2560 1444 2586 πάντων
1470 2559 1571 2593 κοῦφον
1598 2559 1726 2595 ἡγεῖσθαι
1741 2560 1805 2591 τοὺς

1025 2607 1123 2638 παῖδας
1139 2607 1255 2634 κατόπιν
1271 2607 1340 2633 ἰέναι
1352 2606 1453 2640 γονέων
1468 2606 1508 2637 είς
1520 2606 1570 2640 τὴν
1581 2605 1635 2632 τῶν
1651 2605 1805 2632 σπουδαίων

1024 2653 1112 2688 ἔργων
1140 2653 1308 2687 ἐπιμέλειαν.
1327 2653 1380 2679 Καὶ
1399 2653 1456 2683 πῶς
1481 2660 1523 2683 τις
1547 2651 1634 2683 ἄλλως
1657 2652 1763 2686 κρινεῖς
1779 2651 1804 2677 εἰ

1024 2699 1077 2725 τῶν
1097 2699 1201 2725 ἑαυτῶν
1219 2699 1269 2734 μὲν
1297 2698 1438 2732 προγόνων
1459 2698 1483 2725 oI
1503 2697 1598 2728 παῖδες
1616 2697 1665 2723 οὐκ
1689 2696 1723 2722 ἂν
1739 2697 1804 2722 ἀνά-

1024 2753 1130 2780 σχοιντο
1148 2745 1186 2781 μὴ
1208 2745 1298 2780 πάσης
1313 2745 1362 2780 τῆς
1383 2744 1478 2776 οὐσίας
1501 2744 1692 2779 κληρονομεῖν,
1712 2743 1762 2777 τὴν
1775 2742 1804 2768 δὲ

1024 2791 1138 2818 ἐκείνων
1152 2791 1253 2826 ἀρετὴν
1267 2791 1303 2821 ὡς
1323 2790 1389 2825 ἄγος
1410 2789 1594 2825 ἁπορῤίψαιεν
1607 2798 1614 2823 ;
1633 2789 1725 2824 Ἔχεις
1738 2788 1804 2814 πολ-

1024 2837 1086 2868 λοὺς
1109 2839 1156 2863 καὶ
1181 2838 1248 2872 «pb;
1264 2837 1377 2871 πατρὸς,
1395 2836 1445 2862 καὶ
1467 2836 1535 2870 πρὸς
1557 2836 1659 2870 μητρὸς
1683 2833 1804 2868 ἀγαθοὺς

1025 2884 1183 2918 προγόνους.
1198 2883 1276 2910 Ἐστι
1295 2890 1337 2909 σοι
1354 2883 1434 2918 φύσις
1450 2882 1539 2918 ἀγαθὴ
1556 2881 1631 2917 παρὰ
1648 2881 1716 2908 Θεοῦ
1731 2879 1803 2907 6:60-
