1937 3078
130 138 188 171 37Ἶ

607 137 819 179 VPRIECEPTA
838 136 1101 168 EDUCATIONIS
1117 136 1257 168 REGIZE.

1695 134 1751 165 378

133 196 220 230 μένη.
239 193 360 222 Εὐλέϐοῦ
385 195 467 230 φύσιν
488 195 594 232 ἀγαθὴν
613 197 802 232 καταισχῦναι,
823 197 863 231 τῷ
881 195 919 231 μὴ

972 199 1023 226 tre,
1042 194 1143 221 multos
1167 193 1292 228 egregios
1308 199 1392 225 avos;
1407 191 1495 220 habes
1510 191 1627 218 indolem
1640 191 1753 222 bonum,

130 242 238 278 ζηλοῦν
249 242 310 274 τοὺς
329 243 449 277 ἀγαθοὺς
465 243 518 271 τῶν
532 244 681 280 προγόνων.

498 334 561 362 ΠΘ’.

172 383 290 418 Σημεῖον
308 383 438 418 στρατιᾶς
453 383 552 416 κακῆς.
564 382 612 408 καὶ
626 381 740 416 φεύγειν
755 381 839 417 οὔσης
851 382 920 409 ἑτοί-

133 438 201 464 μου,
226 429 257 455 τὸ
278 428 435 464 μεθημιραν
459 428 570 460 ἑαυτοὺς
591 428 782 463 ἀφανίζοντας,
810 428 920 464 νύκτωρ

133 474 304 509 ἑπιφύισθαι
318 475 375 505 τοῖς
398 474 515 509 ἐχθροῖς.
532 474 611 508 Μήτε
635 473 701 508 γοῦν
722 474 804 505 αὐτὸς
818 475 920 506 Ῑνυκτὸς

131 520 183 547 ἐπὶ
197 521 260 552 τοὺς
280 520 394 556 ἐχθροὺς
410 520 563 556 ὲκόρᾶμῃς,
577 520 610 555 ἢν
635 521 671 556 μὴ
691 521 843 556 κατεπείγῃ
857 521 921 556 χρό-

132 575 192 598 νος,
206 567 252 593 καὶ
264 567 294 593 τὸ
306 567 414 601 νικῆσαι
429 567 565 602 πρόδηλον
576 566 605 604 ᾖ,
620 567 636 601 ἢ
651 567 698 594 καὶ
710 567 804 602 ἕτερον
819 568 918 600 είπεῖν,

133 611 170 645 ἦν
189 610 251 646 μηδ’
267 612 296 637 ὲν
310 611 402 638 ἐλπίσι
417 611 517 646 κέηται
530 611 561 638 τὸ
574 612 711 647 κρατῆσαι
725 612 861 647 φανερῶς,
872 613 920 640 καὶ

133 657 167 683 τὸ
192 657 388 691 ἐπιτεταμένον
407 657 457 692 τῆς
483 657 574 693 μάχης
599 657 698 693 ἀπειλῇ
728 666 770 684 σοι
792 658 917 685 Θάνατον.

115 702 212 737 νΜήτε
231 702 284 737 μὴν
308 703 363 730 τῶν
388 703 518 730 ἐναντίων
535 703 631 735 νυκτὸς
657 702 847 738 ἑφαλλομένων
872 703 920 730 ὲκ-

134 748 268 782 πλήττου.
281 748 374 784 Σκότῳ
388 748 454 783 γὰρ,
465 749 512 775 καὶ
521 748 611 783 ψόφῳ,
623 749 670 775 καὶ
681 750 784 783 φωναῖς
797 749 920 780 ἐλπίζον-

133 801 182 824 τες
199 793 319 828 τρέψειν,
335 793 366 820 οὐ
385 795 557 828 γενναιότητι
572 794 674 829 ψυχῆς,
697 794 757 821 οὐδὲ
773 793 919 830 καρτερίᾳ,

134 839 246 866 ἑπειδάν
256 840 348 870 αὐτοῖς
358 839 388 866 οὐ
401 840 462 867 κατ’
473 840 584 872 ἐλπίδας
595 841 709 876 χωρήσῃ
718 841 864 876 τοὺγχείρη
870 849 917 875 μα,

135 883 251 918 μηδενὸς
274 883 418 916 διώκοντος
446 885 519 919 μάλα
540 885 681 920 φεύγουσι.
706 887 752 913 Δεῖ
767 886 796 913 δὲ
821 887 887 918 πᾶν,
897 886 918 912 ·ὃ

135 929 228 956 δίδωσι
255 930 486 965 περιγενήσεσθαι
509 931 672 966 προσδοκᾷν,
699 931 740 962 είς
762 932 919 966 τούμφανὲς

133 975 214 1009 ἄγειν
240 977 272 1011 τῇ
292 977 416 1012 στρατιᾷ,
438 977 511 1008 ὅπως
528 977 560 1003 ἄν
585 984 625 1002 σοι
653 976 846 1007 κοινωνοῦντες
869 977 919 1011 τῆς

133 1021 226 1056 δόξης,
255 1022 413 1057 ἀδεέστερον
431 1024 479 1050 καὶ
497 1023 545 1049 τοῦ
557 1022 688 1058 -πολέμου
711 1023 918 1058 κοινωνήσαιεν.

133 1068 174 1095 Οὐ
200 1068 280 1103 μόνον
307 1069 362 1103 γὰρ
379 1070 409 1096 τὸ
427 1069 535 1104 ίσχυρδν
557 1070 605 1096 καὶ
622 1067 736 1104 φοϐερὸν
758 1068 819 1096 καθ’
842 1069 919 1102 αὐτὸ,

132 1113 205 1140 ἀλλὰ
218 1114 250 1149 δὴ
265 1114 312 1142 καὶ
337 1116 367 1142 τὸ
388 1114 483 1141 δοκοῦν
502 1115 631 1150 βλάπτειν
650 1114 740 1142 εῐωοε.
767 1115 808 1141 Τὰ
829 1115 919 1151 πλήθη

133 1161 189 1196 γὰρ
203 1163 243 1193 εἰς
257 1161 335 1195 δόξαν
352 1161 455 1197 μᾶλλον
470 1162 486 1197 ἢ
501 1162 615 1198 τάληθὲς
629 1161 793 1189 ἀποϐλέπει.

174 1341 263 1368 Είδότι
291 1341 324 1368 ἀν
345 1349 399 1368 που
421 1341 542 1376 λέγοιμι.
568 1340 659 1374 Ἰξεύει
681 1341 730 1375 μὲν
755 1341 768 1367 ὁ
784 1340 919 1376 θηρευτὴς

136 1387 238 1419 αἰετὸν,
268 1387 325 1413 ἀλλ’
350 1387 514 1422 ἀπροόπτως
538 1386 700 1421 ποιούμενον
724 1386 773 1417 τὰς
798 1386 838 1417 είς
856 1386 918 1417 τοὺς

137 1432 272 1467 πτόρθους
288 1434 465 1466 καταγωγὰς.
485 1432 540 1459 Καὶ
556 1431 627 1459 λέων
645 1431 695 1466 μὲν
710 1431 848 1458 ἁλίσκεται
865 1430 918 1457 πά-

137 1487 210 1512 γιις,
222 1477 281 1504 ἀλλ’
296 1479 471 1513 ἀπρονοήτως
486 1478 611 1512 βαδίζων.
627 1477 776 1513 Κορυδαλοὶ
790 1477 817 1504 δὲ
828 1479 919 1513 πάγης

971 239 1103 268 divinitus
1117 239 1165 266 tibi
1178 246 1336 266 concessam
1352 245 1444 270 :cave,
1455 238 1612 272 praeclaram
1622 237 1754 269 indolem,

972 286 1116 321 praeclaros
1130 292 1196 312 avos
1209 285 1281 312 haud
1296 284 1461 317 ίοιιιυιοιιιιο,
1476 284 1716 311 dehonestaveris.

1284 330 1428 358 LXXXIX.

1006 375 1124 404 Omnino
1139 377 1247 411 signum
1261 380 1304 404 est
1318 376 1456 404 exercitus
1484 375 1587 410 ignavi,
1612 379 1640 402 et
1651 374 1684 401 ad
1714 373 1757 401 fu-

971 423 1098 458 giendum
1115 423 1213 458 parati.
1230 423 1252 450 si
1280 423 1386 457 seipsos
1418 422 1539 450 interdiu
1569 421 1754 453 occultantes.

971 473 1054 506 noctu
1071 469 1162 496 hostes
1172 469 1343 496 adoriantur.
1364 468 1420 496 Nec
1433 468 1517 503 igitur
1543 467 1601 502 ipse
1617 472 1698 495 noctu
1724 468 1751 494 in

972 515 1065 542 hostes
1081 515 1262 549 procurreris.
1283 515 1335 543 nisi
1348 519 1455 548 tempus
1471 518 1578 549 urgeat,
1589 519 1616 541 et
1639 513 1755 541 victoria

972 565 998 588 te
1011 561 1160 595 potiturum
1175 560 1315 588 evidenter
1331 565 1478 596 appareat;
1496 559 1549 592 vel,
1565 565 1595 586 ιιι
1609 559 1688 586 aliter
1715 559 1756 586 lo-

970 614 1050 642 quar.
1067 607 1091 634 si
1104 613 1154 634 nec
1166 606 1300 641 speranda
1316 607 1352 634 sit
1378 611 1473 641 aperto
1484 606 1570 633 Marte
1582 606 1707 637 victoria,
1729 609 1757 632 et

971 660 1069 687 pugnae
1086 652 1234 680 vehemens
1251 652 1369 687 impetus
1395 656 1509 679 mortem
1547 652 1595 679 tibi
1626 652 1754 682 mittetur.

969 705 1022 725 nec
1033 698 1198 725 adversariis
1209 703 1292 726 noctu
1308 702 1335 726 te
1349 698 1555 728 invadentibus.
1583 697 1676 724 animo
1692 704 1755 731 per-

971 745 1100 773 tttrheris.
1117 744 1183 772 Nam
1201 745 1263 779 quia
1281 745 1409 778 tenebris,
1422 749 1449 773 et
1465 745 1593 780 strepitu,
1606 748 1634 771 et
1653 744 1755 778 clamo-

971 791 1058 824 ribus,
1075 798 1127 818 non
1145 790 1229 818 animi
1248 791 1420 823 strenuitate.
1434 798 1484 818 nec
1497 791 1619 818 laborum
1637 790 1756 817 toleran-

971 836 1017 867 tia,
1036 843 1065 863 se
1082 840 1146 864 tuos
1166 836 1192 863 in
1213 836 1304 871 fugam
1321 841 1432 864 acturos
1458 839 1587 871 sperant,
1606 842 1669 862 cum
1696 835 1753 869 pri-

970 889 1044 908 mum
1055 889 1104 916 pro
1115 889 1162 916 spe
1170 885 1302 917 concepta
1317 886 1431 910 conatus
1446 882 1499 909 iste
1510 889 1565 909 tton
1576 881 1754 912 successerit,

969 927 1116 955 admodum
1129 932 1312 962 persequente
1325 928 1435 956 nemine
1455 928 1577 962 fugiunt.
1592 927 1681 955 Debes
1707 935 1756 954 au-

970 977 1024 1000 tem
1041 973 1305 1008 quidquidvictorite
1318 981 1395 1009 spem
1406 974 1455 1001 tibi
1472 974 1626 1009 pollicetur,
1642 973 1677 1001 ob
1693 981 1756 1001 ocu-

971 1018 1012 1046 los
1027 1020 1159 1046 exercitui
1177 1027 1289 1054 ponere,
1305 1024 1335 1047 ut
1351 1020 1377 1047 in
1387 1021 1544 1056 opinionem
1564 1025 1637 1047 tuam
1651 1024 1756 1054 pertra-

970 1066 1018 1098 cti,
1034 1067 1188 1100 promptius
1205 1066 1231 1093 in
1246 1066 1403 1094 societatem
1414 1074 1510 1101 pugnte
1519 1067 1638 1094 veniant.
1650 1066 1756 1101 Quippe

971 1118 1023 1137 non
1039 1115 1145 1138 tanlutn
1163 1111 1199 1143 id,
1213 1111 1285 1146 quod
1301 1119 1397 1147 reapse
1412 1112 1532 1140 validum
1548 1117 1600 1145 est,
1615 1120 1646 1139 ac
1662 1112 1757 1140 formi-

971 1156 1070 1189 dabile,
1089 1165 1182 1184 verum
1193 1158 1274 1184 etiam
1290 1158 1363 1193 quod
1379 1165 1441 1186 esse
1455 1146 1573 1190 videttir,
1602 1165 1702 1185 nocere
1712 1165 1758 1185 so-

971 1202 1018 1230 lut.
1036 1202 1103 1230 Nam
1125 1203 1222 1238 vulgus
1238 1204 1377 1231 hominum
1394 1204 1480 1239 magis
1502 1204 1659 1240 opinionem
1673 1211 1755 1239 quam

972 1249 1115 1276 veritatem
1132 1254 1248 1286 spectat.

1341 1293 1398 1322 XC.

1006 1343 1100 1370 Dicam
1114 1342 1218 1377 aliquid
1233 1341 1440 1370 non'nescieuti.
1458 1341 1540 1369 Visco
1552 1341 1662 1376 quidem
1680 1341 1758 1376 aqui-

970 1390 1022 1420 lam
1043 1393 1154 1416 venator
1168 1389 1251 1423 capit,
1264 1389 1310 1416 sed
1322 1389 1543 1424 imprudenterin
1558 1389 1685 1415 arborqu
1696 1396 1758 1416 sese

971 1443 1062 1462 ramos
1073 1434 1271 1462 demittentem.
1283 1434 1376 1461 itidem
1387 1435 1429 1461 leo
1440 1434 1568 1469 indagine
1580 1434 1698 1468 capitur,
1709 1434 1758 1462 sed

972 1486 1074 1508 temere
1095 1480 1282 1515 progrediens.
1302 1479 1429 1507 Galeritm
1454 1487 1520 1507 vero
1541 1480 1679 1507 tendicula
1696 1480 1756 1515 capi

138 1524 269 1559 ἀνώτεροι
283 1524 320 1556 ὡς
333 1524 538 1551 ὲπιτοπλεῐστόν
552 1525 631 1557 εἰσιν,
653 1524 690 1555 ὡς
710 1524 747 1559 μὴ
764 1524 918 1559 προπετῶς,

972 1528 1131 1562 plerumque
1152 1531 1301 1561 nequeunt.
1313 1526 1386 1561 q‘ttod
1404 1535 1456 1554 non
1479 1531 1582 1566 temere
1600 1535 1651 1554 nrt:
1677 1527 1758 1554 avide

140 1570 207 1604 μηδὲ
223 1569 322 1604 λίχνως
340 1569 396 1595 τῶν
408 1569 449 1599 είς
464 1569 569 1605 τροφὴν
586 1569 816 1604 προκαλουμένων
835 1569 920 1595 ἀπτό-

140 1624 226 1650 μενοι.
250 1615 323 1642 Ἡδὲ
339 1615 440 1650 δορκὶς
463 1615 555 1650 ἔργοις
578 1615 670 1646 αὐτοῖς
687 1615 842 1641 συνιστῶσα
861 1614 921 1641 τοῦ·

138 1671 220 1697 νομα,
234 1662 342 1697 βρόχοις
357 1662 408 1688 οὒκ
422 1661 558 1693 εὐάλωτος
572 1662 705 1696 γίγνεται.
722 1661 776 1688 Καὶ
789 1661 875 1688 πολλά
888 1669 918 1695 γε

138 1708 220 1743 ἕτερα
236 1707 325 1742 πολλῷ
347 1708 452 1734 τούτων
474 1707 639 1743 φαυλότερα,
665 1707 750 1742 σοφὴν
766 1707 920 1734 ἐπιδεικνύ-

140 1763 206 1789 μενα
224 1754 338 1785 δίαιταν,
355 1753 410 1780 τῶν
425 1753 654 1780 ἐπιϐουλευόντων
673 1754 821 1789 καταγελᾷ.
837 1753 920 1779 Ὥστε

138 1803 194 1832 τοῖς
209 1801 366 1836 ἀνθρώποις
381 1800 546 1836 προσέχουσι
561 1801 662 1835 μᾶλλον
674 1801 728 1827 τῶν
745 1801 848 1835 θηρίων
863 1800 923 1833 ἐξὲ-

140 1855 199 1874 σται
213 1847 359 1878 ἐπιϐουλὰς
372 1847 525 1881 διαδρᾶναι.
541 1846 644 1882 Πολλῆς
657 1847 707 1881 μὲν
719 1845 765 1873 οὖν
779 1847 920 1882 φροντίδος

138 1892 178 1919 δεῖ
198 1892 244 1918 καὶ
262 1892 382 1922 ίδιὼταις
397 1892 535 1926 ιῐινδρόισι,⁴
546 1892 615 1926 μόνα
630 1899 661 1926 γε
682 1891 716 1918 τὰ
738 1891 800 1918 κατ’
821 1891 920 1923 αὐτοὺς

139 1937 306 1972 ἐνεργοῦσιν,
325 1938 349 1964 εί
375 1938 414 1964 δεῖ
427 1937 464 1972 μὴ
489 1938 656 1973 πειραθῆναι
674 1938 780 1964 πολλῶν
805 1937 918 1964 κακῶν·

138 1985 193 2015 τοῖς
210 1983 238 2009 δὲ
252 1975 365 2018 λαχοῦσι
385 1983 569 2018 προῖστασθαι
593 1983 783 2019 ἐπιμελεῖσθαι
802 1983 856 2009 τῶν
872 1982 920 2010 ἀλ-

138 2028 192 2055 λων
204 2028 235 2055 τδ
246 2029 302 2055 πᾶν
314 2029 342 2055 ὲν
354 2028 393 2063 τῷ
407 2028 561 2064 φροντίζειν
574 2029 648 2055 ἐστὶν
660 2029 730 2063 ὑπὲρ
743 2028 796 2055 τῶν
809 2028 919 2055 κοινῶν·

138 2075 167 2101 τὸ
181 2076 307 2110 προνοεῖν
329 2074 376 2101 καὶ
395 2075 550 2109 οίκονομεῖν
576 2074 684 2109 φυλακὴ
701 2075 757 2101 τῶν
780 2074 918 2110 ὑπαρχόν-

137 2129 190 2147 των
201 2120 330 2156 ἀκριϐὴς,
346 2121 401 2147 τῶν
413 2122 464 2147 οὑκ
476 2121 561 2147 ῦντων
575 2121 709 2155 πορισμὸς
725 2120 850 2155 ἄφθονος,
866 2130 919 2148 σω-

137 2167 217 2202 τηρία
234 2167 290 2193 τῶν
306 2166 357 2193 ὑπὸ
373 2167 461 2202 χεῖρα,
477 2167 584 2202 ἐχθροῖς
602 2167 724 2202 ὀλέθριον
739 2167 825 2202 βέλος.
840 2167 876 2194 Τὸ
890 2167 919 2194 δὲ

140 2213 176 2249 μὴ
199 2213 345 2248 προσέχειν
368 2214 415 2239 καὶ
439 2213 551 2248 ἀμελεῖν
577 2213 755 2249 προκαλεῖται
778 2215 813 2240 τὰ
833 2214 918 2246 δεινὰ,

137 2259 282 2293 ἐφέλκεται
297 2254 331 2286 τὰ
354 2259 516 2294 βλάπτοντα.
540 2259 576 2286 Τὸ
592 2260 646 2285 πᾶν
662 2260 803 2294 συντόμως
820 2260 918 2292 είπεῖν,

137 2305 287 2341 διαφθείροι
303 2305 336 2332 ἄν
353 2305 400 2332 καὶ
418 2305 548 2340 βουκόλῳ,
571 2306 617 2332 καὶ
631 2305 747 2339 αίπόλῳ,
764 2306 812 2332 καὶ
838 2307 919 2332 ίππο-

138 2351 228 2387 φορϐῷ
249 2351 300 2386 τὴν
316 2351 414 2387 ἀρχὴν,
435 2351 515 2385 μήτοι
538 2359 570 2384 γε
593 2351 750 2386 στρατηγῷ.
768 2351 838 2383 Τοὺς
862 2351 917 2386 γὰρ

138 2397 262 2432 βασιλέας
279 2398 463 2432 παρέρχομαι,
477 2396 637 2431 τηλικοῦτον
652 2396 728 2432 ἅρμα
744 2397 916 2428 ἐλαύνοντας·

137 2440 173 2469 ὦν
189 2443 244 2478 γὰρ
257 2443 289 2477 δὴ
304 2443 384 2479 χρεία
397 2443 454 2474 τοῖς
471 2442 575 2477 ἥττοσι,
592 2442 681 2478 πολλῷ
694 2452 725 2477 γε
742 2444 842 2470 μᾶλλον
861 2444 917 2475 τοῖς

137 2489 297 2525 κρείττοσιν.

518 2623 558 2652 A'.

518 2626 558 2652 A'.

177 2668 242 2695 Ἰδοὺ
257 2669 305 2694 καὶ
317 2670 364 2695 νῦν
377 2626 519 2704 είρήσετσὶ
534 2669 590 2696 τῶν
603 2670 762 2703 ἀναγκαίων
789 2679 829 2697 σοι
845 2671 917 2705 γνῶ-

141 2721 192 2741 aut.
207 2714 237 2740 El
251 2714 440 2749 ἐπιστημόνως
455 2723 497 2746 τις
514 2716 570 2748 τοῖς
591 2716 643 2743 ἀνὰ
658 2716 753 2752 χεῖρας
770 2717 916 2752 πράγμασι

135 2757 233 2793 χρῷτο,
246 2759 321 2785 οὐδὲν
333 2759 450 2786 κωλύσει
466 2761 514 2787 καὶ
530 2761 658 2788 τάναντία
673 2763 713 2793 είς
726 2762 756 2789 ἓν
772 2770 798 2788 τι
821 2763 916 2797 φέρειν

136 2804 188 2830 τῶν
202 2804 323 2838 ἀγαθῶν.
337 2806 392 2832 Καὶ
412 2806 509 2833 σκόπει
522 2806 554 2841 δή
572 2815 617 2841 μοι
631 2807 678 2834 τδν
696 2807 787 2840 λόγον.
803 2808 840 2835 Τὸ
865 2808 915 2843 μὲν
931 2842 934 2845 ι

136 2850 188 2884 γὰρ
201 2850 377 2886 ἐπιλελῆσθαι
394 2851 432 2887 τῷ
454 2853 608 2888 μεμνῆσθαι
627 2853 840 2881 ἐναντιώτατον·
856 2855 914 2881 ἀλλ’

972 1573 1078 1601 soleant
1089 1580 1167 1600 escas
1184 1573 1327 1607 attingere.
1341 1572 1441 1600 Dorcas
1459 1580 1571 1607 quoque
1584 1573 1688 1600 nomini
1705 1581 1755 1600 suo

971 1626 1001 1646 re
1017 1619 1073 1653 ipsa
1089 1618 1167 1645 tidem
1181 1617 1294 1650 faciens,
1311 1617 1414 1652 laqueis
1434 1618 1506 1645 hattd
1528 1617 1609 1646 facile
1632 1619 1691 1653 capi
1709 1627 1757 1654 po-

972 1669 1033 1693 test.
1044 1664 1137 1692 ltidem
1150 1664 1202 1691 alia
1215 1664 1298 1691 multa
1312 1664 1389 1699 longe
1398 1664 1441 1692 his
1450 1665 1626 1698 ignobiliora,
1637 1666 1758 1694 vafricia:
1769 1690 1776 1697 .

971 1713 1132 1738 documenta
1153 1710 1297 1745 singularis
1310 1710 1428 1742 edentia,
1444 1711 1534 1738 rident
1549 1718 1606 1742 eos,
1624 1718 1638 1737 tt
1654 1711 1757 1746 quibus

970 1756 1038 1791 ipsis
1051 1756 1157 1784 insidiae
1173 1760 1326 1783 struuntur.
1343 1755 1515 1790 Quapropter
1531 1756 1553 1784 si
1569 1756 1689 1783 animum
1708 1757 1757 1784 lto-

972 1802 1058 1829 tnines
1077 1802 1217 1829 advertere
1233 1802 1328 1835 velint,
1349 1801 1456 1829 felicius
1472 1809 1553 1836 quam
1586 1802 1652 1836 ipste
1681 1802 1754 1835 ferae,

970 1847 1084 1874 insidias
1098 1847 1200 1874 evitare
1216 1851 1353 1881 poterunt.
1371 1846 1518 1874 Enimvero
1551 1854 1649 1882 magna
1661 1846 1755 1881 priva-

970 1893 1006 1920 tis
1020 1900 1130 1928 quoque
1150 1892 1309 1920 hominibus
1331 1900 1399 1927 optts
1410 1897 1452 1919 est
1462 1900 1539 1924 cura,
1550 1893 1757 1920 suasduntaxat

971 1946 1015 1966 res
1038 1938 1194 1973 agentibus,
1213 1943 1242 1965 ut
1259 1938 1402 1973 complura
1416 1938 1485 1965 mala
1502 1946 1555 1966 non
1568 1939 1745 1974 experiantur

969 1984 1004 2010 At
1021 1983 1062 2016 iis,
1080 1983 1178 2018 quibus
1197 1983 1293 2018 obtigit
1306 1987 1361 2010 tum
1373 1983 1434 2011 aliis
1451 1991 1579 2019 prmesse,
1595 1989 1650 2011 tttm
1660 1992 1754 2012 curam

969 2036 1062 2056 eorum
1076 2036 1179 2064 gerere,
1189 2036 1296 2056 summa
1313 2037 1404 2056 rerum
1421 2029 1447 2056 in
1462 2029 1686 2057 sollicitudincdc
1706 2037 1755 2057 ne-

970 2075 1054 2110 gotiis
1067 2074 1183 2109 publicis
1194 2079 1237 2102 est
1258 2074 1322 2102 sita.
1342 2073 1479 2102 Nimirum
1496 2075 1647 2111 providere.
1659 2076 1752 2108 rebus,

969 2127 997 2149 et
1009 2122 1118 2150 easdem
1134 2126 1207 2149 recte
1221 2121 1400 2154 constituere,
1422 2121 1597 2156 praesrntium
1617 2121 1752 2149 bonorum

973 2172 1101 2195 accurata
1114 2167 1344 2200 estconservatio,
1359 2172 1385 2195 et
1398 2167 1546 2202 acqttisitio
1569 2168 1680 2202 copiosa
1705 2176 1754 2195 co-

972 2221 1042 2245 rum,
1060 2221 1119 2248 quae
1133 2214 1550 2246 desiderantur,etsubditorum
1567 2213 1649 2246 salus,
1663 2218 1690 2241 et
1706 2214 1756 2241 ho~

970 2260 1057 2287 stilms
1069 2259 1179 2287 exitiale
1211 2260 1306 2287 telum.
1337 2260 1507 2287 Atsecordia
1533 2259 1754 2294 negligentiaqtte

969 2307 1028 2334 dira
1043 2306 1118 2333 elicit
1134 2306 1251 2338 tnala,et
1263 2306 1376 2333 attrahit
1390 2306 1470 2332 noxia
1485 2314 1493 2338 ;
1511 2305 1639 2332 brevibus
1656 2310 1686 2332 ut
1714 2311 1755 2332 to-

970 2356 1024 2379 tam
1045 2359 1102 2379 rem
1117 2351 1294 2385 complectar,
1308 2352 1365 2378 hac
1379 2355 1407 2378 et
1435 2350 1563 2384 bubulco,
1576 2355 1603 2377 et
1627 2351 1752 2386 caprario

969 2403 996 2426 et
1005 2398 1119 2434 equario
1134 2398 1254 2433 regimen
1274 2404 1355 2424 omne
1371 2397 1532 2432 perdiderit,
1554 2398 1653 2424 nedum
1663 2397 1754 2432 copia-

968 2452 1028 2471 rum
1046 2441 1214 2480 imperatori.
1227 2442 1332 2477 Quippe
1348 2450 1425 2478 reges
1437 2442 1484 2478 qui
1497 2443 1577 2470 talem
1591 2448 1752 2478 tantumque

968 2497 1080 2517 currum
1096 2493 1192 2524 agunt,
1208 2489 1290 2516 etiam
1299 2489 1409 2516 silentio
1437 2493 1580 2524 prtetereo.
1605 2489 1672 2517 Nam
1690 2497 1752 2525 qua

970 2544 1013 2564 res
1033 2537 1060 2564 in
1075 2536 1120 2568 iis,
1136 2536 1182 2570 qui
1199 2541 1264 2562 sunt
1276 2535 1430 2569 inferiores,
1455 2535 1542 2564 multo
1554 2537 1640 2573 magis
1651 2538 1678 2564 in
1704 2545 1751 2572 po—

970 2582 1133 2610 tentioribus
1153 2581 1341 2616 requiruntur.

1321 2626 1389 2654 XCI.

1005 2673 1072 2700 Ecce
1089 2680 1162 2700 nttnc
1175 2680 1284 2708 quoque
1308 2672 1414 2700 dicetur
1436 2673 1537 2708 aliquid
1564 2673 1673 2708 cognitu
1702 2673 1749 2701 tibi

968 2719 1164 2746 necessarium.
1183 2719 1210 2746 Si
1224 2718 1309 2753 perite
1319 2719 1381 2754 quis
1392 2720 1573 2754 praesentibus
1586 2725 1678 2747 utatur
1707 2727 1750 2747 re-

968 2764 1029 2797 bus,
1045 2764 1113 2791 nihil
1129 2765 1266 2799 impediet,
1277 2766 1425 2800 quominus
1441 2770 1468 2793 et
1483 2765 1535 2793 illis
1548 2767 1692 2794 contraria:
1702 2766 1750 2794 bo-

968 2818 1033 2837 num
1043 2810 1075 2838 ad
1088 2810 1195 2845 aliquod
1205 2812 1325 2839 tendant.
1342 2811 1375 2838 Et
1385 2811 1445 2840 vide
1460 2812 1537 2845 mihi,
1547 2820 1650 2847 quaeso,
1664 2813 1750 2840 ratio-

968 2865 1040 2886 ncm.
1065 2857 1193 2885 Oblivisci
1213 2865 1243 2886 ac
1268 2857 1436 2892 meminisse,
1457 2859 1576 2887 maxime
1605 2859 1745 2887 contraria
