1937 3078
222 206 227 209 η
511 197 626 226 XCVIII.

225 241 323 270 Sciunt
335 249 445 275 omnes,
458 243 547 278 ipsum
564 252 611 278 per
624 251 652 272 se
666 245 758 272 vivere
770 245 872 273 bonum
900 253 972 274 esse.

186 286 287 315 Verum
301 287 355 315 alio
370 289 488 323 quodam
504 290 585 317 modo
597 291 650 317 vita
665 295 751 318 morte
760 291 880 318 deterior
892 290 971 318 inve-

187 334 273 366 nitur,
286 341 347 368 quze
358 335 463 362 scilicet
476 340 583 363 mtatem
599 343 679 363 uuam
699 344 760 364 cum
771 337 825 363 alia
848 342 971 369 mutans,

186 378 320 413 quasique
332 380 487 414 proticiens,
504 380 588 408 animi
615 381 684 408 bona
710 381 850 409 ditninuit.
875 381 971 408 Itidem

187 428 276 458 turpe,
289 425 401 459 capillos
409 426 517 460 quidem
525 427 623 459 slbari,
631 427 678 455 sed
689 427 811 455 animum
821 427 970 462 denigrari.

189 471 280 499 Solent
293 465 383 499 autem
399 474 456 499 haec
470 474 628 505 usuvenire,
649 473 758 509 quando
771 481 833 501 cum
847 473 972 501 aetatibus

189 518 246 552 ipsa
261 518 369 544 vivendi
386 519 457 546 ratio
471 526 526 546 non
543 520 627 547 sumit
642 520 852 548 incrementum.
868 520 972 555 Magna

187 563 296 598 quidem
310 563 428 591 infamiae
452 565 531 598 plena
548 572 591 593 res
604 570 656 597 est,
671 565 808 594 hominem
834 572 970 594 maturum

185 612 211 635 ct
227 616 330 639 senem,
345 610 372 636 iu
385 616 488 636 morem
500 610 576 644 pueri
592 618 652 638 sese
666 619 771 645 gerere.
800 611 833 638 Et
859 613 972 640 omnino

185 654 305 681 deterius
323 661 430 689 sapere.
443 663 525 690 quam
542 661 616 689 atas,
630 664 683 691 qua
710 657 828 692 quisque
846 663 898 690 est,
920 666 970 692 po-

185 699 284 732 stulat,
296 708 347 728 uec
365 701 509 729 honestum
521 707 563 730 est
581 710 631 730 nec
641 703 813 736 bonum,nec
826 704 969 732 laudabile.

185 747 356 783 Quapropter
365 749 388 776 si
401 749 483 776 vitam
497 749 666 784 gloriamque
677 757 769 777 veram
784 750 900 785 appetis,
915 759 972 786 quo

187 793 234 820 tibi
248 794 352 821 servire
368 799 488 821 nosuant
504 795 575 822 hanc
588 796 747 827 forationem
777 796 906 828 arbitror,
929 797 972 825 iac

187 839 241 866 vita
257 844 302 866 tua
314 847 452 868 concessae
466 841 514 868 tibi
539 840 670 869 divinitus
693 842 767 869 aetati
796 843 970 877 respondeat.

529 886 626 915 XCIX.

221 931 289 959 Tam
309 932 432 967 pulvere,
449 940 531 968 quam
546 934 656 969 spiritu,
671 935 754 963 rebus
764 935 893 969 diversis,
907 943 971 964 cum

187 984 345 1006 constemus
362 979 497 1012 homines,
510 981 643 1014 quasique
658 981 782 1015 duplices
795 982 846 1016 (uti
858 982 970 1017 quidem

188 1025 296 1053 videtur
310 1026 318 1060 )
334 1026 422 1053 simus
436 1035 443 1054 :
462 1027 534 1061 parti
548 1027 639 1054 viliori
652 1027 868 1061 praestantiorem
885 1028 971 1064 subji-

187 1071 286 1104 eimus,
301 1073 431 1108 nulloque
446 1073 472 1100 in
483 1073 572 1108 pretio
587 1074 722 1109 potiorem
735 1074 808 1102 illam
826 1074 971 1104 habemus.

188 1117 270 1152 Digna
285 1126 349 1146 vero
365 1119 501 1154 vituperio
512 1127 566 1153 res,
578 1127 612 1147 ne
620 1120 730 1155 quidem
742 1129 757 1148 a
769 1121 848 1149 nobis
857 1122 916 1156 pari
927 1129 972 1149 ra-

187 1165 261 1191 tione
273 1172 335 1192 cum
350 1171 432 1193 carn‘e
445 1167 564 1199 mortali,
581 1174 641 1202 qua:
654 1167 742 1202 pulvis
752 1175 765 1194 a
775 1167 829 1195 Deo
838 1167 972 1196 formatus

185 1214 236 1242 est,
247 1210 428 1238 immortalem
438 1211 571 1243 animum,
584 1220 640 1240 rem
653 1212 784 1240 divinitus
799 1213 970 1246 inspiratam,

188 1256 214 1283 in
235 1256 341 1283 honore
354 1256 459 1284 haberi.
477 1256 577 1284 Verum
597 1258 717 1285 scientes
732 1266 795 1285 esse
810 1259 906 1286 vitium
920 1259 974 1287 hoc

186 1302 348 1336 ignorantiae
366 1302 487 1337 plenum,
506 1304 652 1338 magnique
677 1303 834 1331 detrimenti
859 1312 971 1331 causam

187 1348 317 1382 praebere.
334 1349 405 1383 quod
422 1349 488 1375 nulli
503 1353 545 1375 est
558 1350 618 1376 usui
636 1357 749 1384 corpus,
768 1354 796 1376 ut
807 1350 910 1377 oraculi
930 1350 973 1377 di-

187 1395 242 1421 vini
258 1394 349 1421 verbis
363 1398 483 1425 utamur,
502 1395 621 1422 tenuiter
645 1395 799 1429 modicique
819 1395 972 1430 foveamus,

186 1447 220 1466 ne
234 1439 358 1474 spiritum
371 1439 445 1466 illum
460 1440 597 1467 viviﬁcum
607 1442 685 1475 quasi
703 1447 790 1470 morte
806 1443 971 1471 multemus.

186 1484 253 1512 Nam
267 1486 293 1512 in
308 1486 523 1520 repugnantibus
536 1488 684 1519 universis,
706 1489 728 1515 si
757 1489 880 1517 alterutri
906 1490 971 1525 quid

782 141 980 172 MANUELIS
999 142 1222 174 PALEOLOGI

1755 145 1793 177 38
1800 143 1818 183 ἰ,

1387 201 1446 236 ιιιιν.

1061 247 1098 274 Τὸ
1110 248 1160 282 ζῇν
1174 247 1241 275 αὐτὸ
1261 248 1325 275 καθ’
1341 248 1408 275 αὐτὸ
1432 248 1527 281 καλὸν,
1542 249 1595 274 καὶ
1616 248 1718 280 πάντες
1733 248 1813 275 ῖσασι

1023 293 1111 320 τοῦτο.
1129 295 1191 329 Ζωὴ
1207 294 1236 321 δὲ
1254 294 1355 330 τρόπον
1373 294 1466 329 ἕτερον
1485 294 1602 322 θανάτου
1617 294 1718 329 χείρων
1734 294 1812 329 εὑρί-

1025 348 1129 374 σκεται,
1145 341 1162 375 ἢ
1180 341 1228 372 τὰς
1243 341 1351 376 ἡλικίας
1366 341 1530 376 ἀμείϐουσα,
1545 342 1592 367 καὶ
1609 341 1691 368 οίονεὶ
1706 340 1812 375 προκό-

1022 394 1138 419 πτουσα,
1161 386 1194 413 τὰ
1215 386 1265 421 τῆς
1285 387 1374 422 ψυχῆς
1393 389 1464 422 μειοῖ
1480 387 1718 421 πλεονεκτήματα.
1740 386 1810 413 Αίσυ

1022 430 1087 465 χρὸν
1103 431 1132 458 δὲ
1150 431 1196 458 καὶ
1216 431 1266 467 τὴν
1281 432 1363 468 τρίχα
1382 432 1586 465 λευκαίνεαθαι,
1605 432 1655 466 τὴν
1674 432 1702 458 δὲ
1717 431 1809 466 ψυχὴν

1024 477 1210 511 μελαίνεσθαι.
1235 478 1320 504 Ταυτὶ
1340 478 1368 505 δὲ
1387 478 1493 512 «seu:
1516 478 1669 512 γίγνεσθαι,
1686 478 1750 504 ὅταν
1767 476 1808 511 μὴ

1023 522 1190 556 συναύξηται
1204 525 1265 555 ταῖς
1285 523 1406 557 ἡλικίαις
1418 524 1432 549 ὁ
1449 523 1516 558 βίος·
1532 523 1570 554 ὡς
1594 523 1696 557 πολλῆς
1708 522 1809 557 αἰσχύ-

1022 574 1070 601 νης
1086 567 1173 600 γέμον
1188 567 1266 602 ἀνδρὶ
1278 567 1374 600 τελείῳ
1391 568 1439 594 καὶ
1454 569 1563 603 γέροντι
1577 569 1632 599 τοῖς
1646 567 1693 594 τοῦ
1710 567 1808 597 παιδὸς

1023 612 1222 640 πολιτεύεσθαι.
1239 614 1329 644 Ὀλως
1343 614 1372 640 δὲ
1387 614 1471 649 χείρω
1493 615 1603 649 φρονεῖν
1617 614 1667 648 τῆς
1681 614 1710 640 έν
1762 615 1807 645 τίς

1021 657 1094 683 ἐστιν
1110 657 1228 691 ἡλικίας,
1242 658 1273 684 οὑ
1290 657 1380 690 καλὸν,
1398 659 1448 684 οὐκ
1462 658 1575 692 ἀγαθὸν,
1588 658 1638 684 οὐκ
1650 657 1806 684 ἐπαινετόν.

1023 702 1054 729 Et
1070 703 1135 736 γοῦν
1147 703 1255 738 ἀληθῶς
1268 704 1341 738 ζωῆς
1354 704 1401 730 καὶ
1417 703 1495 739 δόξης
1511 703 1655 738 ἐπιθυμεῖς
1670 701 1760 737 (ταυτὶ
1775 701 1805 728 δὲ

1023 748 1116 776 τοῦτον
1128 749 1174 776 τδν
1184 750 1263 784 λόγον
1278 751 1426 784 ἁρμόττειν
1440 747 1541 784 οἴμαι),
1552 750 1655 783 πάρεχε
1668 748 1725 782 βίον
1736 756 1805 775 κατ-

1023 795 1139 830 ἅλληλον
1155 794 1195 831 τῷ
1206 797 1282 831 παρὰ
1295 795 1363 823 Θεοῦ
1380 795 1517 831 δεδομένῳ
1530 803 1571 823 σοι
1582 795 1683 831 χρόνῳ.

1395 887 1454 922 seu

1047 944 1054 947 λ
1063 932 1108 964 '0;
1124 933 1207 966 ἔοικε,
1221 933 1310 960 διπλοῖ
1320 942 1392 965 τινες
1408 933 1484 966 ὅντες
1496 933 1522 960 οι
1536 933 1674 968 ἄνθρωποι
1686 933 1715 966 ὲξ
1727 933 1806 960 ἐναν-

1022 978 1098 1011 τίων,
1114 979 1175 1014 χοὸς
1189 979 1237 1006 καὶ
1245 980 1410 1015 πνεύματος,
1424 980 1463 1016 τῷ
1476 980 1633 1015 φαυλοτέρῳ
1644 980 1674 1006 τὸ
1681 980 1806 1015 κρεῖττον

1024 1025 1221 1060 ὑποτάττομεν,
1234 1027 1300 1060 παρ’
1320 1025 1396 1052 οὐδὲν
1416 1026 1447 1053 τὺ
1460 1027 1585 1061 κρεῖττον
1603 1026 1725 1060 θέμενοι,
1741 1024 1806 1053 Οἴον

1022 1069 1051 1097 δὲ
1065 1070 1134 1104 πρὸς
1161 1069 1291 1105 μέμψεως
1305 1071 1396 1105 λόγον,
1415 1071 1483 1107 μηδὲ
1498 1071 1564 1106 γοῆν
1585 1072 1615 1098 ὲν
1638 1072 1687 1107 ῐσῳ
1705 1072 1807 1107 θνητῆς

1024 1117 1135 1151 σαρκδς,
1154 1116 1322 1144 θεοπλάστου
1342 1117 1452 1150 κόνεως,
1469 1117 1559 1153 ψυχὴν
1581 1118 1664 1153 τιμᾷν
1678 1117 1805 1150 ἀείζωον,

1023 1161 1120 1197 χρῆμά
1130 1171 1156 1188 τι
1172 1161 1362 1189 θεόπνευστον.
1384 1163 1454 1189 Ἀλλ’
1466 1163 1580 1197 ἀγνοίας
1594 1162 1704 1197 γνόντες
1719 1163 1806 1197 γέμον

1022 1210 1097 1236 τουτὶ
1108 1208 1138 1235 τὸ
1149 1208 1247 1241 πάθος,
1256 1209 1304 1235 καὶ
1318 1209 1419 1244 πολλῆς
1440 1209 1541 1244 ζημίας
1555 1209 1711 1244 παραίτιον,
1726 1208 1806 1242 ὀλίγα

1024 1255 1239 1290 περιθάλπωμεν
1252 1254 1284 1282 τδ
1301 1255 1385 1290 μηδὲν
1407 1255 1523 1290 ὠφελεῖν
1547 1256 1697 1290 δυνάμενον
1713 1255 1805 1290 σῶμα,

1023 1302 1094 1327 κατὰ
1106 1301 1152 1327 τὺν
1163 1301 1234 1328 θεῖον
1250 1302 1341 1328 εἰπεῖν
1354 1302 1490 1337 χρησμόν·
1505 1302 1549 1328 ἵνα
1561 1302 1598 1337 μὴ
1611 1301 1642 1328 τὸ
1654 1301 1806 1336 ζωγονοῦν

1022 1346 1144 1382 ὡσπερεὶ
1155 1346 1251 1382 νεκρὸν
1261 1347 1457 1382 ἀποφαίνωμεν
1471 1348 1591 1384 πνεῦμα.
1606 1348 1669 1375 Ἐπὶ
1680 1349 1734 1383 γὰρ
1750 1348 1806 1375 τῶν

1023 1394 1219 1428 ἀντικειμένων
1228 1393 1367 1428 ἁπάντων,
1380 1395 1414 1422 ἂν
1424 1395 1531 1431 θατέρῳ
1546 1404 1572 1422 τι
1583 1395 1684 1430 ξυμόῇ,
1699 1395 1807 1431 θατέρῳ

1022 1441 1178 1468 τούναντίον
1201 1441 1363 1468 ἀκολουθεῖ·
1380 1442 1428 1469 καὶ
1442 1443 1493 1477 τῆς
1508 1442 1610 1477 σαρκὸς
1628 1442 1805 1476 εὐεκτούσης,

1023 1489 1114 1514 νοσεῖν
1128 1487 1237 1523 ἀνάγκη
1260 1488 1290 1515 τὸ
1306 1489 1428 1524 πνεῦμα.
1450 1489 1630 1516 ’Δντίκεινται
1652 1489 1707 1524 γὰρ
1723 1488 1806 1524 ἀλλήο

187 1532 301 1563 accidat,
317 1532 343 1559 in
359 1532 444 1560 altero
453 1534 592 1561 diversum
607 1535 672 1569 quid
688 1536 815 1570 sequitur
829 1545 836 1563 :
849 1541 873 1564 et
891 1544 973 1564 carne
986 1539 1008 1568 (ζ
1023 1536 1092 1569 λοις.

186 1578 254 1606 belle
271 1583 374 1610 curata,
390 1579 515 1613 spiritum
530 1581 705 1616 languescere
716 1589 827 1610 necesse
835 1581 971 1617 est._Sunt

186 1625 256 1653 enim
269 1625 327 1653 haec
344 1627 535 1662 repugnantia.
710 1626 715 1631 ’

560 1673 592 1701 ο.

220 1717 379 1747 Obtincndze
397 1723 450 1746 tam
467 1719 492 1746 in
504 1720 555 1747 hac
565 1721 631 1752 vita,
644 1728 725 1755 quam
741 1721 768 1748 in
783 1722 878 1755 altera,
891 1729 971 1749 coro~

187 1770 237 1795 nm,
253 1763 294 1790 vis
307 1771 506 1798 perpaucorum
520 1765 666 1792 verborum
678 1765 808 1793 facillime
822 1766 970 1794 suti‘ecerit.

187 1806 301 1842 Deﬂecle
312 1817 327 1835 ιι
337 1809 419 1842 malo,
434 1809 520 1845 inquit
530 1810 663 1838 divusille
675 1811 798 1845 Davides,
817 1817 842 1838 et
864 1813 908 1846 [ac
929 1813 974 1839 bo-

186 1862 258 1881 num.
275 1855 346 1888 Quid
362 1856 426 1883 huic
434 1857 575 1884 sententia:
591 1865 640 1892 par
648 1865 707 1886 esse
721 1859 828 1893 possit?
843 1859 909 1894 quid
919 1859 973 1887 uti-

188 1900 242 1928 lius
256 1901 267 1927 τ
281 1901 346 1936 quid
361 1903 538 1936 expeditius?
552 1903 573 1930 0
585 1904 753 1939 spiritualem
767 1906 943 1941 sapientiam,
955 1914 972 1934 ο

187 1947 327 1982 singulare
339 1948 437 1976 mentis
448 1957 562 1977 acumen
575 1950 601 1977 in
616 1958 658 1983 eo,
669 1952 716 1986 qui
728 1952 809 1987 hujus
821 1958 918 1981 auctor
930 1958 972 1981 est

187 1993 337 2027 sentcntiae,
356 2001 418 2027 qua:
434 1995 545 2029 quidem
571 1995 691 2029 perfecta
713 1997 839 2031 perfectis
866 2006 881 2025 a
909 2006 973 2033 per-

189 2037 261 2064 fecto
274 2042 317 2065 est
331 2038 442 2066 tradita.
460 2038 593 2066 Nimirum
611 2040 633 2067 is
650 2045 740 2068 mente
762 2041 892 2076 praeditus
919 2048 971 2076 est,

187 2084 305 2119 quicum
318 2092 346 2112 se
362 2085 498 2120 pulverem
513 2088 595 2118 norit,
603 2091 735 2122 terrasque
744 2088 822 2114 matri
852 2087 972 2115 debitum

187 2139 247 2159 esse
262 2131 483 2165 persolvendum,
496 2132 588 2159 Davidi
598 2132 800 2167 obtemperans.
810 2133 974 2168 resipiscen-

188 2178 224 2204 lia
237 2183 351 2204 mortem
364 2181 514 2205 antevertel
533 2184 541 2204 ε
564 2177 709 2206 vitiositate
726 2178 800 2206 omni
815 2183 907 2211 exuta,
925 2180 973 2206 bo-

187 2224 283 2259 nisque
296 2225 434 2258 operibus,
454 2225 486 2251 ad
499 2232 560 2260 quae
572 2225 674 2252 conditi
685 2232 791 2256 sumus,
812 2225 910 2259 opiﬂce
930 2233 973 2253 re-

188 2276 246 2296 rum
258 2269 374 2304 placato.
387 2268 428 2296 Tu
443 2270 563 2304 quidem,
579 2269 742 2297 charissime
759 2269 807 2301 iili,
825 2275 973 2305 utrumque

188 2315 301 2348 faciens,
318 2315 352 2342 ob
364 2319 490 2342 neutrum
506 2315 607 2343 elatum
619 2321 645 2343 te
666 2323 785 2351 unquam
811 2315 897 2350 gerito
913 2324 920 2342 :
938 2323 973 2343 ne

187 2361 246 2394 tibi,
261 2360 428 2389 Pharisaaum
445 2361 532 2396 illum,
544 2363 589 2396 qui
603 2362 730 2389 virtutem
742 2361 901 2389 colebatille
912 2362 974 2396 qui-

187 2405 248 2433 dem
271 2406 298 2433 in
317 2406 450 2441 moribus,
466 2407 514 2434 sed
523 2414 693 2442 nequaquam
705 2406 844 2434 modestus
859 2414 919 2435 esse
929 2407 972 2435 di-

187 2452 300 2484 dicerat,
316 2452 386 2480 male
410 2452 525 2485 inuitato,
547 2453 639 2480 multis
655 2453 764 2488 egregie
790 2458 866 2487 parta
885 2453 971 2480 sudo-

187 2495 275 2531 ribus,
286 2498 517 2533 quemadmodum
524 2504 551 2527 et
559 2499 610 2535 ipsi
623 2499 760 2532 usuvenit,
770 2498 822 2526 levi
831 2504 971 2526 momento

186 2545 353 2573 adiuuantur.

1398 1672 1438 1699 P'.

1062 1716 1208 1752 Ῥημάτων
1219 1717 1318 1751 ὀλίγων
1326 1717 1441 1753 δύναμις
1453 1719 1542 1754 ῥᾷστα
1553 1719 1585 1745 ἂν
1598 1718 1741 1754 ἀρκέσειεν
1755 1715 1804 1745 ὦδε

1023 1763 1104 1790 κάκεῖ
1115 1764 1299 1801 στεφανῶσαι.
1318 1764 1481 1791 Ἕκκλινον
1494 1763 1554 1791 ἀπὸ
1575 1763 1679 1795 κακοῦ,
1695 1765 1778 1798 φησὶν
1792 1765 1806 1791 ό

1024 1809 1095 1840 θεῖος
1109 1809 1201 1840 Δαόὶδ,
1218 1809 1268 1836 καὶ
1288 1810 1421 1843 ποίησον
1434 1810 1556 1844 ἀγαθόν,
1575 1809 1607 1837 Τί
1623 1810 1674 1843 τῆς
1692 1809 1807 1844 γνώμης

1024 1855 1127 1890 ταύτης
1140 1855 1238 1888 γένοιτ’
1255 1855 1289 1882 ἂν
1301 1856 1358 1882 ίσον
1370 1864 1378 1890 ς
1391 1856 1418 1882 τί
1435 1856 1665 1891 ὠφελιμώτερονς
1681 1856 1708 1882 τί
1724 1856 1807 1890 ταχύ-

1024 1908 1121 1936 τερον;
1138 1901 1171 1927 Ὢ
1188 1898 1378 1936 πνευματῖκῆς
1393 1901 1507 1935 σοφίαςί
1524 1901 1662 1937 ὣφρενῶν
1677 1901 1807 1936 ὀξύτητος

1023 1946 1072 1974 τοῦ
1094 1947 1243 1979 δεδωκότος
1260 1947 1310 1982 τὴν
1331 1947 1457 1983 γνώμην,
1479 1947 1586 1975 τελείαν
1602 1948 1716 1980 τελείοις
1731 1950 1807 1983 παρὰ

1023 1993 1129 2020 τελείου
1152 1993 1362 2029 γεγενημένηνί
1390 1994 1463 2021 Νοῦν
1479 1993 1525 2028 ἄρ’
1539 1994 1609 2029 ἔχων
1624 1991 1702 2026 οὗτός
1723 1995 1805 2028 ἐστιν,

1024 2039 1054 2070 ὃς
1068 2037 1156 2071 είδὼς,
1174 2038 1212 2070 ὥς
1223 2038 1283 2065 ἔστι
1298 2039 1375 2073 χοῦς,
1397 2039 1445 2066 καὶ
1457 2039 1497 2066 δεῖ
1516 2039 1547 2066 τὸ
1567 2040 1646 2073 χρέος
1662 2039 1807 2066 ἀποδοῦναι

1024 2086 1061 2119 γῇ
1074 2084 1217 2123 μητρὶ,
1233 2083 1272 2119 τῷ
1283 2084 1366 2111 Δασὶδ
1381 2084 1551 2118 πειθόμενος,
1562 2084 1660 2117 φθάσει
1675 2084 1806 2119 μετανοίᾳ

1025 2129 1071 2156 τὴν
1085 2130 1212 2157 θάνατον·
1226 2130 1319 2156 πᾶσαν
1336 2129 1385 2164 μὲν
1408 2130 1508 2157 κακίαν
1525 2130 1615 2162 ἐκδὺς,
1639 2132 1766 2165 χρηστοῖς
1779 2130 1806 2156 δὲ

1025 2174 1128 2210 ἔργοις,
1144 2175 1188 2210 ἔφ’
1201 2172 1244 2207 οἷς
1269 2175 1402 2210 ἐπλάσθη,
1420 2175 1501 2202 ἵλεων
1524 2176 1571 2202 τὸν
1586 2175 1709 2209 πλάστην
1726 2176 1806 2210 ἐργα-

1026 2223 1154 2257 σάμενος.
1173 2221 1228 2248 Καὶ
1243 2221 1281 2256 δὴ-
1291 2221 1377 2248 ποιῶν
1400 2221 1554 2257 ἀμφότερα,
1576 2221 1644 2256 μηδὲ
1663 2221 1697 2247 δι’
1713 2221 1806 2255 ἕτερον

1024 2267 1207 2302 ἐπαιρόμενος
1218 2266 1320 2302 φάνηθί
1343 2274 1421 2299 ποτε,
1433 2267 1559 2301 φίλτατε·
1578 2266 1622 2293 ινα
1647 2266 1684 2301 μὴ
1696 2266 1741 2292 τὸν
1755 2267 1806 2293 Φα-

1026 2316 1131 2351 ρισαῖον
1146 2316 1260 2347 ἐκεῖνον,
1274 2313 1320 2341 τδν
1343 2313 1481 2340 ἁσκοῦντα
1504 2313 1555 2348 μὲν
1569 2313 1678 2349 τρόπων
1693 2312 1806 2346 ἀρετὴν,

1026 2361 1160 2396 μηδαμῶς
1169 2360 1198 2387 δὲ
1221 2359 1379 2394 μετριάζειν
1403 2359 1593 2395 μεμαθηκότα,
1611 2357 1705 2389 κακῶς
1721 2356 1805 2391 ζηλώ-

1023 2415 1084 2439 σας.
1111 2407 1144 2433 τὰ
1171 2406 1281 2438 πολλοῖς
1311 2406 1407 2440 ἱδρῶσι
1435 2404 1644 2440 κατωρθωμόνα
1668 2412 1710 2431 σοι
1733 2403 1805 2430 πάνυ

1023 2453 1123 2489 ῥᾳδίως
1137 2452 1301 2489 ἁφαιρεθῇς,
1318 2452 1413 2488 ὥσπερ
1429 2452 1548 2487 κάκείνῳ
1560 2450 1753 2486 συμϐέϐηκεν.
