1937 3078
107 91 173 123 ass
546 71 550 73 λ
841 94 872 126 ο]

978 95 1033 127 il.
1689 103 1743 135 386

369 246 855 326 MANUELIS
911 248 1488 331 PAL/EOLOGI

767 382 818 412 AD
837 382 1026 415 JOANNEM
1043 385 1182 416 FILIUM

236 452 239 455 ’
275 475 689 535 ORATIONES
727 479 850 537 v11.
893 479 1581 540 ETHICO-POLITICXE.

374 163 1636 181 m—

705 174 1739 193 Ἥ-

475 656 516 684 s'.
560 678 581 695 ,
917 658 941 686 Α
1333 657 1354 685 ι.

111 703 213 739 Λόγος
225 703 441 740 προτρεπτικρς
452 703 631 740 ειςᾲλργους,
650 702 699 730 καί
712 703 779 737 περί
791 702 876 737 ἀρετὴ

974 703 1047 730 tralia
1054 704 1206 731 [κυνίαισι-ιο
1215 703 1249 729 ad
1259 703 1416 738 eloquentia!
1434 705 1533 739 studia,
1545 706 1626 740 deque
1646 707 1739 734 virtuts

327 738 379 766 καὶ
396 738 510 773 ἀγαθοῦ
524 738 684 773 ἄρχοντος.

1215 747 1247 765 ac
1262 739 1327 766 bona
1339 740 1466 775 principe.

149 795 206 822 Τοῦ
220 795 310 826 καλῶς
323 795 486 823 ἐπίστασθαι
495 796 586 830 λέγειν
600 795 677 826 οὐδὲν
691 796 725 823 ἂν
740 796 845 830 γένοιτο
853 795 901 822 λυ-

989 795 1042 829 Qui
1055 795 1121 823 boni
1136 803 1196 823 esse
1207 796 1344 831 principes
1355 795 1460 829 volunt,
1473 800 1500 824 et
1515 796 1614 824 mentis
1628 796 1738 832 aliquod

115 841 307 877 σιτελέστερον
317 842 449 878 ἄρχουσιν
465 842 605 869 ἐθέλουσιν
621 842 735 877 ἀγαθοῖς
750 840 835 873 ιίναι.
854 850 880 870 νο

973 842 1058 870 Dndul
1073 841 1185 874 habent,
1199 842 1246 877 qui
1262 842 1400 877 publicam
1415 847 1541 877 spectant
1556 843 1700 871 utilitatem
1713 847 1738 871 et

114 897 146 915 τε
164 888 248 925 βάρος
260 888 366 924 ἔχουσι,
380 889 429 916 καὶ
441 888 509 924 πρὸς
522 888 554 915 τὸ
568 890 644 924 κοινῇ
659 890 782 917 συνοῖσον
805 888 878 924 δρῶσ

974 895 1087 915 nuarum
1100 895 1190 915 rerum
1205 893 1341 921 amantes,
1353 888 1424 916 nihil
1440 888 1559 916 veritate
1572 890 1676 916 ducunt
1691 896 1739 916 an-

114 935 174 962 τῶν
188 944 218 962 τε
242 935 355 970 ἀγαθῶν
382 935 480 971 ἐρῶσι,
508 935 557 962 καὶ
585 935 669 971 μηδὲν
691 936 742 969 τῆς
772 934 879 970 ἀληθεία

971 934 1069 968 lquius.
1081 934 1115 962 iis
1130 933 1204 961 nulla
1220 941 1265 962 res
1281 934 1342 962 usui
1358 935 1446 970 magis
1461 942 1522 963 esse
1536 940 1635 970 potest,
1656 944 1736 971 quam

115 981 288 1017 προτιμῶσι.
306 981 394 1008 Τοῦτο
414 982 534 1008 τουτοισὶ
560 983 617 1014 τοῖς
641 981 756 1016 ἀνδράσι
775 982 880 1016 κρεῖττο

973 983 1026 1006 sete
1035 978 1165 1013 loquendi
1175 979 1301 1006 scientia.
1312 978 1404 1007 Potius
1413 980 1485 1007 enim
1498 982 1550 1008 hoc
1560 981 1600 1008 eis
1611 985 1664 1014 est,
1680 989 1738 1009 om-

115 1027 240 1062 ἀτεχνῶς
252 1027 269 1062 ἢ
286 1027 427 1058 πλουτεῖν,
441 1028 490 1054 καὶ
501 1027 565 1058 τοὺς
585 1026 633 1053 τοῦ
649 1026 769 1062 Κροίσου
800 1026 880 1061 θησαι

973 1032 1015 1053 em
1025 1029 1101 1052 extra
1118 1025 1348 1056 controversiam.
1361 1033 1443 1060 quam
1459 1033 1541 1060 opum
1555 1027 1656 1060 copiae;
1669 1035 1738 1063 pra:-

115 1074 185 1109 ροὺς
198 1074 238 1104 εἰς
254 1072 409 1107 ἀσφαλείας
421 1072 503 1107 λόγον
521 1072 591 1099 πολὺ
605 1071 700 1105 νικῶν,
726 1072 880 1107 ίσχυρότερ(

971 1071 1016 1099 idii
1036 1071 1097 1106 plus
1114 1071 1297 1106 habetquam
1312 1072 1399 1099 Croesi
1420 1072 1491 1106 regis
1516 1072 1633 1100 thesauri
1651 1081 1658 1105 ;
1676 1073 1736 1108 plus

113 1120 170 1154 τῆς
201 1119 302 1155 Ξέρξου
334 1119 524 1154 πολυχειρίας,
552 1118 698 1153 σφενδόνης
733 1118 821 1152 Γύγου
853 1118 878 1144 τί

970 1116 1071 1148 eboris,
1099 1124 1180 1151 quam
1209 1116 1362 1144 immensus
1382 1117 1428 1145 ille
1447 1116 1547 1145 Xerxis
1576 1118 1735 1146 exercitus:

116 1164 240 1200 μυθικῆς
256 1165 306 1192 σὺν
318 1164 358 1200 τῷ
370 1163 445 1199 καλῷ
463 1163 619 1199 βιαιότερον
630 1171 637 1180 ⁸
659 1164 705 1190 καὶ
719 1164 788 1195 ὅλως
800 1164 881 1190 τούτιιη

973 1164 1015 1190 Ius
1035 1163 1145 1196 virium,
1170 1170 1233 1190 cum
1260 1163 1387 1196 honesto,
1408 1171 1490 1197 quam
1516 1164 1600 1200 Gygis
1624 1165 1668 1192 illa
1695 1166 1737 1193 fa-

115 1210 326 1245 ἀνυσιμώτερὸν
339 1218 368 1236 τε
385 1210 432 1236 καὶ
459 1209 635 1245 τιμιώτερον,
661 1209 723 1236 ὅσον
742 1210 796 1236 οὐδ’
815 1210 880 1236 είπε

974 1209 1051 1237 ulosa
1076 1209 1137 1244 pala
1155 1217 1162 1236 :
1181 1209 1298 1244 denique
1323 1213 1401 1236 tanto
1428 1210 1471 1237 his
1498 1215 1525 1237 et
1550 1211 1687 1239 efﬁcacius
1710 1217 1736 1240 et

117 1257 152 1284 ἂν
166 1258 208 1291 εῐη
224 1257 279 1283 τῶν
301 1256 436 1291 εὐχερῶν.
451 1256 604 1290 Σκοπῶμεν
624 1255 657 1291 δὴ
672 1255 727 1283 τῶν
749 1255 882 1290 εἰρημέναι

968 1255 1069 1290 najoris
1093 1260 1134 1283 est
1158 1255 1248 1290 pretii,
1266 1260 1398 1290 quantum
1424 1264 1457 1283 ne
1484 1256 1599 1284 dicendo
1624 1257 1733 1292 quidem

117 1303 225 1338 ἀνδρῶν
238 1302 363 1335 ἕκαστον,
381 1302 429 1329 καί⁵
453 1302 478 1328 τί
501 1310 566 1328 ποτε
583 1301 741 1335 δεδύνηνται
762 1300 882 1335 κατορθᾶ

970 1301 1084 1336 xplicari
1100 1301 1179 1328 facile
1195 1300 1292 1335 possit.
1307 1300 1556 1329 Etconsideremul
1567 1310 1633 1330 sane
1641 1311 1734 1338 quem-

119 1358 178 1381 σαι,
191 1348 225 1375 δι’
240 1345 278 1375 ὧν
291 1356 324 1382 γε
336 1347 499 1382 νενομίκασι
520 1347 593 1383 μέγα
611 1355 638 1374 τι
654 1347 701 1374 καὶ
718 1348 842 1382 γενναῖον
854 1347 884 1373 δυ

970 1348 1018 1375 ηὺει
1031 1348 1140 1379 horum,
1157 1354 1226 1382 quos
1241 1347 1374 1379 diximus,
1390 1355 1505 1382 quaeque
1518 1348 1559 1376 vis
1579 1357 1673 1376 earum
1690 1358 1735 1377 re-

120 1395 251 1431 νήσισθαι
276 1394 447 1430 δεδρακέναι.
480 1394 596 1420 Ἔπειτα
620 1394 666 1420 τδν
687 1393 777 1428 λόγοις
795 1393 885 1419 εῡδόκι

969 1402 1012 1421 um
1030 1393 1122 1425 fuerit,
1136 1393 1235 1428 quibus
1252 1392 1290 1420 illi
1310 1393 1391 1420 rebus
1417 1401 1447 1421 se
1472 1399 1582 1428 patrare
1607 1403 1733 1430 magnum

121 1449 171 1476 μον
201 1440 321 1467 τουτοισὶ
354 1439 568 1475 παραϐάλωμεν,
592 1438 657 1465 ὄντα
678 1447 711 1473 γε
743 1438 790 1465 καὶ
817 1438 886 1465 sint

973 1439 1088 1467 uoddam
1102 1446 1134 1466 ac
1149 1439 1240 1466 nobile
1249 1438 1357 1467 facinus
1372 1446 1452 1473 posse
1475 1445 1618 1475 putarunt.
1633 1441 1734 1469 Deinde

119 1486 242 1514 τοιοῦτον
258 1484 451 1521 ἄρχοντα,οἶον
466 1485 548 1517 εὐθὺς
563 1484 836 1521 ὲπροοιμιασάμεθα.
847 1485 884 1510 Ka

971 1486 1054 1513 ostris
1067 1485 1141 1513 hisee
1150 1485 1372 1513 commendatum
1382 1487 1550 1514 orationibus
1557 1490 1591 1515 ad
1607 1495 1653 1515 eos
1661 1496 1735 1516 com-

121 1533 176 1568 γὰρ
192 1532 256 1568 τῇδέ
273 1541 311 1567 πη
337 1531 535 1565 διακρίνοντας,
570 1531 619 1557 οὐκ
645 1529 724 1565 οἶμαι
739 1538 770 1564 γε
802 1530 886 1565 manu

967 1539 1092 1564 aremus,
1105 1532 1256 1566 principem
1273 1535 1370 1559 caetera
1381 1540 1492 1567 quoque
1506 1533 1599 1566 talem,
1624 1536 1732 1570 qualem

119 1580 192 1614 ἡμᾶς
205 1578 409 1614 ὲξαμαρτήσειν
423 1577 473 1611 τῆς
490 1577 630 1611 ἀληθείας.
652 1576 683 1604 '0
698 1577 747 1611 μὲν
758 1576 805 1602 οὖν
818 1575 884 1602 πολὺ

967 1577 1042 1604 tatim
1055 1578 1089 1604 ab
1103 1576 1179 1604 initio
1193 1576 1512 1612 delineavimusﬂuippe
1523 1579 1545 1606 si
1560 1579 1732 1615 hocquodam

120 1626 222 1657 ἐκεῖνος
239 1625 339 1660 χρυσὸς
349 1624 396 1651 τὸν
411 1624 456 1650 ἐπ’
468 1623 544 1658 αὐτῷ
566 1623 639 1658 μέγα
658 1622 808 1658 φρονοῦντα
819 1623 885 1658 Κροῖ

968 1623 1034 1650 nodo
1043 1629 1158 1649 examen
1177 1622 1346 1656 instituatur,
1366 1623 1438 1650 haud
1454 1624 1535 1652 facile
1550 1633 1600 1653 nos
1629 1634 1645 1654 a
1670 1635 1733 1655 vero

120 1679 167 1697 σον
180 1670 333 1705 ψευσθέντα
356 1669 411 1696 τῶν
437 1668 552 1696 ἐλπίδων
568 1669 706 1702 ἀπέφηνε,
728 1668 775 1695 καὶ
789 1667 885 1702 γέγονε

970 1668 1129 1696 berraturos
1140 1667 1270 1695 arbitror.
1290 1667 1387 1703 Ingens
1399 1667 1481 1703 igitur
1491 1669 1536 1696 illa
1544 1670 1584 1698 vis
1592 1672 1663 1703 auri,
1674 1679 1717 1700 ma
1725 1687 1734 1695 -

119 1717 249 1751 ἄντικρυς
260 1716 334 1751 αὐτῷ
351 1715 446 1752 συκίνη
476 1715 621 1749 ιπικουρία
650 1715 668 1750 ὴ
691 1715 738 1741 επὶ
761 1715 884 1751 χρήμασι

970 1721 1019 1741 nos
1032 1713 1068 1741 ob
1079 1720 1137 1740 eam
1155 1717 1293 1748 gerentem
1307 1713 1416 1741 animos
1440 1713 1564 1742 Crmsum
1590 1722 1733 1751 exspecta.

120 1763 209 1795 ιλπὶς,
221 1762 322 1789 οὑτωσὶ
339 1762 448 1797 νεκροῖς
464 1761 605 1796 κειμένοις
617 1760 653 1787 δι’
667 1760 830 1796 ἀχρηστίαν.
845 1760 885 1786 Κα

1003 1767 1026 1787 ιο
1042 1766 1091 1786 sua
1108 1758 1268 1786 frustratum
1285 1759 1380 1793 elusit,
1396 1767 1535 1795 quamque
1544 1769 1619 1796 spem
1635 1770 1734 1797 posue«
1759 1759 1768 1766 “

121 1810 173 1845 μὴν
194 1810 241 1836 καὶ
257 1808 302 1835 διὰ
324 1807 421 1834 τοῦτον
447 1807 569 1834 ἀπόλωλε
585 1807 653 1842 πρδς
671 1807 710 1842 τῷ
725 1806 808 1842 μηδὲν
835 1814 886 1834 κατ

967 1809 994 1832 at
1009 1805 1036 1833 in
1053 1805 1180 1840 pecunia,
1191 1812 1252 1838 qua:
1264 1805 1329 1832 nulli
1343 1806 1417 1841 quod
1430 1811 1503 1834 esset
1520 1808 1593 1841 usui,
1625 1814 1731 1837 mortua

119 1855 276 1891 ωρθωκέναι
302 1853 357 1881 τῶν
381 1853 442 1880 κατ’
458 1852 562 1879 ἐλπίδα.
580 1853 681 1880 Καινὸν
708 1852 737 1878 δὲ
753 1850 831 1887 οἶμαι
848 1860 884 1887 μη

966 1852 1147 1887 :uasijacebat
1161 1872 1169 1886 ,
1186 1860 1219 1880 ea
1236 1853 1316 1886 plane
1326 1853 1485 1881 ficulnumei
1501 1855 1655 1889 praesidium
1671 1856 1731 1884 fuit.

119 1902 171 1934 δὲν,
189 1901 257 1937 μηδὲ
271 1899 396 1932 ἀπεικὸς,
410 1899 435 1925 εί
447 1898 629 1934 περιέστηκεν
642 1897 716 1933 αὑτῷ
736 1899 804 1933 πρὸς
819 1898 883 1925 τούν

967 1907 1009 1927 mo
1026 1903 1136 1934 propter
1151 1898 1205 1926 hoc
1229 1899 1318 1934 ipsum
1336 1902 1446 1932 aurum',
1462 1905 1642 1936 praeterquam
1659 1903 1732 1938 quod

119 1949 209 1976 ανείον
224 1948 241 1983 η
261 1947 337 1985 δόξα,
356 1945 490 1981 μηδαμῶς
516 1945 560 1971 ἐπ’
580 1945 677 1980 ἀρετῇ,
693 1944 752 1972 ἀλλ’
774 1945 820 1970 ἐπὶ
850 1952 884 1980 με

966 1945 1018 1973 ιὶιιὶΙ
1031 1952 1126 1972 eorum
1138 1943 1263 1979 perfecit,
1279 1953 1341 1980 qua:
1354 1952 1404 1980 spe
1428 1946 1623 1981 destinaverat,
1649 1949 1731 1976 etiam

118 1995 223 2025 τάλλοις
249 1992 447 2029 τεθαρρηκότι.
477 1990 565 2019 Ταυτὶ
589 1992 644 2027 γὰρ
656 1992 712 2022 τοῖς
743 1989 881 2026 χρωμένοι

967 1991 1038 2019 eriit.
1048 1990 1141 2025 Neque
1151 1997 1215 2018 vero
1224 1998 1324 2018 novum
1333 1996 1379 2018 aut
1388 1991 1547 2027 absurdum,
1557 2002 1614 2021 mea
1624 1995 1732 2029 quidem

119 2041 219 2072 αὐτοῖς,
237 2041 275 2071 ὼς
291 2038 357 2074 χρὴ,
374 2038 433 2074 μετ’
455 2039 615 2072 ἐπιστήμης
631 2036 707 2071 ἀνδρὶ
736 2035 884 2070 πρεπούσηη

967 2037 1095 2069 enteutia,
1107 2044 1163 2064 rem
1175 2037 1256 2064 aliter
1268 2037 1413 2069 cecidisse,
1424 2046 1505 2073 quam
1519 2039 1592 2066 illius
1603 2046 1661 2067 erat
1673 2041 1732 2076 opi-

118 2087 189 2113 δοκεῖ
213 2095 240 2112 τι
253 2086 398 2112 κάλλιστον
417 2082 487 2111 εἶναι
502 2084 540 2119 τῷ
555 2084 606 2119 βίῳ
628 2083 726 2118 τούτῳ.
752 2082 799 2114 Εἰς
824 2081 883 2108 τοῦτ

968 2084 1053 2118 io,qui
1069 2083 1194 2110 ﬁduciam
1206 2091 1260 2110 non
1277 2083 1303 2110 in
1320 2083 1488 2117 virtute,sed
1503 2086 1619 2113 metallis
1642 2086 1732 2114 collo-

119 2132 188 2167 αὺτῴ
202 2132 230 2159 δὲ
250 2133 332 2167 μόνον
347 2131 443 2166 ὁρῶσι,
465 2131 496 2158 τὸ
520 2130 711 2165 θησαυρίζειν,
736 2129 784 2155 καὶ
810 2128 884 2154 εὐδαι

969 2134 1070 2158 averat.
1081 2129 1148 2157 Nam
1167 2129 1212 2157 illa
1226 2135 1298 2157 recte
1309 2130 1458 2163 utentibus,
1471 2138 1520 2158 ceu
1530 2138 1579 2165 par
1586 2136 1637 2163 est,
1647 2139 1734 2166 eaque

121 2178 211 2214 μανίαν
223 2179 271 2205 καὶ
286 2177 362 2208 τέλος
378 2177 459 2204 τοῦτο
474 2176 643 2212 νομίζουσιν,
659 2175 801 2210 ὑπηρέτης
817 2174 886 2200 ἀπω-

967 2185 1008 2204 um
1017 2176 1171 2212 prudentia,
1183 2183 1242 2211 qua:
1253 2176 1339 2203 virum
1350 2179 1438 2209 decet,
1449 2176 1658 2210 pulcherrimum
1671 2179 1732 2206 vita:

118 2225 187 2255 λείας
200 2225 214 2250 ό
228 2223 356 2256 πλοῦτος,
383 2223 430 2251 καὶ
456 2223 594 2258 μεγίστων
610 2222 720 2249 ὀνειδῶν
737 2221 833 2252 αἴτιος.
867 2220 883 2247 'l

968 2223 1029 2257 ujus
1044 2227 1236 2250 ornamentum
1255 2229 1317 2250 esse
1331 2223 1470 2249 videntur.
1485 2222 1537 2255 Qui
1555 2231 1618 2250 vero
1645 2224 1730 2251 solam

119 2270 145 2297 δέ
155 2279 185 2304 γε
196 2270 244 2298 καὶ
257 2270 310 2305 πρὸ
323 2269 371 2296 τοῦ
386 2269 454 2296 Θεοῦ
474 2270 505 2296 τὸ
524 2269 701 2303 θησαυρίζειν
712 2267 788 2302 οἶμαι
799 2267 884 2299 τιθεὶς

964 2269 1140 2297 hesaurorum
1163 2268 1352 2296 collectionem
1373 2268 1531 2302 respiciunt,
1545 2276 1659 2304 eamque
1674 2275 1729 2297 tum

120 2316 164 2343 καὶ
186 2317 226 2347 είς
243 2316 324 2350 μόνον
340 2315 386 2342 τὸν
404 2315 506 2351 χρυσὸν
535 2315 724 2349 ἀνηρτημένος
753 2313 884 2349 ὑπάρχων

967 2315 1115 2347 :licitatem,
1124 2318 1180 2341 tum
1193 2314 1273 2342 linem
1286 2315 1374 2349 ipsum
1384 2319 1518 2348 statuunt,
1528 2315 1560 2342 iis
1571 2323 1636 2349 opes
1647 2317 1679 2343 ad
1693 2317 1732 2343 in-

121 2362 216 2397 χρυσὺν
229 2362 333 2388 ἐκεῖνον
350 2361 396 2388 τδν
423 2361 532 2388 ἐοικότα
556 2360 652 2392 λίθοις,
674 2360 731 2391 τοίς
759 2359 886 2386 ὑποκεκα-

966 2361 1058 2389 :ritum
1072 2361 1206 2393 serviunt,
1217 2359 1390 2396 infamiaeque
1399 2361 1525 2388 maxima:
1540 2369 1651 2389 causam
1664 2371 1731 2396 pra:-

121 2406 265 2442 λυμμένοις
282 2407 390 2442 συχνοῖς
409 2405 513 2438 ὕδασιν,
528 2404 553 2432 οἳ
568 2405 634 2440 πρὸς
646 2405 722 2431 οὐδὲν
739 2404 884 2439 ὀνήσονσιν

966 2412 1021 2434 ent.
1033 2407 1067 2433 At
1077 2406 1188 2434 Croesus
1200 2406 1245 2433 ille
1260 2410 1365 2438 noster,
1379 2407 1424 2441 qui
1443 2408 1573 2441 majorem
1582 2415 1731 2443 congeren-

121 2454 144 2480 εί
159 2453 195 2488 μή
213 2461 266 2480 που
281 2453 328 2479 καὶ
344 2453 465 2486 γένοιντο
479 2451 618 2485 ναυαγίων
634 2451 727 2483 atrior,
749 2449 886 2485 ἠλαζονεύ-

967 2460 1044 2479 arum
1055 2459 1149 2487 opum,
1157 2459 1238 2487 quam
1250 2451 1346 2486 ipsius,
1356 2456 1386 2479 ut
1397 2453 1526 2485 arbitror,
1536 2453 1581 2480 Dei
1596 2455 1730 2482 rationem

122 2507 183 2526 σατο
193 2499 248 2525 πᾶν
265 2499 388 2525 ἀνύσειν.
409 2497 478 2529 Τοὺς
488 2497 543 2533 γὰρ
560 2497 610 2532 τῆς
624 2496 714 2532 ψυχῆς
737 2495 887 2530 ὀφθαλμοὺς

967 2499 1139 2530 abebat,cta
1154 2498 1214 2526 solo
1231 2497 1365 2532 pendebat
1383 2505 1462 2531 auro,
1475 2499 1521 2526 illo
1543 2500 1655 2535 inquam
1681 2509 1730 2528 au-

121 2545 303 2581 ἁμελυὼττων
325 2545 338 2571 ό
356 2545 473 2579 Κροῖσος
483 2544 523 2578 τῷ
536 2544 587 2578 τῆς
612 2542 795 2578 φιλαργυρίας
818 2542 886 2576 νοσή·

966 2551 990 2577 ι),
1003 2543 1077 2578 quod
1092 2543 1127 2571 iis
1141 2547 1201 2570 erat
1210 2543 1300 2571 simile
1312 2543 1460 2578 lapidibus,
1473 2545 1519 2580 qui
1541 2545 1687 2579 profundis
1705 2547 1731 2574 in

123 2599 193 2626 ματι,
211 2590 379 2626 πορρωτέρω
397 2590 452 2616 τῶν
475 2590 551 2625 παρὰ
579 2589 662 2620 πόδας
682 2589 817 2623 κειμένων
846 2588 888 2615 οὐ)

967 2590 1028 2625 quis
1046 2589 1143 2623 abditi,
1156 2589 1258 2616 nullam
1273 2590 1306 2616 ad
1320 2597 1377 2618 rem
1389 2595 1453 2618 sunt
1467 2592 1620 2625 utiles,nisi
1633 2592 1732 2620 fortas-

121 2637 227 2664 ιδύνατο
239 2637 359 2671 βλέπειν.
373 2636 455 2662 Ὅθεν
471 2636 504 2671 δὴ
517 2636 564 2662 καὶ
577 2635 608 2662 τὺ
621 2634 833 2670 κατορωρύχθαι
844 2643 886 2661 πο-

963 2644 976 2664 e
991 2635 1140 2670 naufragiis
1155 2641 1186 2663 ut
1201 2635 1375 2664 occasionem
1397 2638 1546 2673 praebeant,
1580 2638 1672 2666 omnia
1698 2645 1728 2666 se

120 2682 251 2718 λὺν·αὑτῷ
265 2683 366 2719 χρυσὸν
382 2682 528 2718 σωτηρίαν,
545 2683 593 2709 καὶ
609 2681 725 2717 τρυφὴν.
744 2681 790 2716 καὶ
817 2681 885 2716 βασι-

969 2681 1128 2710 erfecturam
1138 2683 1317 2717 gloriabatur.
1327 2683 1393 2712 Nam
1405 2685 1476 2719 quod
1485 2685 1573 2712 oculis
1581 2685 1664 2712 animi
1683 2690 1734 2712 cur

119 2729 188 2755 λείαν
205 2729 324 2763 ἐνόμιζε.
339 2724 394 2756 Καὶ
413 2728 497 2759 πολὺς
511 2726 545 2763 ἧν
559 2728 606 2755 ’διὰ
622 2727 700 2754 τοῦτο
729 2729 800 2759 κατὰ
823 2728 884 2755 λιτιάν⁴

968 2727 1058 2759 utiret,
1068 2728 1103 2755 ob
1118 2729 1240 2756 avaritia:
1255 2732 1390 2761 morbum.
1404 2732 1561 2765 remotiora,
1574 2740 1656 2767 quam
1674 2740 1733 2767 qua

119 2783 168 2801 των
185 2774 376 2813 ἔπαιρόμενος,
392 2776 438 2802 καὶ
452 2774 588 2809 μηδαμῶς
614 2773 796 2807 κοιμώμενος,
826 2772 884 2808 μηδὶ

968 2779 1012 2801 nte
1026 2773 1105 2808 pedes
1118 2779 1199 2802 erant
1220 2775 1283 2807 sita,
1298 2777 1454 2810 prospicere
1477 2785 1530 2805 non
1548 2782 1661 2813 poterat.
1674 2778 1733 2811 Quo

119 2819 273 2856 κραιπαλῶν
293 2812 368 2854 οϊνῳ,
386 2821 498 2856 μονονοὺ
523 2819 732 2855 παρεφθέγγετο
743 2827 751 2836 ο
767 2820 814 2846 καὶ
829 2819 880 2846 ut")

958 2820 1042 2854 iebat,
1055 2824 1084 2848 ut
1096 2820 1255 2850 immensam
1269 2821 1328 2849 auri
1338 2823 1391 2850 vim
1402 2812 1554 2858 defossam,
1568 2833 1618 2860 pro
1633 2824 1723 2854 salute
