1937 3078
112 84 173 116 38’)

855 83 1000 114 ORATIO
1015 83 1041 114 Ι.
1693 92 1746 123 390

112 149 175 168 νυν.
192 141 262 169 οὐδὲ
274 141 382 177 χρόνος,
395 141 484 177 οἶμαι,
501 142 597 175 πολὺς,
624 141 673 169 καὶ
696 142 710 168 ὁ
721 140 817 177 νεκρδς
831 142 890 168 ἐκεῖ

955 139 996 167 da:
1008 141 1127 170 rationes
1139 143 1352 178 suppeditarent.
1365 143 1456 179 Usque
1466 145 1534 174 adeo
1541 145 1575 174 ab
1588 154 1656 176 auro
1665 149 1745 176 reda-

111 196 164 220 νος
194 189 297 224 χρυσὸς
321 189 476 224 μετάμελον
505 189 580 224 αὒτῷ
610 189 748 224 παρέσχεν
772 189 903 223 ἀνόνητον

112 235 166 261 καὶ
181 235 233 269 τῆς
250 236 316 270 περὶ
331 235 406 262 τόνδε
432 235 549 270 πλάνης,
566 235 613 262 καὶ
629 235 684 262 τῶν
703 235 834 266 ἀπονοίας
855 235 903 270 ρη-

114 280 227 314 μάτων.
243 279 285 312 οἷς
299 281 424 309 ἀπειθῶν
435 281 472 316 τῷ
486 283 683 317 σωφρονίζοντι
701 281 900 316 κατεκέχρητο.

115 327 171 357 Ὃς
186 326 241 362 γὰρ
255 326 319 362 χθὲς
335 327 380 353 καὶ
395 328 529 363 πρότριτα
547 327 591 354 διὰ
602 328 648 354 τὸν
676 327 791 354 πλοῦτον
818 327 902 360 ἐκόμ-

103 371 218 404 “παζεν,
230 372 315 407 αἴρων
327 372 424 407 ὀφρὺν,
437 373 484 399 καὶ
499 372 671 408 ἀκροϐατῶν.
701 374 748 400 καὶ
779 372 824 401 τὸν
851 373 901 398 αὗ-

111 417 185 452 χένα
202 418 301 444 τείνων
321 418 362 449 είς
387 418 511 453 οὐρανὸν,
528 419 596 450 ὅλως
623 419 804 455 ἐπαιρόμενος
829 420 901 446 κατὰ

112 465 171 490 τῶν
184 463 268 491 αὑτοῦ
284 464 437 499 βελτιόνων,
462 464 599 500 Ἀθηναίῳ
614 465 715 503 Σᾷλωνι
736 465 900 499 διαλεγόμει

112 518 174 542 νος,
188 509 266 542 οὖτος
287 509 369 542 αὐτὸς
382 511 453 545 μετὰ
469 510 574 546 βραχύν
603 519 665 538 τινα
687 510 794 545 χρόνον,
809 508 898 545 οἶμαι,

111 558 149 584 δι’
163 558 265 589 αὐτοὺς
280 558 311 593 δὴ
326 558 390 589 τοὺς
411 559 519 593 σωροὶς
536 558 590 585 τῶν
615 557 756 593 μετάλλων
774 557 853 593 own
868 566 899 592 γε

111 604 209 631 κλάων
232 605 301 639 μετὰ
315 604 394 639 βοῆς.
418 605 564 639 ’Δθηναίου
581 603 755 639 μεμνημένος
770 603 898 636 Σόλωνος,

111 651 234 686 ὁπηνίκα
247 650 302 686 πῦρ
322 650 444 683 ὲξάλοιτο
461 649 522 677 κατ’
533 649 628 682 αὑτοῦ,
646 650 694 676 καὶ
711 649 755 676 διὰ
770 649 899 684 τῷπλοὺ-

110 706 152 732 τῳ
168 697 292 732 θαρῥείν,
317 697 478 729 ὀνειδίζοιτο
493 697 569 732 παρὰ
597 696 702 731 Κύρου,
731 696 777 723 τοῦ
790 697 840 728 τὰς
855 697 899 723 εὑ-

111 743 190 774 νοίας
202 743 255 769 τῶν
274 743 319 769 ὑπ’
335 743 420 779 αὐτῷ,
435 743 482 770 καὶ
502 742 637 778 φρουρὰν,
660 742 709 769 καὶ
729 742 896 778 θησαυροὺς,

112 789 164 816 καὶ
176 789 230 824 ὅτῳ
247 789 281 816 ἂν
295 788 425 823 βασιλεὺς
452 788 566 821 σώζοιτὸ
582 797 612 815 τε
644 789 692 815 καὶ
707 786 737 815 εὖ
768 790 895 823 πράττοι,
912 807 935 837 Β

113 835 229 869 μεγέθει
243 837 402 870 φρονήσεως
426 838 608 872 κεκτημένου.
629 836 711 863 Ἀλλὰ
734 836 788 870 μὴν
803 836 897 863 κάκεί-

111 890 168 913 νως
185 881 281 915 γέγονε
299 881 379 916 δῆλον
395 881 425 908 τὸ
442 881 492 916 τῆς
515 882 612 917 σοφίας
637 883 685 910 καὶ
700 882 748 909 τοῦ
778 883 896 910 πλούτου

110 928 252 964 διάφορον.
273 927 312 955 Δι’
327 929 430 955 ἐκεῖνον
446 928 496 964 μὲν
511 928 565 964 γὰρ
583 929 597 956 ὁ
618 929 790 964 κεκτημένος
814 929 895 956 αὑτὸν

111 974 248 1001 ὲκέκαυτο
259 982 266 990 ·
286 974 405 1009 τοῦνομα
418 974 448 1000 δὲ
464 974 510 1001 τοῦ
527 975 646 1005 Σόλωνος
660 974 743 1002 αὐτὸν
760 975 896 1010 ἐρρύσατο

109 1020 163 1055 τῆς
178 1020 288 1055 φλογὸς,
301 1020 373 1047 κατὰ
387 1020 528 1055 πάρεργον
546 1020 640 1057 ῥηθέν.
663 1021 700 1047 Οὐ
717 1020 771 1056 γὰρ
784 1021 816 1054 δὴ
828 1021 896 1056 πρὸς

111 1066 256 1102 σωτηρίαν
276 1066 343 1095 ἐϐόα
359 1066 476 1101 Κροῖσος
493 1065 536 1098 τὺ,
553 1065 653 1099 Σόλων,
670 1066 770 1098 Σόλων,
785 1066 843 1094 ἀλλ’
857 1067 895 1098 ὡς

111 1111 189 1147 μάλα
200 1120 233 1145 γε
251 1111 402 1146 Θαυμάζων
418 1111 465 1138 τὸν
482 1111 576 1147 ἄνδρα,
606 1112 645 1139 ὅτ’
664 1112 710 1140 ἐπὶ
728 1111 782 1140 τῶν
809 1112 894 1145 ξύλων

110 1155 272 1190 ὲφήπλωτο,
296 1157 403 1186 τούτοις
426 1156 692 1192 συγκανθησόμενος.
723 1156 812 1192 Ἔὼρα
840 1158 895 1193 γὰρ

110 1202 160 1237 τὴν
179 1203 208 1229 ὲν
227 1202 325 1237 ἐκείνῳ
350 1203 447 1236 σοφίαν
474 1202 522 1229 καὶ
538 1202 785 1237 προφητεύουσαψ
804 1203 894 1236 ἔξεστι

109 1247 139 1273 δέ
157 1255 199 1274 σοι
214 1247 410 1283 καθαρώτερον
425 1246 527 1280 γνῶναι
543 1247 579 1274 τὰ
603 1247 665 1283 περὶ
689 1248 784 1279 τῶνδε.
801 1249 849 1276 ἐάν
862 1258 892 1282 γε

109 1291 127 1329 ᾖ
145 1292 300 1328 βουλομένῳ
317 1293 477 1326 διεξελθεῖν,
495 1293 521 1319 εί
535 1293 576 1323 ’ἲίς
593 1301 622 1319 τι
645 1292 725 1324 ἄλλος
740 1294 806 1328 περὶ
831 1294 894 1321 τού-

109 1347 165 1366 των
175 1339 314 1374 ἱστόρηκε,
329 1339 438 1370 καὶτὰς
451 1339 595 1374 Ἡροδότου
609 1339 730 1371 Μούσας.
743 1339 829 1367 Ταυτὶ
842 1341 892 1376 μὲν

109 1384 157 1413 οὖν
172 1386 240 1421 ἡμῖν
251 1384 410 1420 ἀρκούντως
419 1386 488 1420 ἡμῖν
502 1385 569 1420 ἔχει,
586 1385 635 1412 ὅσα
655 1387 702 1412 καὶ
734 1386 830 1420 σοφίαν
847 1396 891 1422 μι-

109 1433 175 1467 κρὸν
190 1431 322 1466 ὑμνῆσαι,
338 1431 385 1457 καὶ
395 1430 535 1464 ἐξελέγξαι
546 1430 589 1457 τὸν
601 1430 716 1457 πλοῦτον
726 1432 809 1467 μηδὲν
824 1433 891 1467 ἁλη-

956 193 1015 216 ctus
1025 188 1051 215 in
1061 193 1220 224 potestatem
1231 195 1298 224 erat,
1309 191 1390 226 idque
1397 193 1484 219 solum
1494 194 1692 228 admirabatur.
1699 196 1747 224 do-

954 241 1005 261 nec
1017 235 1075 268 ipsa
1087 234 1185 262 didicit
1198 237 1377 271 experientia,
1391 245 1474 272 seque
1488 238 1631 273 deceptum
1644 247 1745 276 cogno-

956 280 1005 307 vit.
1025 280 1081 309 Nec
1095 282 1224 316 mullum,
1236 283 1344 318 opinor,
1359 286 1490 319 temporis
1505 286 1742 319 intercessit,cum

954 331 1093 355 mortuum
1116 329 1182 356 illud
1197 337 1292 357 aurum
1309 331 1383 364 fecit,
1395 336 1423 358 ut
1437 339 1499 359 eum
1520 332 1595 360 nullo
1609 332 1665 367 jam
1678 341 1740 360 cum

953 372 1043 400 l'ruetu
1060 376 1206 409 pmniteret
1222 380 1278 402 tum
1292 378 1396 405 erroris
1409 377 1442 405 de
1458 385 1526 405 auro
1539 378 1594 411 sui,
1611 384 1666 406 tum
1678 386 1741 414 pro-

953 418 1086 447 iectorum
1102 420 1135 447 ab
1159 422 1278 449 amentia
1296 423 1452 457 verborum,
1470 425 1579 458 quibus,
1597 425 1740 461 eastiganti

953 472 1007 492 non
1022 466 1225 502 obtemperans,
1239 476 1305 496 usus
1317 468 1418 497 fuerat.
1435 470 1486 502 Qui
1509 471 1582 498 enim
1608 472 1664 498 heri
1686 480 1739 499 nu-

952 512 1068 547 diusque
1080 514 1177 541 tertius
1194 522 1223 541 sc
1238 520 1348 550 propter
1364 524 1430 550 opes
1446 517 1591 552 magniﬁce
1602 517 1737 552 jactabat,

952 558 1082 585 attollens
1098 559 1256 594 supercilia,
1270 562 1440 594 summisque
1449 563 1548 597 pedum
1558 564 1650 597 digitis
1662 564 1738 591 ince-

951 603 1029 636 dens,
1044 609 1070 631 et
1084 605 1117 631 ad
1131 605 1229 634 malum
1242 607 1469 641 usqueccrviccm
1485 609 1637 642 porrigens,
1651 613 1738 636 totus-

950 656 1004 682 que
1017 654 1126 677 tumens
1137 651 1268 679 adversus
1282 653 1407 681 homines
1419 661 1448 680 se
1457 654 1593 687 meliores,
1604 663 1658 691 quo
1668 660 1738 682 tem-

950 702 1016 729 pore
1028 703 1089 722 cum
1101 695 1201 724 Solone
1210 698 1370 726 Atheniensi
1386 699 1591 733 colloquebatur
1603 709 1611 726 :
1623 702 1666 727 hic
1681 702 1739 736 ipse

951 744 1011 774 post
1023 741 1103 768 breve
1116 746 1234 776 tempus,
1253 748 1282 770 ut
1308 744 1438 778 arbitror,
1451 751 1562 780 propter
1584 747 1646 774 iilos
1665 748 1738 781 ipsos

949 787 1122 814 metallorum
1139 795 1253 816 acervos
1268 790 1322 817 alta
1340 798 1408 817 voce
1436 792 1545 825 plorare
1569 798 1738 827 conspectus

949 837 1001 865 est,
1015 833 1125 860 Solonis
1137 834 1212 862 illitis
1221 835 1397 863 Atheniensis
1410 837 1582 869 recordatus,
1593 846 1654 864 eum
1666 838 1736 872 ignis

949 878 977 906 in
992 887 1054 907 eum
1071 880 1201 914 insiliret,
1216 886 1242 908 et
1256 882 1328 916 quod
1346 882 1373 909 in
1395 882 1492 917 opibus
1508 882 1635 910 lidncinm
1650 883 1737 910 collo-

950 930 1039 952 casset
1049 946 1057 958 ,
1072 927 1262 961 obiurgaretur
1275 935 1289 954 a
1302 928 1385 963 Cyro,
1399 928 1446 963 qui
1460 929 1634 957 subditorum
1650 930 1735 957 bene-

948 970 1144 1005 volentiam,et
1156 973 1274 1007 praesidii
1291 974 1398 1007 locinet
1414 975 1654 1008 thesaurorum,ct
1669 983 1735 1011 qua.

949 1017 1052 1045 rumvis
1069 1026 1172 1051 rerum,
1188 1019 1291 1054 quibus
1305 1025 1333 1047 et
1344 1020 1519 1048 incolumitas
1534 1024 1735 1057 etprosperitas

948 1063 1022 1097 regia
1029 1064 1100 1091 conti
1105 1068 1166 1091 netu
1172 1065 1287 1097 r,animi
1295 1066 1508 1101 magnitudinem
1516 1074 1575 1094 com
1580 1074 1733 1102 paraverat.

949 1108 1020 1142 Quin
1033 1114 1060 1137 et
1083 1110 1127 1138 ilia
1143 1117 1185 1143 re,
1198 1111 1335 1144 quodnam
1349 1116 1423 1140 esset
1435 1116 1491 1139 tum
1515 1113 1732 1147 sapientiaﬁum

947 1161 1029 1189 opum
1042 1155 1202 1189 discrimen,
1214 1157 1352 1191 apparuit.
1362 1156 1429 1184 Nam
1441 1163 1551 1193 propter
1565 1167 1630 1194 opes
1643 1160 1676 1192 is,
1685 1161 1732 1194 qui

946 1207 993 1228 eas
1010 1201 1180 1235 possidebat,
1196 1207 1310 1230 exustus
1326 1203 1421 1231 fuisset
1437 1212 1445 1231 :
1463 1209 1490 1231 at
1502 1204 1612 1233 Solonis
1634 1213 1732 1233 nomen

946 1246 1033 1275 obiter
1041 1255 1214 1282 expressum,
1221 1256 1235 1275 e
1243 1249 1357 1277 ﬂammis
1367 1250 1504 1278 hominem
1513 1251 1621 1287 eripuit.
1629 1251 1733 1288 Quippe

945 1300 1000 1320 non
1013 1293 1109 1322 salutis
1124 1294 1302 1329 impetranda!
1313 1303 1395 1323 causa
1410 1296 1520 1325 Solonis
1533 1305 1632 1326 nomen
1653 1300 1729 1326 Crte-

945 1346 993 1367 sus
1003 1340 1200 1375 ingeminabat,
1214 1342 1262 1369 sed
1273 1342 1347 1377 quod
1360 1350 1524 1378 magnopere
1541 1344 1628 1371 virum
1643 1345 1732 1372 admi—

945 1391 1066 1420 raretur,
1076 1394 1131 1421 quo
1147 1391 1267 1422 tempore
1285 1388 1366 1423 lignis
1377 1389 1522 1424 impositus
1536 1390 1656 1425 jacebat,
1667 1400 1733 1419 cunr

944 1431 1046 1459 eisdem
1058 1433 1286 1460 concremandus.
1299 1433 1497 1470 Videbalgenim
1508 1437 1668 1471 sapientiam
1681 1438 1734 1465 Sn-

109 1478 164 1509 θῶς
179 1478 256 1510 ὅντα,
290 1478 314 1504 εί
333 1476 372 1512 μὴ
396 1475 430 1503 δι’
447 1476 541 1512 ἕτερόν
568 1485 596 1503 τι
616 1477 771 1511 συνάγοιτο,
787 1479 833 1504 καὶ
859 1479 891 1506 δι’

944 1477 1015 1506 lonis
1029 1478 1111 1505 etiam
1119 1478 1286 1505 vaticinandi
1299 1479 1324 1506 vi
1338 1481 1490 1514 praeditam.
1505 1481 1538 1508 Et
1553 1482 1609 1509 haec
1619 1483 1726 1517 quidem

108 1524 199 1551 ἐκεῖνο
223 1524 305 1551 πάλιν
322 1523 507 1558 σκορπίζοιτο,
525 1523 573 1549 καὶ
583 1523 640 1549 τοῖν
655 1524 813 1558 εἰρημένων
829 1525 892 1551 ἑκά-

109 1579 188 1605 τερον
202 1569 232 1597 οὐ
247 1570 290 1597 διὰ
305 1569 402 1604 θυμὸν,
419 1569 476 1597 οὐδ’
506 1569 603 1604 ὁρτὴν,
623 1569 678 1596 οὐδ’
691 1570 841 1605 ἐπιθυμίαν
852 1571 891 1607 μὴ

109 1616 249 1650 σώφρονα.
265 1615 334 1643 ἀλλὰ
347 1615 418 1649 λόγῳ
436 1614 567 1649 γίγνοιτο.
584 1614 660 1640 Δοκῶ
681 1616 734 1650 γάρ
755 1624 801 1649 μοι
814 1617 889 1650 είρηκ

107 1661 185 1688 κέναι
209 1661 335 1689 τοσοῦτον
346 1661 429 1689 ἕνεκα
441 1660 488 1688 τοῦ
505 1660 689 1696 προκειμένου
704 1660 818 1693 σκοποῦ,
828 1661 890 1688 ὅσον

106 1707 136 1740 ἐξ
164 1707 282 1745 ὀνύχων,
317 1707 395 1742 φασὶ,
425 1708 473 1734 καὶ
500 1708 533 1733 ὲκ
561 1706 609 1733 τοῦ
636 1707 802 1741 κρασπέδου,
825 1706 889 1734 νοῦν

105 1754 198 1788 ιχουσι
225 1753 320 1780 λέοντα
336 1753 384 1780 καὶ
405 1752 520 1787 ὕφασμα
550 1752 693 1788 ἀρκέσειεν
717 1751 751 1778 ἂν
778 1753 890 1780 εἰδέναι.

106 1797 169 1827 Οἷον
186 1799 241 1834 γάρ
252 1799 294 1831 τίς
311 1800 373 1835 ὄρος
389 1807 435 1834 μοι
454 1798 583 1834 φαίνεται
599 1798 675 1824 τουτὶ
691 1798 721 1824 τὸ
735 1798 890 1825 τελευταῖον

105 1846 189 1881 ῥηθὲν
212 1845 260 1873 τοῦ
278 1845 368 1877 καλῶς
396 1854 428 1872 τε
446 1845 634 1880 θησαυρίζειν,
666 1844 714 1871 καὶ
739 1839 788 1880 μή.
808 1845 890 1871 ὐοεν

106 1893 223 1920 ὕστατον
238 1893 318 1920 τοῦτο
332 1893 440 1928 φράσας
456 1892 522 1926 περὶ
539 1892 587 1919 τοῦ
603 1891 720 1918 πλούτου
738 1899 768 1917 τε
783 1891 888 1925 ἁπλῶς,

104 1939 152 1966 καὶ
168 1939 217 1966 τοῦ
243 1939 345 1975 τρόπου
364 1938 500 1974 βασιλέως
527 1937 633 1972 Λυδῶν,
648 1937 695 1964 τοῦ
717 1937 782 1972 περὶ
798 1937 888 1964 αὐτῶν

103 1987 315 2022 ἀπαλλάττομαι
329 1987 421 2020 λόγου.

945 1521 1049 1551 clarius
1071 1530 1238 1558 cognoscere
1264 1525 1376 1559 poteris,
1391 1525 1414 1552 si
1436 1526 1572 1562 perlegere
1587 1533 1642 1555 tum
1660 1529 1731 1557 alios

943 1567 1063 1594 volueris
1079 1568 1234 1601 historicos,
1249 1572 1305 1596 tum
1319 1569 1448 1598 Herodoti
1464 1571 1566 1600 Musas.
1583 1573 1726 1602 Nobisista

944 1621 1012 1641 sane
1027 1614 1175 1647 suﬂiciant,
1191 1615 1292 1649 quibus
1305 1620 1332 1643 ct
1345 1617 1478 1650 sapientia
1495 1619 1589 1651 paucis
1615 1620 1725 1648 laudata

944 1660 1026 1693 sit,et
1038 1666 1177 1688 ostensum
1193 1668 1289 1696 reapse
1304 1662 1371 1688 nihil
1382 1669 1442 1690 esse
1457 1663 1578 1698 divitias,
1591 1667 1643 1693 nisi
1655 1668 1725 1696 alto-

943 1707 1000 1734 rius
1010 1706 1048 1734 rei
1058 1714 1139 1734 causa
1150 1707 1325 1742 colligantur,
1336 1713 1361 1735 et
1370 1709 1404 1735 ob
1416 1710 1539 1737 eamdem
1552 1713 1724 1740 rursumdis-

941 1757 1109 1788 pergantur:
1125 1759 1206 1787 atque
1220 1753 1316 1780 borum
1333 1753 1480 1789 utrumque
1491 1763 1543 1782 non
1556 1757 1730 1790 pcriracun-

940 1799 1024 1830 diam,
1037 1805 1086 1825 nec
1104 1797 1183 1831 iram,
1201 1806 1252 1825 nec
1267 1799 1442 1832 cupiditatem
1458 1808 1552 1834 parum
1571 1801 1726 1836 honestam,

940 1846 987 1874 sed
1001 1853 1062 1872 cum
1075 1844 1182 1873 ratione
1196 1845 1250 1872 (int.
1265 1844 1370 1880 Quippe
1383 1849 1488 1872 tantum
1504 1853 1519 1872 a
1536 1847 1614 1874 nobis
1638 1848 1672 1874 de
1696 1857 1725 1876 te

940 1891 1079 1927 proposita
1092 1891 1194 1918 dictum
1210 1892 1338 1924 arbitror,
1355 1896 1486 1926 quantum
1497 1898 1588 1921 mente
1603 1895 1730 1929 praeditis

942 1938 1010 1966 satis
1023 1937 1268 1972 sitagnoscendutn
1287 1945 1319 1964 ex
1336 1938 1484 1972 unguibus.
1499 1940 1571 1974 quod
1584 1940 1672 1972 aiunt,
1698 1946 1724 1968 et

943 1984 1053 2016 lacinia,
1068 1989 1124 2011 tum
1138 1982 1256 2014 leonem.
1274 1987 1329 2009 tum
1345 1990 1474 2018 pannum.
1488 1983 1554 2011 Nam
1573 1985 1639 2012 mihi
1664 1986 1724 2020 qui-

103 2032 163 2062 dem
177 2033 229 2061 hoc
249 2038 388 2067 postremo
405 2033 467 2061 loco
481 2032 583 2060 dictum
600 2033 707 2061 videtur
716 2040 776 2061 esse
787 2034 864 2067 quasi
883 2034 926 2062 lex
942 2032 1065 2068 quaedam
1085 2034 1164 2058 recta
1181 2029 1353 2057 callet-tionis
1365 2031 1567 2064 thesaurorum,
1584 2033 1625 2059 vel
1641 2040 1727 2062 secus,

103 2080 241 2108 institutae.
259 2079 378 2115 Ideoque
395 2087 553 2114 supremum
579 2079 630 2106 hoc
643 2083 698 2106 tam
725 2079 759 2106 de
774 2079 876 2107 divitiis
893 2077 1065 2114 simpliciter,
1079 2083 1159 2111 quatn
1175 2075 1208 2103 de
1219 2073 1354 2111 Lydorum
1374 2076 1445 2111 regis
1462 2077 1572 2112 ingenio
1596 2079 1719 2113 proloeu.

103 2135 156 2160 tus,
170 2129 289 2164 amplius
308 2129 341 2156 de
357 2129 397 2156 eis
411 2128 503 2156 dicere
514 2126 692 2162 supersedeo.

135 2180 181 2206 Δεῖ
207 2178 236 2204 δέ
266 2186 317 2204 που
346 2176 420 2203 τόνδε
451 2177 621 2213 μεταγαγεῖν
647 2175 694 2202 ἐπὶ
711 2175 760 2211 τὴν
784 2174 884 2210 Ξέρξου
901 2178 923 2205 D

103 2227 234 2262 στρατιὰν
248 2225 298 2260 τὴν
314 2223 428 2259 πολλὴν,
453 2223 503 2258 τὴν
527 2223 649 2257 φρίττειν
666 2223 881 2258 παρασκευάσα-

102 2280 147 2298 σαν
166 2270 294 2305 δύναμιν,
312 2269 360 2296 καὶ
373 2269 463 2295 πάντα
478 2267 608 2295 αείσασαν
621 2267 738 2303 πέρατα,
752 2268 786 2303 τῇ
802 2268 881 2303 φήμῃ

99 2325 129 2343 τε
155 2316 202 2342 καὶ
230 2316 290 2346 ταῖς
320 2313 492 2348 ἀπειλαίς’ἢ
507 2313 540 2348 δὴ
566 2312 689 2348 σκηπτοῦ
708 2321 781 2344 τινος
803 2313 882 2346 δίκην

100 2361 281 2396 ὲπενεχθείσα
294 2359 432 2397 πολλαχοῦ
447 2358 511 2393 γῆς,
528 2358 592 2385 ἔνθα
611 2359 649 2392 μὴ
664 2355 697 2394 ’ἦν
723 2357 821 2392 ἁρετὴ.
837 2354 881 2383 οἷα

103 2409 151 2443 μὲν
167 2408 255 2434 ἐδίδου
265 2407 380 2443 θαρρεῖν
394 2405 433 2440 τῷ
446 2403 615 2439 συνειλοχότι
628 2404 733 2438 ταύτην
741 2403 880 2437 λαμπραῖς

100 2453 226 2486 simiam;
243 2450 298 2480 οἷον
312 2453 334 2479 δ’
346 2452 442 2478 ἔπειτα
457 2451 578 2486 παρέσχε
610 2450 763 2485 μετάμεὶον
784 2451 880 2485 ἀνόνη-

99 2508 161 2532 τον,
179 2499 310 2528 Εἰκότως.
333 2498 380 2525 Ἐκ
397 2497 446 2532 μὲν
468 2497 522 2533 γὰρ
541 2495 634 2527 ἁπλῶς
655 2496 710 2522 τῶν
737 2496 879 2531 κατοροωο

101 2546 192 2581 μάτων
204 2544 292 2579 μείζω
308 2545 422 2578 παρεῖχε
439 2542 639 2578 τεκμαίρεσθαι
656 2543 711 2568 τῶν
724 2542 776 2577 ἠδη
796 2550 877 2576 γεγε-

99 2592 230 2626 νημένων·
246 2591 288 2617 ὅτι
307 2590 334 2617 δὲ
347 2590 426 2617 ταυτὶ
443 2590 491 2624 τῆς
509 2589 605 2624 τύχης,
632 2588 682 2615 οὐκ
700 2588 805 2623 ἀρετῆς
831 2586 875 2624 ἦν,

97 2638 158 2670 τοὺς
180 2638 253 2665 κατὰ
268 2637 369 2671 ταύτης
399 2636 593 2671 ἐπαιρομένους
628 2635 679 2661 οὐκ
709 2635 820 2669 ἀληθεῖς
845 2643 877 2668 γε

100 2685 205 2719 μάντεις
223 2684 366 2719 ἀπέφηνε.»
381 2684 441 2715 [ιὼς
468 2683 521 2717 γὰρ
537 2683 571 2709 ἂν
595 2681 761 2717 κρατήσειεν
776 2681 877 2716 ἀρετῆς

97 2729 174 2764 τύχη,
191 2730 224 2765 ἣν
241 2730 278 2765 μὴ
292 2729 321 2756 τὸ
336 2729 408 2756 θεῖον
434 2729 580 2764 ὀργίςηται
603 2728 650 2754 καὶ
667 2727 802 2762 περιορᾷς
822 2726 876 2753 Καὶ

97 2775 170 2802 τοῦτο
181 2777 277 2810 γέγονε
290 2776 380 2810 δῆλον,
396 2776 446 2810 οὐχ
457 2773 538 2810 ἦττον
573 2775 623 2810 μὲν
634 2774 682 2801 καὶ
698 2775 755 2805 τοῖς
773 2772 875 2809 προλα-

99 2820 169 2848 εοῦσι
181 2821 376 2855 κατορθώμασι
396 2821 452 2848 τῶν
468 2820 603 2856 Ἑλλήνων
615 2829 621 2836 ·
641 2819 761 2855 μάλιστα
780 2819 809 2845 δὲ
827 2826 876 2846 κοι-

973 2169 1151 2200 Traduccnda
1168 2175 1234 2196 vero
1247 2168 1280 2196 ad
1296 2169 1432 2204 ingentem
1454 2168 1551 2197 Xerxis
1568 2171 1724 2197 exercitum

935 2219 1033 2250 oratio,
1048 2222 1075 2244 et
1106 2216 1139 2243 ad
1164 2215 1224 2242 illas
1246 2215 1350 2249 copias,
1375 2223 1436 2250 quae
1462 2215 1533 2242 fama
1560 2216 1661 2250 pariter
1687 2224 1725 2243 ac'

935 2266 1018 2293 minis
1056 2270 1152 2291 omnes
1174 2262 1241 2289 ﬁnes
1262 2266 1289 2288 ct
1310 2262 1447 2296 trepidare
1468 2262 1657 2296 compulerunt
1691 2268 1720 2289 et

936 2313 1301 2345 ronqnassarunt:qnaeqne
1328 2308 1354 2334 in
1385 2308 1523 2341 complura
1553 2312 1632 2335 terra
1660 2308 1724 2335 lora.

936 2357 1058 2385 fulminis
1073 2357 1099 2384 in
1117 2363 1220 2382 ntoretn
1237 2355 1343 2387 delatae,
1373 2354 1417 2381 ubi
1435 2353 1507 2380 nulla
1533 2354 1619 2381 virtus
1646 2360 1716 2383 erat.

935 2408 1068 2439 quantum
1086 2402 1124 2429 illi
1135 2402 1251 2432 ﬁduciae,
1263 2399 1594 2435 quaeso,suppeditabant,
1611 2401 1656 2435 qui
1670 2409 1724 2429 eas

933 2449 1071 2485 splendida
1091 2449 1206 2483 quadam
1223 2455 1271 2482 spe
1293 2446 1456 2480 collegerat?
1472 2451 1604 2480 quantum
1629 2448 1717 2481 pteni-

933 2496 1024 2523 tentiat
1041 2495 1170 2528 deinceps
1186 2494 1289 2520 inutilis
1302 2493 1452 2519 attulerunt
1462 2492 1480 2518 ?'
1490 2492 1521 2518 Et
1536 2493 1631 2519 merito
1653 2493 1720 2527 qni-

931 2541 1012 2573 dem;
1040 2548 1100 2567 nam
1129 2539 1291 2572 sitnplic‘ter
1314 2546 1348 2565 ex
1367 2537 1449 2564 rebus
1478 2545 1607 2573 prospere
1632 2543 1719 2572 gt-sts

930 2586 1034 2621 majora
1059 2585 1202 2619 praeteritis
1229 2583 1366 2618 conjicere
1386 2583 1496 2610 dabant.
1515 2583 1566 2610 Sed
1583 2584 1716 2618 quoniam

929 2633 975 2660 illa
993 2632 1117 2662 fortunae,
1131 2637 1183 2657 non
1205 2629 1314 2656 virtutis
1329 2634 1417 2662 erant,
1434 2629 1536 2656 idcirco
1552 2629 1717 2663 superbien<

928 2682 969 2706 tes
1000 2677 1132 2704 adversus
1166 2677 1247 2706 hanc,
1274 2669 1350 2703 vates
1367 2676 1480 2702 minime
1500 2683 1609 2702 veraces
1626 2676 1719 2703 exsti-

928 2729 1028 2751 terunt.
1044 2722 1103 2756 Quo
1116 2721 1189 2749 enim
1215 2726 1294 2756 pacto
1313 2720 1421 2748 fortuna
1450 2722 1575 2747 virtutem
1606 2720 1717 2753 \icerit,

927 2770 978 2798 nisi
996 2770 1066 2796 Deus
1082 2769 1166 2796 iratus
1179 2769 1224 2799 sit.
1234 2773 1260 2796 et
1277 2767 1443 2795 conniveat?
1457 2768 1529 2802 quod
1549 2774 1614 2793 sane
1627 2767 1718 2793 mani-

927 2816 997 2844 festo
1018 2814 1105 2850 paruit
1123 2819 1180 2842 tum
1196 2815 1230 2842 de
1253 2813 1426 2847 superiorum
1457 2817 1611 2844 temporum
1640 2811 1710 2838 faci-
