1937 3078
182 98 233 130 391

771 96 968 127 MANUELIS
982 95 1208 127 PALAEOLOGI

1755 93 1809 124 392

183 153 297 180 nuribus
308 151 466 180 Graecorum
483 151 609 187 egregiis,
623 155 680 179 tum
693 150 734 178 vel
748 151 874 183 maxime,
887 157 974 185 quan-

1041 151 1138 186 ἀδηλον
1154 151 1277 185 γέγονεν,
1299 149 1379 185 ἡνίκα
1395 148 1426 184 δὴ
1451 149 1508 180 τοῖς
1524 148 1683 183 1Αθηναίοις
1705 149 1808 183 προσέο

182 200 218 227 do
247 200 380 226 universas
405 199 490 234 copia:
516 198 632 226 Persicae
656 198 840 225 Athenienses
867 197 970 224 adorta:

183 249 257 277 sunt,
274 244 420 272 admodum
438 244 491 272 illa:
502 245 612 279 quidem
632 244 742 276 acriter,
758 248 789 271 ut
805 251 901 270 cervos
926 243 970 270 leo

183 292 271 325 solet;
286 292 335 319 sed
347 299 408 319 mox
428 291 454 318 in
479 292 562 326 pedes
579 297 638 318 sese
657 290 849 324 conjicientes,
874 289 971 324 quasi-

185 345 239 372 que
255 344 397 364 cervorum
415 344 490 364 more
506 337 632 364 leunibus
656 341 731 372 terga
747 337 854 366 dantes.
873 335 920 370 qui
938 342 972 362 ne

187 383 316 410 latratum
334 383 444 418 quidem
461 383 533 409 ferre
548 387 671 417 possunt.
694 382 762 409 'lum
782 389 846 409 vero
875 381 909 408 de
925 379 971 412 iis,

188 437 249 464 quae.
264 437 362 463 passus
380 433 431 460 est,
453 435 525 456 recte
541 436 588 456 rex
609 428 714 461 didicit,
744 436 798 455 non
821 426 975 454 multitudi-

189 483 263 507 nem,
279 477 326 502 sed
343 476 470 502 virtutem
488 475 589 509 ubique
604 475 726 507 vincere,
743 482 792 502 nec
805 482 866 502 cum
882 473 972 506 bonis,

188 521 295 549 etiamsi
309 522 386 556 pauci
403 521 468 554 sint,
486 519 584 549 multos
612 529 671 549 esse
686 521 896 556 comparandos.
913 521 975 547 licet

189 575 285 594 omnes
309 567 403 594 ordine
430 569 498 594 lines
513 569 539 594 in
561 568 692 595 ditionem
711 567 847 602 redigant.
863 565 930 593 Nam
949 571 975 593 ct

190 614 335 647 conjuncta
350 620 412 640 cum
431 613 531 640 virtute
547 618 692 648 paupertas
708 614 742 640 iis
755 619 795 640 est
824 611 973 643 honestior,

190 659 237 693 qui
251 659 354 693 absque
371 658 471 685 virtute
501 659 608 685 divitiis
628 658 777 690 abundant,
805 663 832 684 et
850 657 976 684 obscuris

192 706 247 732 irati
266 705 423 739 parentibus
439 709 489 732 hoc
508 705 586 731 modo
599 705 677 739 longe
690 709 754 731 sunt
770 704 900 731 clariores
923 703 976 730 iliis

192 750 238 784 qui
259 750 293 776 ob
314 749 484 776 nobilitatem
511 756 572 776 sese
601 748 737 783 iactitant.
763 747 791 774 In
821 749 976 775 universum

193 797 309 830 denique
327 797 473 830 conjuncta
491 803 551 822 cum
575 796 685 827 virtute,
700 795 773 822 clara
789 799 869 822 sunt:
885 798 913 821 et
935 801 977 820 ses

1022 199 1105 226 σαλεν
1121 198 1139 233 ἡ
1155 197 1275 233 Περσικὴ
1288 197 1364 223 πᾶσα
1379 196 1496 231 δύναμις
1506 196 1591 231 δριμῦ
1622 196 1671 230 μὲν
1689 195 1805 230 σφόδρα,

1023 245 1150 280 καθάπερ
1162 244 1231 270 λέων
1247 244 1369 278 ἐλάφοις,
1389 243 1476 269 ἔπειτ’
1490 243 1590 277 ἐχρῆτο
1604 243 1661 273 τοῖς
1677 242 1756 268 ποσὶν
1769 241 1807 272 ὡς

1022 290 1078 318 ἀπὸ
1108 291 1223 317 λεόντων
1254 289 1378 324 φυγοῦσα
1401 289 1481 323 δίκην
1513 288 1632 322 ἐλάφων,
1662 287 1717 314 τῶν
1744 287 1809 322 μηδ’

1024 336 1127 371 ὑλακὴν
1143 328 1265 370 ἐνεγκεῖν
1287 335 1455 368 δυναμένων.
1475 335 1580 369 Ἔμαθε
1596 333 1628 369 δὴ
1640 334 1700 360 τότε
1715 333 1809 364 καλῶς

1024 383 1054 415 ἐξ
1065 379 1102 410 ὢν
1118 391 1149 417 γε
1164 382 1308 408 ἐπεπόνθει
1326 381 1465 416 βασιλεὺς,
1482 381 1520 412 ὡς
1536 381 1566 407 οὐ
1580 381 1609 407 τδ
1623 381 1737 415 πλῆθος,
1751 379 1810 407 ἀλλ’

1025 429 1112 466 ἀρετὴ
1127 430 1156 456 τὸ
1172 428 1253 456 νικῶν
1270 429 1330 455 ἐστι
1360 428 1506 462 πανταχῆο
1537 427 1585 454 καὶ
1610 427 1641 453 οὐ
1672 427 1726 462 χρὴ
1752 420 1810 457 τοῖς

1025 476 1150 510 ἀγαθοῖς,
1168 475 1220 502 κᾶν
1235 473 1302 501 ὦσιν
1323 474 1516 508 εὐαρίθμητοι,
1539 474 1603 504 τοὺς
1622 473 1738 505 πολλοὺς
1755 482 1810 498 πα-

1027 522 1163 558 ραθεῖναι,
1179 521 1203 548 εἰ
1217 521 1248 556 δὴ
1267 520 1314 547 καὶ
1339 520 1448 547 πάντων
1470 519 1535 553 ἑξῆς
1557 519 1727 554 κρατήσαιεν
1754 518 1811 543 τῶν

1026 569 1183 604 τερμάτων.
1198 568 1254 595 Καὶ
1266 567 1320 602 γάρ
1332 575 1374 593 τοι
1391 567 1438 592 καὶ
1463 567 1543 592 πενία
1564 565 1623 599 μετ’
1639 564 1740 598 ἀρετῆς
1766 572 1812 589 τι-

1029 617 1150 652 μιωτέρα
1162 615 1216 641 τῶν
1234 614 1340 647 πλούτῳ
1352 613 1502 648 κομώντων
1528 612 1636 646 ἐκείνης
1657 612 1739 638 ἀνευσ
1762 611 1814 636 καὶ

1027 662 1051 689 οἱ
1070 662 1099 694 ἐξ
1111 661 1227 696 ἀσήμων
1246 659 1340 690 παῖδες
1350 658 1397 685 τὸν
1422 657 1525 693 τρόπον
1542 656 1639 683 τοῦτον
1667 656 1814 690 διαφερόν-

1026 717 1080 739 τως
1093 707 1280 742 λαμπρότεροι
1291 707 1346 732 τῶν
1371 703 1582 739 σεμνυνομένων
1606 702 1648 729 ἐπ’
1663 701 1791 736 εὐγενείᾳ
1803 709 1812 716 ·

1027 755 1076 781 καὶ
1094 754 1162 785 ὂλως
1181 754 1215 780 τὰ
1238 753 1287 779 σὺν
1311 751 1396 786 ἀρετῇ
1422 750 1469 778 καὶ
1487 749 1604 784 λαμπρά
1619 757 1628 766 ο
1650 749 1684 775 τὰ
1709 749 1815 781 ταύτης

1028 801 1057 827 δὲ
1072 800 1109 836 μὴ
1125 800 1273 834 μετέχοντα
1290 797 1455 824 τούναντίον.
1476 795 1557 823 Ἀλλά
1570 795 1716 830 σκοπῶμεν
1734 795 1812 828 ἀκρι-

193 849 253 873 cus,
266 842 375 868 virtutis
391 842 523 876 expertia.
544 841 596 868 Sed
613 841 818 868 consideremus
834 845 975 872 accurate,

1037 848 1095 880 Ξῶς,
1111 847 1135 873 εί
1150 846 1236 878 δοκεῖ,
1259 845 1391 880 στρατιὰν
1419 844 1492 878 ἥττω
1523 842 1668 869 δεικνῦσαν
1693 840 1814 876 ἀριθμὸν

194 889 216 916 si
233 889 331 923 placet,
357 890 509 916 exercitum
525 888 599 916 omni
625 895 740 915 numero
755 887 936 923 superiorem,
954 886 977 913 si

196 936 258 970 quis
282 942 343 961 eum
377 941 520 961 recensere
548 934 631 967 velit;
667 933 715 968 qui
743 933 871 967 quoniam
900 931 979 959 facile

196 981 352 1015 complures
371 981 403 1007 ad
418 986 512 1015 gentes
539 980 644 1007 irruere
662 979 758 1014 potuit,
789 976 912 1006 omnium
930 985 980 1013 po-

196 1032 308 1058 stremo,
325 1026 444 1061 pessimo
461 1025 515 1053 fato
530 1033 590 1058 suo,
605 1031 706 1052 terram
719 1023 785 1051 adiit
800 1023 915 1050 alentem
928 1022 979 1049 lio-
992 1043 995 1046 .

197 1074 294 1104 mines,
311 1073 355 1106 qui
370 1073 483 1100 honesto
497 1079 528 1099 ac
544 1071 636 1098 virtuti
654 1075 752 1097 cuncta
769 1068 979 1105 postponebant.

197 1120 244 1148 ιΙαι
261 1128 324 1147 vero
342 1121 407 1147 tales
421 1127 452 1146 ac
468 1123 551 1146 tanta;
563 1118 659 1153 copim,
684 1121 770 1145 totum
798 1117 869 1144 Asia:
887 1116 980 1147 robur,

197 1167 239 1194 vel
254 1167 379 1193 universa
395 1166 486 1201 potius
503 1165 579 1197 Asia,
595 1164 732 1199 siquidem
752 1167 778 1190 ct
792 1164 850 1198 ipsa
874 1169 983 1197 quoque

198 1213 282 1248 Libya
297 1220 350 1240 non
367 1213 471 1244 aderat,
487 1220 546 1246 qum
563 1211 613 1239 sibi
630 1210 776 1238 convenire
798 1209 940 1243 putabant,
954 1211 984 1234 ut

200 1268 246 1294 per
263 1267 337 1286 mare
354 1259 457 1293 pedites
474 1257 641 1288 incederent,
667 1260 813 1289 terrasque
832 1254 933 1281 solidas
958 1257 985 1280 et

199 1308 371 1334 continentes
387 1305 502 1340 navigiis
518 1303 721 1338 transjiCerent,
745 1305 773 1329 et
800 1301 917 1328 urbibus
933 1307 985 1326 nu-

200 1353 301 1380 merari
317 1352 515 1379 medimnorum
528 1350 554 1376 in
569 1357 670 1376 morem
693 1352 865 1382 repererunt,
883 1350 911 1373 et
923 1346 985 1372 inn-

200 1400 290 1427 silatis
307 1399 388 1425 rebus
407 1404 493 1431 usque
523 1396 592 1423 adeo
609 1395 769 1431 studebant,
798 1397 828 1420 ut
844 1392 985 1428 Lpusillum

200 1446 342 1476 ducerent,
358 1443 380 1470 si
398 1450 451 1469 non
467 1442 509 1469 his
522 1441 587 1468 solis
601 1441 675 1468 omni
699 1440 820 1474 subjecta
837 1439 888 1467 soli
914 1444 986 1465 terra

202 1491 354 1524 potirentur
368 1487 568 1523 (turpissimum
587 1493 703 1520 namque
719 1485 787 1517 fore,
805 1485 827 1512 si
853 1483 894 1511 vel
916 1482 987 1510 bello

203 1539 278 1561 esset
309 1540 377 1568 opus
410 1533 543 1559 adversus
566 1538 747 1566 quoscunque
778 1530 918 1562 mortales,
940 1531 987 1554 aut

202 1579 334 1607 adversus
349 1585 444 1606 omnes
462 1578 591 1612 pariter):
609 1577 666 1604 haec
684 1583 750 1611 ergo
767 1576 914 1603 nmltitudo
927 1575 988 1602 bar-

203 1627 305 1658 barica,
325 1633 378 1660 qua
394 1624 508 1652 inferior
521 1625 609 1652 omnis
626 1627 685 1650 erat
709 1622 849 1657 cogitatio,
879 1629 893 1648 a
921 1629 987 1656 pau-

202 1674 243 1701 cis
258 1672 405 1699 admodum
435 1671 504 1698 victa
531 1670 662 1696 militibus
682 1673 733 1700 est,
763 1667 811 1695 sed
839 1667 885 1701 qui
914 1666 986 1701 digni

203 1719 296 1747 multis
315 1714 407 1746 essent
420 1717 549 1753 praemiis.
565 1716 649 1742 Erant
667 1715 693 1742 hi
710 1714 903 1745 Athenienses,
918 1719 989 1748 quos

203 1772 343 1793 armorum
374 1764 481 1800 peritia,
502 1767 530 1790 et
549 1761 631 1789 animi
648 1761 818 1793 fortitudine,
839 1760 931 1787 multis
945 1764 989 1786 at-

203 1821 256 1849 que
271 1813 354 1849 claris
381 1813 483 1848 potitos
502 1811 624 1844 corortis,
642 1815 697 1837 tum
718 1809 828 1845 priscis,
848 1814 905 1836 tum
929 1816 991 1844 pro-

205 1861 286 1888 ximis
301 1859 480 1894 temporibus,
497 1865 530 1885 ne
554 1857 581 1884 id
607 1857 716 1892 quidem
744 1856 865 1891 prndium
894 1855 990 1882 iisdem

205 1907 341 1942 spoliavit.
360 1905 416 1932 lmo
432 1905 513 1938 longe
539 1903 741 1938 pulchrioribus
770 1907 798 1929 et
829 1901 990 1937 majoribus,

206 1961 287 1988 quam
316 1952 368 1979 illa:
387 1952 491 1986 priores
524 1950 643 1981 fuerant,
666 1950 722 1976 haec
751 1950 790 1976 eis
816 1948 991 1976 benefacicns

206 2007 295 2035 pugna
311 2003 393 2033 caput
411 1996 527 2024 ornavit.
548 1995 599 2022 Par
611 1995 683 2022 enim
701 1998 772 2026 erat,
789 2000 819 2021 ut
832 1994 904 2029 quod
923 2001 992 2028 prm-

205 2046 270 2073 lmm
289 2044 429 2080 pulchrius
443 2048 524 2077 atque
542 2042 629 2076 majus
654 2041 752 2068 fuisset
766 2041 828 2067 aliis
853 2039 991 2072 onmibus,

207 2095 297 2120 antca'
313 2090 452 2126 pugnatis,
473 2089 498 2116 id
516 2094 569 2115 tam
595 2088 659 2119 sibi,
677 2095 757 2121 quant
786 2086 928 2116 militibus,
945 2085 992 2119 qui

206 2148 263 2168 rem
282 2138 487 2174 praeclarissime
518 2135 677 2169 gessissent.
703 2132 854 2160 consimilia
884 2139 994 2166 quoque

1029 893 1151 924 ἅπαντα,
1170 893 1194 918 ει
1209 891 1331 927 βούλοιτό
1349 899 1390 921 τις
1405 890 1511 923 ἐκείνην
1534 888 1701 924 ἐξαριθμεῖν,
1726 889 1743 923 ἠ
1773 887 1814 921 τῷ

1032 940 1130 976 ῥᾳδίως
1141 939 1181 970 είς
1197 938 1261 972 ἔθνη
1277 936 1426 971 πάμπολλα
1442 935 1614 969 είσκωμάσαι
1639 933 1814 967 δεδυνῆσθαι,

1032 987 1149 1013 ὕστατον
1177 984 1287 1011 πάντων
1306 983 1436 1017 ἐκώμασε
1461 983 1578 1016 κακίστη
1608 980 1691 1015 μοίρᾳ
1714 979 1816 1012 ἑαυτῆς

1032 1033 1072 1063 είς
1090 1032 1145 1066 γῆν
1171 1030 1327 1065 ἀνθρώποις
1355 1029 1522 1064 τρέφουσαν,
1541 1028 1641 1062 ὕστερα
1663 1027 1754 1053 πάντα
1772 1025 1818 1052 θε-

1034 1079 1132 1114 μένους
1151 1077 1198 1104 τοῦ
1213 1076 1298 1103 καλοῦ
1315 1075 1360 1102 καὶ
1391 1076 1441 1110 τῆς
1461 1074 1572 1110 ἀρετῆς.
1596 1073 1672 1109 Αὕτη
1691 1074 1718 1099 δὲ
1734 1074 1750 1108 ἠ
1766 1081 1818 1108 τη-

1032 1124 1151 1159 λικαύτη
1167 1124 1215 1152 καὶ
1230 1122 1349 1157 τοσαύτη
1366 1122 1492 1157 δύναμις,
1513 1121 1530 1156 ή
1548 1122 1622 1147 πᾶσα
1651 1120 1701 1156 τῆς
1724 1119 1819 1151 Ἀσίας

1036 1171 1124 1206 ἰσχὺς,
1143 1169 1245 1204 μᾶλλον
1274 1169 1302 1195 δὲ
1318 1168 1398 1195 Ἀσία
1429 1168 1514 1200 πᾶσα,
1534 1168 1558 1194 εί
1590 1168 1627 1202 μὴ
1662 1166 1710 1193 καὶ
1732 1165 1818 1200 Λιῦὑη

1035 1217 1153 1252 προσῆν,
1167 1215 1183 1251 ἢ
1200 1215 1327 1247 πεζεύειν
1345 1214 1484 1241 θάλασσαν
1503 1214 1573 1248 αὐτῇ
1590 1213 1729 1248 προσῆκον
1745 1213 1821 1247 ἡγεῖ-

1035 1270 1077 1292 το,
1095 1261 1143 1287 καὶ
1153 1261 1231 1287 πλεῖν
1240 1259 1373 1294 ἠπείρους
1384 1260 1433 1285 οὐκ
1446 1259 1574 1294 ἀπηξίου,
1589 1259 1684 1285 πόλεσι
1698 1266 1726 1284 τε
1741 1257 1821 1293 ἀριθ-

1038 1308 1148 1342 μεῖσθαι
1167 1306 1304 1341 μεδίμνων
1317 1306 1395 1341 δίκην
1410 1307 1565 1340 ἐξεύρισκε,
1583 1306 1631 1332 καὶ
1647 1305 1754 1331 τοσόνδε
1764 1306 1821 1335 τοῖς

1037 1355 1142 1385 καινοῖς
1159 1353 1353 1388 ἐφιλοτιμεῖτο,
1369 1352 1406 1383 ὡς
1423 1353 1521 1388 μικρὸν
1543 1352 1614 1379 πάνυ
1632 1351 1768 1386 νομίζειν,
1795 1351 1819 1377 εί

1039 1400 1077 1435 μὴ
1093 1401 1184 1434 μόνοις
1199 1399 1319 1425 τουτοισὶ
1332 1398 1382 1432 τῆς
1401 1399 1446 1432 ὑφ’
1462 1398 1529 1433 ἡλίῳ
1557 1399 1725 1433 κρατήσειεν
1753 1397 1823 1430 (ἐσε-

1040 1445 1101 1471 σθαι
1117 1445 1171 1479 γὰρ
1186 1444 1240 1470 τῶν
1258 1444 1418 1479 αἰσχίστων,
1433 1444 1457 1469 εί
1482 1443 1530 1469 καί
1555 1452 1626 1474 τινος
1644 1442 1714 1478 αὐτῇ
1743 1442 1823 1468 πολέ-

1001 1507 1023 1538 C
1041 1499 1092 1525 μου
1109 1490 1215 1525 δεήσειε
1231 1489 1298 1523 πρὸς
1313 1487 1492 1515 οὑστινασοῦν
1507 1488 1562 1514 τῶν
1580 1488 1722 1520 ἁπάντων,
1743 1487 1759 1522 ῆ
1775 1489 1824 1514 καὶ

1039 1539 1107 1572 πρὸς
1119 1536 1224 1566 πάντας
1237 1535 1301 1570 ἑξῆς
1321 1535 1493 1570 ἀνθρώπους)
1509 1542 1516 1549 ·
1533 1534 1602 1569 αὕτη
1618 1535 1734 1569 τοίνυνή
1755 1536 1824 1568 πλη-

1040 1583 1089 1615 θὺς
1102 1583 1119 1618 ἡ
1135 1582 1302 1618 βαρϐαρικὴ,
1319 1579 1353 1617 ἦς
1377 1581 1510 1616 λογισμὸς
1537 1581 1610 1612 ἄπας
1629 1581 1743 1616 ἥττητο,
1768 1581 1825 1607 ὀλί-

1039 1640 1097 1665 γων
1114 1631 1185 1657 πάνυ
1200 1624 1376 1664 στρατιωτῶν
1391 1629 1520 1663 ἥττηται,
1543 1628 1648 1654 πολλῶν
1677 1636 1709 1662 γε
1732 1630 1824 1662 μέντοι

1040 1676 1131 1711 γερῶν
1143 1676 1238 1708 ἀξίων,
1261 1674 1413 1709 ’Δθηναίων
1425 1671 1498 1701 οὗτοι
1523 1675 1626 1707 παῖδες,
1644 1673 1691 1704 οὓς
1719 1674 1825 1700 πολλῶν

1041 1732 1070 1750 τε
1087 1723 1133 1749 καὶ
1150 1722 1285 1757 λαμπρῶν
1305 1721 1491 1755 τετυχηκότας
1509 1721 1649 1756 στεφάνων
1666 1722 1722 1752 τοῖς
1740 1721 1825 1747 πάλαι

1042 1769 1158 1804 χρόνοις,
1177 1768 1224 1794 καὶ
1244 1768 1298 1799 τοῖς
1313 1766 1407 1800 ἐγγὺς,
1422 1766 1514 1793 ὃπλων
1543 1767 1676 1802 ἐμπειρίᾳ
1693 1767 1740 1793 καὶ
1760 1775 1826 1801 γεν-

1042 1815 1176 1850 ναιότητι,
1190 1814 1245 1841 οὐδ’
1261 1815 1274 1841 ὁ
1293 1813 1448 1849 τηνικαῦτα.
1473 1813 1591 1849 πόλεμος
1617 1814 1729 1840 ἐκείνων
1754 1814 1828 1840 ἐστέ·

1045 1869 1123 1896 ρησε.
1154 1860 1248 1896 Πολλῷ
1276 1861 1325 1895 μὲν
1354 1860 1400 1887 οὖν
1431 1860 1555 1887 καλλίοτι
1576 1861 1622 1887 καὶ
1637 1859 1744 1895 μείζοσι
1772 1861 1826 1886 τῶν

1044 1907 1206 1942 φθασάντων
1227 1908 1308 1938 αὐτᾶς
1332 1915 1365 1941 γε
1394 1906 1500 1938 τούτοις
1526 1903 1562 1932 εὖ·
1576 1906 1661 1933 ποιῶν
1688 1907 1827 1942 ἐκόσμησε

1044 1955 1178 1990 κεφαλήν.
1200 1954 1275 1980 Ἔδει
1290 1955 1345 1989 γὰρ
1371 1949 1582 1980 αὺτδν’καλλίω
1607 1953 1654 1980 καὶ
1670 1953 1754 1987 μείζω
1774 1954 1829 1979 τῶν

1044 2001 1098 2036 πρὸ
1122 2000 1206 2028 αὑτοῦ
1227 2000 1413 2036 γεγενημένον
1441 2000 1582 2032 ἁπάντων,
1609 1998 1698 2034 ὲαυτῷ
1723 2007 1751 2025 τε
1781 1999 1829 2025 καὶ

1044 2049 1101 2078 τοῖς
1129 2046 1310 2081 ἀριστεύσασι
1338 2046 1470 2081 παρέχειν
1498 2043 1567 2073 ἆθλα
1590 2046 1757 2080 κατάλληλα,
1789 2047 1830 2072 αι-

1044 2093 1177 2128 δούμενον
1217 2093 1265 2128 μὲν
1294 2093 1452 2128 φιλοτιμίαν
1480 2093 1530 2128 τὴν
1564 2092 1671 2127 ἀληθῆ,
1704 2089 1830 2126 γενναιό-

1045 2148 1106 2175 τητι
1144 2139 1378 2175 λαμπρυνομένην
1416 2139 1563 2172 ἐπιεικῶς,
1601 2139 1760 2174 αἰδούμενον
1802 2139 1830 2166 δὲ

207 2185 316 2222 praemia
349 2184 483 2211 deiraret:
513 2182 549 2209 ob
575 2180 756 2207 reverentiam
793 2179 892 2213 partim
925 2185 985 2204 vera

1047 2186 1158 2221 ἀνδρίαν
1188 2186 1333 2220 ὑπερφυᾶ,
1369 2185 1530 2222 σωφροσύνῃ
1559 2186 1608 2221 μὲν
1638 2187 1754 2221 μεγίστῃ
1786 2194 1832 2212 κε-

207 2230 448 2268 magnanimitatis,
467 2236 527 2263 quze
547 2227 647 2262 insigni
665 2225 849 2260 generositate
866 2224 992 2259 splende-

208 2285 265 2312 ret;
281 2278 381 2313 partim
412 2274 581 2303 f0rtitndinis
605 2273 724 2305 eximiae,
747 2280 809 2307 qua:
828 2277 856 2299 et
883 2271 992 2298 modes-

207 2326 243 2353 tia
265 2325 383 2351 maxima
401 2327 475 2350 esset
500 2325 608 2354 ornata,
638 2324 665 2347 et
681 2318 819 2347 consimili
849 2317 991 2353 prudentia

206 2372 368 2406 conspicua,
386 2377 548 2404 semperque
561 2368 676 2403 iustitiae
702 2373 805 2399 comes,
822 2372 884 2392 cum
905 2363 993 2391 virtu-

208 2421 279 2447 tibus
305 2419 345 2446 eis
362 2417 502 2452 subjectis.
521 2415 588 2442 Nam
612 2414 683 2450 quod
709 2412 875 2448 particulare
902 2415 953 2443 est,
978 2417 993 2437 a

207 2466 294 2499 magis
312 2465 431 2500 generali
450 2468 476 2490 et
495 2466 611 2497 cognato
626 2467 737 2488 necesse
754 2463 796 2486 est
813 2457 995 2493 comprehen-

206 2512 297 2540 datur.
316 2511 346 2538 ln
363 2511 435 2538 hunc
453 2510 561 2537 modum
578 2508 667 2536 σπεειί
684 2515 747 2542 erga
774 2513 883 2534 omnem
909 2505 994 2533 virtu-

207 2564 260 2586 tem
287 2558 479 2589 Atlienienses,
504 2563 597 2591 pacem
622 2555 708 2591 pluris
738 2553 884 2586 faciebant,
913 2560 994 2588 quam

207 2605 354 2632 multorum
371 2609 448 2630 terrae
473 2602 600 2637 ingerunt
615 2602 843 2636 acquisitionem:
860 2600 996 2634 simulque

207 2651 314 2683 Persas,
331 2650 491 2686 iniuriarum
507 2654 634 2676 auctores
651 2653 678 2676 et
700 2656 807 2680 avaros,
823 2655 878 2674 non
898 2654 913 2673 a
939 2646 996 2674 solo

208 2705 312 2726 tantum
330 2706 380 2725 suo
398 2697 547 2733 patriisque
559 2696 686 2729 sedibus;
707 2703 800 2722 verum
815 2699 871 2722 tota
887 2700 997 2729 quoque

207 2743 309 2771 Graacia
328 2743 506 2778 depellebant.
524 2742 556 2768 Et
577 2742 633 2768 huic
655 2748 720 2768 sane
751 2741 840 2767 facere
872 2746 926 2766 non
950 2737 998 2765 de-

208 2790 278 2817 siere
292 2797 399 2816 summa
418 2797 479 2816 cum
500 2788 701 2819 moderatione,
719 2794 779 2821 quae
796 2784 915 2820 cepissét
929 2783 997 2811 olim

209 2835 243 2862 ab
260 2836 326 2867 ipsis
344 2827 495 2867 maioribus
510 2841 572 2862 cum
587 2833 758 2868 praecedente
770 2832 849 2860 bonis
869 2832 895 2859 in
915 2830 997 2858 rebus

1046 2233 1239 2266 κοσμημένην,
1254 2231 1383 2265 φρονήσει
1406 2231 1433 2257 δὲ
1455 2231 1538 2266 ὁμοίᾳ
1558 2231 1589 2257 τὸ
1602 2231 1663 2257 κατ’
1675 2231 1761 2265 αὐτὴν
1774 2232 1832 2258 ἐπι-

1044 2278 1229 2313 δεδειγμένην,
1253 2276 1299 2303 καὶ
1323 2277 1366 2303 ἀεὶ
1391 2277 1438 2303 σὺν
1462 2277 1500 2312 τῷ
1524 2277 1620 2312 δικαίῳ
1645 2277 1832 2312 πεζευομένην

1045 2324 1104 2358 ἃμα
1118 2332 1149 2358 γε
1164 2325 1224 2354 ταῖς
1239 2323 1286 2349 ὑπ’
1298 2322 1383 2354 αὑτὰς
1400 2323 1522 2357 ἀρεταῖς.
1539 2323 1576 2349 Τὸ
1591 2323 1646 2358 γὰρ
1661 2323 1693 2358 δὴ
1710 2324 1833 2358 μερικῶ-

1043 2378 1122 2405 τερον
1138 2370 1273 2403 ἀνάγκαις
1292 2369 1392 2400 πάσαις
1410 2368 1643 2404 περιληφθήσεται
1659 2369 1699 2404 τῷ
1716 2377 1833 2402 γενικω-

1045 2416 1115 2450 τέρῳ
1138 2414 1185 2441 καὶ
1208 2414 1346 2448 συγγενεῖ.
1370 2413 1449 2440 Οὒτω
1471 2414 1504 2448 δὴ
1528 2414 1597 2449 προς
1621 2414 1713 2440 πᾶσαν
1735 2414 1834 2448 ἀρετὴν

1046 2462 1154 2496 ἔχοντες
1167 2461 1315 2495 Ἀθηναῖοι,
1330 2460 1432 2495 ἐτίμων
1446 2461 1494 2495 μὲν
1508 2461 1631 2495 εἰρήνην,
1645 2461 1698 2495 πρὸ
1711 2460 1757 2486 τοῦ
1771 2460 1835 2486 πλέ-

1047 2507 1100 2542 θρα
1126 2506 1276 2541 πάμπολλα
1291 2506 1343 2540 γῆς
1370 2506 1518 2540 κερδᾶναι·
1532 2505 1596 2536 τοὺς
1620 2505 1648 2531 δὲ
1675 2505 1834 2540 ὗὸρίζοντας

1047 2553 1094 2580 καὶ
1113 2553 1278 2581 πλεονέκτας
1298 2549 1459 2585 ἀνθρώπους
1480 2549 1511 2576 οὐ
1534 2549 1615 2583 μόνον
1630 2547 1682 2582 τῆς
1701 2548 1833 2582 σφετέρας

1048 2599 1138 2626 αὐτῶν
1152 2598 1215 2633 γῆς,
1229 2597 1276 2624 καὶ
1289 2598 1342 2624 τῶν
1357 2597 1479 2631 πατρίων
1493 2595 1577 2630 ἠθῶν,
1591 2595 1658 2622 ἀλλά
1674 2595 1720 2621 καὶ
1736 2594 1834 2625 παντὸς

1047 2646 1182 2681 ἠμύνοντο
1202 2644 1250 2671 τοῦ
1268 2642 1438 2678 Ἑλληνικοῦ.
1458 2643 1512 2669 Καὶ
1533 2642 1620 2668 ταῦτα
1642 2642 1674 2676 δὴ
1695 2641 1835 2671 ποιοῦντες

1048 2691 1254 2719 διατετελέκασι
1271 2689 1339 2726 μετὰ
1356 2689 1440 2724 πόσης
1455 2688 1506 2715 οἴει
1523 2687 1711 2722 μετριότητος,
1726 2687 1836 2722 πόρῤω-

1050 2738 1096 2764 θεν
1120 2738 1169 2772 μὲν
1192 2737 1335 2772 ἠργμένης
1357 2736 1390 2761 ὲκ
1412 2735 1466 2761 τῶν
1488 2734 1629 2769 προγόνων
1655 2734 1725 2767 μετὰ
1747 2733 1835 2765 πάσης

1051 2784 1286 2819 προηγησαμένης
1304 2780 1460 2813 πλεονεξίας
1475 2780 1530 2806 τῶν
1546 2779 1658 2814 ἀγαθῶν
1669 2799 1676 2810 ,
1691 2778 1836 2811 κατιούσης

1050 2829 1078 2855 δε
1098 2828 1220 2860 δικαίως,
1242 2827 1337 2861 ὥσπερ
1358 2834 1400 2857 τις
1422 2825 1533 2859 κλῆρος,
1554 2825 1685 2857 χρηστοῖς
1705 2823 1836 2856 ἐκγόνοις,
