1937 3078
124 197 179 229 393
578 191 582 196 ”
849 197 990 227 οιιΑτιο
1012 197 1033 228 ι.
1691 191 1744 222 39t

122 254 260 290 χρηστοὺς
275 253 389 289 ζηλοῦσι
401 254 508 288 γονέας.
522 253 640 289 ᾜδεσαν
653 253 709 289 γὰρ
719 272 727 286 ,
742 254 779 286 ὡς
793 255 910 288 ταυτησὶ

973 254 1218 286 uuniexeellcntia,
1234 253 1385 287 meritoque
1403 253 1476 280 velut
1497 253 1641 280 hzereditas
1670 261 1746 287 quat-

124 302 163 336 μὴ
183 299 325 336 παρούσης
344 300 399 326 οὐδ’
411 299 484 326 ἅπαν
499 300 531 326 τὸ
546 300 596 334 τῆς
615 299 719 336 ἀρετῆς
738 301 834 335 χρῆμα
853 299 910 326 οἶόν

123 355 154 374 τε
181 346 317 373 συνοίσειν
341 345 498 381 ἀνθρώπῳ·
527 346 591 380 περὶ
615 342 648 381 ἦς
674 353 706 379 γε
732 345 911 380 μετριότητος

125 391 246 429 ὲροῦμέν
266 401 294 419 τι
314 391 542 427 προύργιαίτερον
562 391 633 417 κατὰ
654 391 752 426 σχολὴν
775 391 844 425 μετὰ
863 391 910 417 τοῦ

125 438 235 473 καιροῦ,
258 438 454 472 συναιρομένου
474 438 520 464 τοῦ
543 437 707 472 κρείττονος.
730 437 788 464 Νῦν
808 436 837 463 δὶ
857 437 911 463 τῶν

127 484 317 520 προκειμένων
330 483 467 518 ἐχώμεθα.
482 483 555 510 Ἔδει
572 484 622 518 μὲν
635 483 730 516 οὖν,Έί
746 483 794 509 καὶ
809 482 911 512 πάντας

127 531 250 566 ἐλελήθει
273 530 430 565 βαρϐάρους
451 530 481 557 τὸ
503 531 553 565 τῆς
576 530 678 566 ἀρετῆς
699 529 808 564 περιὸν,
830 529 911 556 αὐτὴν

126 576 194 610 γοῦν
214 576 326 611 βασιλέα
349 577 387 610 μὴ
407 575 558 611 λεληθέναι,
582 575 649 609 μηδὲ
670 574 791 610 νομίζειν
814 574 912 609 πλήθει

127 621 277 656 κρατήσειν
294 621 521 656 προαιρουμένων
539 619 650 654 πολέμῳ
667 619 779 646 πίπτειν
796 619 848 654 πρὸ
864 619 911 645 τοῦ

127 666 250 702 δεδέχθαι
262 675 289 692 τι
304 666 358 692 τῶν
373 666 506 701 αἰσχρῶν.
517 665 623 698 Ἐδειξε
639 665 694 701 γὰρ
709 666 723 691 ὁ
739 666 834 700 χρόνος
847 666 911 696 τοὺς

128 712 229 747 ἄνδρας
245 711 339 739 τούσδε
356 711 448 745 πολλῷ
464 720 496 746 γε
514 712 641 746 κρεῖττον
657 710 866 745 ἀσπαζομένους
881 710 912 736 τὸ

130 756 190 792 μεθ’
202 756 290 783 ὅπλων
305 756 525 791 ἀγωνιζομένους
537 755 665 784 τεθνάναι
680 756 751 792 ὑπὲρ
764 755 819 782 τῶν
835 755 911 790 σφίσι

127 801 322 836 διαφερόντων,
335 801 352 836 ἢ
365 801 438 833 τινὲς
453 801 622 834 ἀσπάζονται
637 800 808 836 πανηγύρεις
819 801 912 838 τρυφῇ

129 847 176 874 καὶ
189 846 311 882 ῥᾳθυμίᾳ
324 847 544 882 προσηλωμένοι.
559 847 589 874 ’0
602 846 630 873 δὲ
642 848 676 882 τῇ
689 846 743 873 τῶν
755 846 912 881 εὐτυχημά-

129 900 184 918 των
200 891 358 927 κραιπάλῃ,
374 886 420 919 καὶ
435 893 470 927 τῇ
489 892 572 927 μανίᾳ
589 891 643 918 τῶν
660 890 734 926 αὐτῷ
752 891 910 926 προσδοκω-

132 939 220 974 μένων
234 938 456 974 κατορθωμάτων
469 938 595 974 καθάπερ
610 937 686 973 κῦμα
698 938 812 965 τύπτειν
824 936 911 972 ἠξίου,

130 983 205 1011 εἶκον
218 984 328 1020 ἀνέμοις
343 985 419 1019 παρὰ
434 985 464 1011 τδ
479 984 558 1017 δόξαν
573 983 647 1019 αὑτῷ
660 992 667 1001 ’
684 984 757 1011 οὕτω
771 983 913 1010 κάνταῦθα

130 1030 257 1064 νενόμικε
272 1029 453 1065 (Θρασύτητος
467 1029 596 1064 ἀκρασία)
612 1029 715 1057 καπηιοῦ
727 1038 754 1056 τι
770 1029 852 1064 μέρος
865 1029 914 1063 ἀρ-

130 1077 223 1104 κέσειν
235 1075 309 1111 αὐτῷ
322 1076 369 1102 τοῦ
384 1076 413 1102 ὲν
427 1077 460 1111 τῇ
475 1075 548 1111 ψυχῇ
565 1068 650 1111 πυρός
665 1075 783 1108 ζέοντος,
799 1075 870 1109 λέγω
883 1074 915 1110 δὴ

131 1125 180 1150 τοῦ
193 1123 269 1158 παρὰ
282 1123 359 1156 λόγον
373 1122 472 1157 θυμοῦ,
486 1122 620 1149 πασσυδεὶ
631 1122 694 1152 τοὺς
702 1121 837 1156 Ἕλληνας
851 1122 915 1148 ἁνα-

132 1168 231 1196 λῶσαι.
253 1168 322 1195 Ἀλλ’
338 1169 355 1203 ἡ
379 1168 427 1202 τῆς
453 1168 569 1202 ἀκαίρου
595 1167 752 1203 φιλοτιμίας
779 1167 916 1202 ὑπερϐολὴ

132 1214 210 1241 οὐδὲν
229 1214 325 1248 ἐκείνῳ
344 1212 427 1248 τιμῆς
449 1213 581 1248 ἀπένειμε
593 1221 600 1230 ι
625 1213 692 1247 πρὸς
712 1212 741 1239 δὲ
760 1213 917 1240 τούναντίον

134 1259 228 1294 σαφῶς
248 1258 322 1293 αὑτῷ
343 1258 392 1293 τὴν
414 1258 579 1294 προσδοκίαν
600 1257 793 1293 άντέστρεψεν.
813 1257 842 1285 ’0
861 1257 917 1293 γὰρ

134 1308 168 1342 τῇ
185 1306 283 1341 βροντῇ
298 1305 348 1340 τῆς
365 1305 459 1341 φήμης
474 1304 507 1330 τὰ
523 1303 577 1330 τῶν
593 1303 699 1330 πολλῶν
717 1304 838 1339 κυκήσας
856 1311 918 1338 φρο-

135 1353 252 1388 νήματα.
267 1352 314 1379 καὶ
327 1350 438 1382 τούτους
453 1349 543 1383 δείξας
557 1349 782 1385 καλινδουμένους
796 1349 850 1384 πρὸ
864 1349 918 1375 τῶν

136 1397 225 1425 ποδῶν
248 1397 341 1430 αὑτοῦ,
366 1394 516 1431 φθάνοντας
541 1396 575 1424 τὰ
598 1397 676 1422 τοῦδε
703 1394 918 1432 προστάγματα,

136 1445 250 1480 ἀκονητὶ
270 1445 316 1471 καὶ
333 1445 383 1480 τὴν
399 1443 514 1471 Ἐλλάδα
534 1442 762 1478 προσκτήσασθαι
782 1443 918 1476 φανταζό-

139 1500 219 1526 μενος
229 1512 237 1524 ,
256 1491 303 1518 καὶ
321 1490 482 1526 παμπληθεὶ
496 1489 528 1517 τὺ
542 1489 700 1524 Ἑλληνικὸν
716 1489 841 1525 καθάπερ
858 1491 921 1517 παῖ-

137 1539 185 1571 δάς
206 1547 281 1570 τινας
303 1538 385 1570 ἑλεῖν,
409 1536 506 1569 παῖδας
528 1545 560 1571 γε
583 1536 637 1564 τῶν
658 1536 855 1571 θρυπτομένων
875 1537 920 1562 ἐπ’

964 300 1025 327 dam
1039 300 1164 328 devoluta
1181 303 1252 327 esset
1266 300 1298 326 ad
1313 303 1437 334 posteros
1449 299 1531 332 frugi.
1552 299 1622 332 frugi
1641 307 1747 334 paren—

965 351 1021 373 tum
1037 346 1218 373 mmulatores.
1235 345 1338 372 Norant
1351 345 1435 377 enim,
1456 345 1478 372 si
1498 345 1555 372 haec
1569 353 1622 372 non
1638 345 1747 372 adesset

964 400 999 420 ne
1015 392 1123 427 quidem
1137 392 1292 419 universam
1307 391 1412 418 virtutis
1424 392 1475 417 vim
1501 390 1603 417 homini
1618 391 1747 423 prodesse

963 446 1065 474 posse:
1085 439 1119 466 de
1127 446 1194 472 .qua
1206 438 1393 466 moderatione
1409 438 1561 465 studiosius
1582 437 1684 471 aliquid
1700 445 1748 471 per

965 483 1062 517 otium,
1081 484 1174 511 divino
1189 483 1302 518 juvante
1316 483 1440 516 numine,
1455 490 1506 510 suo
1521 488 1644 517 tempore
1659 483 1749 516 profe-

965 537 1068 557 remus.
1088 529 1167 556 Nunc
1184 529 1228 561 iis,
1246 537 1306 563 qua:
1324 529 1461 562 proposita
1480 528 1559 555 nobis
1577 533 1652 558 sunt.
1680 529 1747 554 lusi-

964 580 1080 603 stamus.
1097 574 1175 602 Licet
1199 582 1274 608 ergo.
1297 582 1357 608 quae
1382 575 1492 601 virtutis
1518 575 1675 607 prastantia
1701 574 1748 604 sit.

963 629 1060 649 omnes
1073 620 1351 656 ignorarentBarbari
1365 628 1374 652 ;
1400 628 1490 655 regem
1505 620 1593 654 ipsum
1610 620 1636 647 id
1652 620 1748 648 saltem

964 668 1092 703 ignorare
1107 675 1162 694 non
1185 667 1320 701 oportuit,
1340 674 1429 701 neque
1453 671 1550 701 putare
1567 667 1700 697 futurum,
1720 672 1750 692 ut

964 715 1108 742 hominum
1125 713 1212 748 copiis
1237 720 1285 740 eos
1304 713 1332 739 in
1352 716 1514 746 potestatem
1534 712 1678 745 redigeret.
1702 712 1750 746 qui

965 760 1035 787 bello
1061 759 1160 787 cadere
1188 758 1315 789 mallent.
1341 765 1422 790 quam
1452 761 1532 792 turpe
1558 757 1622 792 quid
1649 758 1753 785 admit;

964 813 1031 835 tere.
1060 806 1169 841 Quippe
1197 811 1306 840 tempus
1323 805 1411 837 ipsum
1431 804 1592 836 declaravit,
1620 804 1664 831 bis
1683 805 1750 831 viris

963 853 1042 888 longe
1055 851 1140 879 fuisse
1154 851 1276 884 churius,
1293 850 1316 878 si
1337 850 1444 883 armati,
1460 857 1509 884 pro
1525 850 1606 876 rebus
1628 851 1687 877 suis
1711 849 1754 876 div

964 898 1109 930 micantes,
1134 897 1350 927 occumberent,
1378 903 1460 930 quam
1478 894 1549 928 aliis,
1575 894 1708 929 voluptati
1725 898 1752 921 et

964 942 1079 977 ignaviae
1093 941 1207 973 deditis,
1231 942 1301 976 grati
1324 941 1452 968 ludorum
1472 939 1534 968 testi
1549 940 1609 967 dies
1625 947 1685 967 esse
1703 947 1751 966 so-

963 988 1046 1015 leant.
1058 986 1163 1015 Xerxes
1178 994 1242 1014 vero
1250 994 1441 1022 prosperorum
1451 993 1628 1013 successuum
1642 982 1753 1019 crapula

965 1034 1044 1068 quasi
1059 1033 1176 1068 quadam
1196 1033 1341 1067 impulsus,
1367 1036 1394 1059 et
1408 1031 1503 1058 furore
1519 1032 1643 1066 profecto
1658 1032 1692 1058 de
1705 1039 1753 1065 spe

967 1079 1148 1114 gerendarum
1167 1078 1285 1105 feliciter
1300 1085 1402 1109 rerum,
1416 1077 1499 1104 veluti
1517 1084 1591 1104 mare
1602 1077 1679 1111 prius
1691 1084 1753 1104 ver-

967 1125 1056 1152 berari
1073 1124 1206 1159 iusserat,
1238 1123 1311 1157 quod
1339 1123 1428 1150 ventis
1460 1126 1559 1157 prmter
1586 1123 1752 1149 voluntatem

968 1179 1044 1199 suam
1060 1171 1185 1202 cederet;
1202 1170 1239 1197 ita
1255 1169 1368 1204 putabat
1383 1168 1427 1196 hic
1438 1175 1547 1203 quoque
1563 1169 1593 1202 (0
1617 1169 1754 1202 intempe-

967 1222 1073 1245 rantem
1094 1215 1248 1252 audaciam)
1266 1216 1375 1251 paulum
1395 1215 1461 1242 fumi
1477 1215 1510 1242 de
1534 1215 1594 1249 igne
1621 1215 1669 1250 qui
1694 1215 1754 1248 ejus

970 1265 996 1290 in
1015 1263 1107 1290 animo
1120 1262 1257 1297 ﬂagraret,
1283 1261 1318 1289 de
1346 1261 1487 1288 iracundia
1511 1260 1625 1288 rationis
1641 1265 1755 1294 experte

969 1309 1041 1342 dico,
1054 1308 1156 1336 Graecis
1166 1308 1289 1335 funditus
1301 1307 1479 1334 absumendis
1494 1306 1685 1333 suffecturum.
1700 1305 1754 1333 Sed

971 1355 1055 1382 nimia
1072 1355 1112 1382 vis
1126 1354 1239 1382 absurdi
1266 1354 1348 1382 studii
1367 1354 1432 1381 nihil
1448 1354 1473 1381 ei
1499 1353 1602 1388 peperit
1629 1353 1754 1385 honoris,

970 1408 1003 1428 ac
1018 1401 1156 1428 diversum
1172 1400 1264 1435 potius
1296 1401 1399 1430 exitum
1424 1400 1482 1434 spei
1502 1399 1586 1427 dedit.
1615 1398 1682 1426 Nam
1707 1397 1756 1433 qui

971 1447 1091 1475 rumoris
1107 1447 1210 1474 tonitru
1224 1446 1406 1481 complurium
1417 1440 1626 1480 perturbaverat
1635 1445 1756 1476 animos,

972 1501 1060 1528 eoque
1075 1493 1227 1528 redegerat,
1248 1497 1278 1520 ut
1294 1492 1427 1527 imperata
1456 1492 1541 1526 ipsius
1559 1491 1755 1526 anticipantes.

973 1539 1006 1566 ad
1019 1539 1101 1573 pedes
1117 1538 1177 1573 ejus
1192 1545 1252 1566 sese
1267 1541 1491 1573 prosternerent;
1507 1537 1573 1564 dum
1588 1538 1691 1572 absque
1715 1537 1758 1564 la-

137 1585 253 1619 ἀγορᾶς,
275 1583 323 1610 καὶ
348 1582 536 1618 προσεχόντων
558 1581 711 1616 ἁθύρμασι,
734 1581 782 1608 καὶ
805 1581 920 1616 μηδενὸς

973 1585 1038 1612 bore
1050 1592 1080 1613 se
1095 1583 1226 1612 Graeciam
1245 1591 1355 1619 quoque
1376 1583 1472 1611 ditioni
1500 1583 1669 1617 adiecturum
1688 1584 1758 1610 ima-

137 1631 203 1665 γοῦν
220 1630 405 1664 γεγευμένους
425 1628 612 1663 προσήκοντος
631 1627 760 1662 ἀνδράσιν
777 1627 921 1662 ἐπιτηδεύ-

141 1685 240 1713 ματος,
258 1676 314 1703 ὰλλ”
325 1676 355 1702 ιν
369 1683 401 1709 γε
415 1675 494 1701 τοῦτο
510 1673 720 1709 μεμαθηκότας,
736 1673 876 1708 ὀρχεῖσθαί
891 1681 921 1700 τε

139 1723 187 1751 καὶ
201 1720 375 1754 ὰχκίζισθαι,
390 1719 568 1755 γυναικώδεις
582 1719 631 1746 καὶ
644 1719 693 1754 τὴν
709 1719 799 1754 φύσιν,
816 1719 862 1746 καὶ
874 1719 923 1754 τὴν

139 1771 269 1805 γνώμην,
285 1769 332 1799 καὶ
346 1768 396 1802 τὴν
412 1766 535 1794 παιδείαν
551 1766 725 1802 ὑπάρχοντας
737 1774 744 1782 ·
760 1767 774 1793 ό
789 1765 922 1800 σοϐαρὸς,

140 1815 188 1843 καὶ
205 1814 384 1850 ὑπερνεφῶν,
401 1813 448 1840 καὶ¹
466 1813 693 1847 γεγαυρωμένος,
709 1812 723 1838 ό
739 1811 859 1838 τοσαῦτα
876 1812 925 1846 ὲμμ

141 1861 265 1888 δατεύων
286 1862 325 1892 είς
346 1859 381 1886 τὰ
400 1858 535 1893 Ἑλλήνων
555 1858 717 1893 πράγματα,
739 1858 788 1884 ὅσα
809 1860 856 1884 καὶ
875 1858 926 1893 τὴν

141 1906 224 1934 τῶνδε
250 1907 303 1940 γῆν
329 1906 385 1937 τοῖς
410 1905 565 1940 σατράπαις
590 1904 726 1939 διανέμειν
752 1905 792 1936 εἰς
818 1904 924 1939 ἀρχὴν,

142 1952 237 1988 ὥσπερ
252 1952 285 1978 ἂν
298 1952 322 1978 εί
335 1950 438 1986 ταύτην
451 1949 535 1977 πάλαι
550 1950 712 1984 προείληφεν
723 1957 730 1964 ·
743 1950 841 1976 ὁπόσον
854 1949 928 1977 οἷκο-

143 1999 189 2025 θεν
205 1997 310 2033 σπουδῇ
323 1997 371 2024 ἐπὶ
384 1996 434 2031 τὴν
451 1995 565 2023 Ἐλλάδα
578 1996 632 2031 γῆν
647 1996 771 2031 ἔτρεχεν,
789 1996 927 2030 ὀνειροπο-

142 2045 228 2080 λήσας
242 2044 291 2076 τὰς
306 2044 364 2070 ἐκεῖ
377 2043 468 2074 νίκας,
482 2042 529 2069 καὶ
542 2041 576 2068 τὰ
591 2042 645 2068 ἀπὸ
659 2041 713 2067 τῶν
728 2041 833 2076 ἐχθρῶν
849 2042 928 2076 ἐγερ-

145 2090 284 2125 θησόμενα
303 2088 391 2122 τούτῳ
411 2088 548 2122 τρόπαια,
571 2086 697 2113 τοσοῦτον
719 2086 775 2113 ἄνω
797 2086 928 2121 ποταμῶν

144 2135 336 2170 παλινδρομῶν
348 2134 530 2166 ἁνεδείκνυτο,
543 2133 603 2160 οὐδὲ
617 2133 683 2167 γοῦν
696 2133 780 2167 αὐτὴν
792 2133 841 2168 τὴν
855 2133 929 2167 πρῶ-

145 2192 197 2218 ·ιην
211 2177 266 2214 οἷός
281 2190 311 2209 τε
327 2181 472 2215 γενόμενος
488 2179 649 2213 ὑπενεγκεῖν
664 2178 829 2213 προσϐολήν.
848 2177 928 2204 Ὀπόὲ

147 2218 264 2263 σονδγὰρ
283 2227 317 2262 δὴ
332 2227 382 2262 τὴν
399 2226 531 2261 ταχίστην
549 2225 593 2251 ἐπ’
607 2224 728 2255 ἐκείνους
749 2224 848 2259 ἤλαυνε
859 2243 867 2255 ,
884 2232 930 2250 το-

147 2275 223 2302 σόνδε
237 2275 349 2305 τούτους
364 2272 484 2307 αἰσχρῶς
499 2271 642 2305 διέφευγε,
658 2270 738 2305 σῶμα
754 2270 802 2297 καὶ
816 2271 929 2305 γνώμην

148 2321 195 2348 καὶ
207 2319 297 2354 ψυχὴν
309 2318 378 2353 πρὸς
389 2316 544 2344 τούναντίον
556 2316 629 2343 ἅπαν
643 2316 769 2351 τραπεὶς,
785 2317 833 2343 καὶ
846 2317 931 2343 πᾶσιν

147 2365 181 2402 ἦν
195 2367 332 2401 ἀφόρητος
347 2366 381 2399 τῇ
400 2363 511 2398 σπουδῇ.
531 2363 706 2398 Ἐπεθύμησε
721 2362 772 2396 γῆς
788 2363 930 2397 Περσίδος,

148 2412 308 2446 λπεθύμησε
326 2410 373 2436 τοῦ
390 2408 492 2442 ταύτης
514 2407 618 2434 καπνοῦ
630 2427 637 2440 ,
656 2408 727 2433 κατὰ
744 2407 789 2433 τὸν
810 2407 930 2441 Ὀμήρου

149 2458 327 2493 πλανώμενον
346 2454 487 2483 Ὀδυσσέα.
501 2455 551 2491 “Av
565 2452 582 2488 ᾗ
597 2462 623 2479 τι
639 2455 729 2489 χεῖρον
742 2454 790 2480 καὶ
806 2454 911 2480 καπνοῦ
923 2472 931 2485 ,

151 2505 228 2539 φίλον
244 2502 319 2537 αὐτῷ
335 2501 472 2533 δέξασθαι,
488 2500 513 2526 εἰ
531 2499 610 2534 μόνον
625 2499 667 2534 εἴη
683 2499 738 2526 τῶν
753 2499 870 2526 οἴκοθεν.
890 2500 933 2531 Ὧς

151 2551 239 2584 ιγωγε
252 2547 329 2584 οἶμαι
341 2549 386 2574 τὸν
399 2546 486 2580 ἀνδρα
499 2545 593 2572 τοῦτον
605 2543 657 2572 ὦδε
673 2545 849 2579 μεταϐαλεῖν,
863 2545 934 2572 ὥστε

151 2596 258 2631 χαίρειν
279 2594 400 2621 ἐάσαντα
434 2591 583 2626 στεφάνους
602 2599 632 2617 τε
655 2591 702 2618 καὶ
723 2590 866 2626 θρίαμὸον,
887 2593 934 2618 καὶ

151 2642 200 2677 τὴν
215 2643 247 2668 ἑκ
261 2640 308 2674 τῆς
323 2639 402 2674 νίκης
417 2638 508 2664 πᾶσαν
521 2637 712 2672 λαμπρότητα,
730 2637 813 2672 μηδὲν
828 2638 936 2673 θαυμά-

153 2687 212 2720 ζειν
228 2687 323 2722 ἓτερον
343 2685 412 2720 πλὴν
431 2683 533 2718 φυγῆς,
552 2683 728 2719 ἀνδραπόδοις
749 2684 799 2710 οὐκ
819 2685 853 2711 ἂν
872 2694 936 2720 πρε-

153 2733 266 2768 πούσης.
287 2731 368 2758 ὀθεν
387 2729 442 2757 οὐδ’
456 2729 586 2760 ἀπεικὸς,
607 2729 634 2755 εἰ
653 2737 693 2760 τις
714 2729 814 2756 ἔδωκεν
833 2731 936 2757 ἐκεῖνον

156 2780 220 2806 ίδεῐν
234 2779 282 2810 τὰς
299 2779 328 2804 ὲν
341 2778 375 2813 τῇ
391 2775 593 2811 γυναικωνίτιδι
611 2776 709 2811 κόρας,
727 2776 853 2812 στέργειν
866 2779 937 2804 κατὰ

154 2826 257 2860 κόρρης
275 2823 463 2858 τυφθήσεσθαι
485 2822 551 2857 παρ’
563 2821 653 2849 αὐτῶν
670 2822 753 2849 ἕνεκα
770 2822 820 2857 τῆς
841 2832 937 2857 γυναι-

156 2870 258 2902 κώδους
272 2869 355 2896 αὑτοῦ
371 2869 470 2904 φυγῆς.
484 2868 529 2903 Τῷ
543 2868 597 2904 γὰρ
613 2868 713 2894 αὐτίκα
725 2870 875 2904 τετράφθαι
889 2871 938 2906 τὴν

156 2915 261 2952 ψυχὴν,
275 2916 322 2944 καὶ
335 2917 399 2947 τοὺς
413 2915 560 2950 λογισμοὺς
569 2934 576 2946 ,
590 2915 637 2941 καὶ
651 2915 776 2943 τοσοῦτον
789 2917 935 2952 ὀρῥωίεῐν,

334 2962 473 2994 Ρλτιιυιι.
488 2962 546 2992 Gs.
568 2959 658 2990 CLVI

973 1632 1094 1667 ginatur,
1113 1635 1254 1666 totamque
1272 1630 1428 1658 Graecorum
1445 1630 1582 1658 nationem
1602 1634 1758 1665 capturum,

972 1685 1022 1705 ceu
1040 1685 1144 1713 pueros
1157 1677 1304 1712 quosdam,
1318 1677 1364 1712 qui
1378 1676 1489 1703 delicias
1503 1676 1530 1702 in
1548 1676 1606 1703 foro
1621 1675 1755 1707 tacerent,

972 1729 999 1751 et
1016 1723 1128 1751 ludicris
1141 1723 1237 1751 intenti
1252 1728 1344 1751 essent
1356 1742 1364 1754 ,
1380 1729 1431 1750 nec
1448 1721 1532 1749 ullum
1559 1721 1669 1756 aliquod
1687 1729 1759 1756 opus

974 1770 1050 1797 virile
1066 1770 1270 1804 degustassent,
1282 1768 1331 1796 sed
1359 1767 1551 1795 tantummodo
1576 1768 1676 1795 saltare
1689 1768 1761 1795 didi-

973 1817 1086 1849 cissent,
1100 1824 1132 1844 ac
1147 1816 1289 1848 lascivire,
1307 1823 1358 1843 nec
1376 1822 1430 1842 non
1441 1814 1588 1842 muliebres
1602 1820 1629 1841 et
1643 1814 1761 1850 ingeniis

974 1867 1077 1896 essent,
1101 1868 1128 1890 et
1152 1863 1260 1894 animis,
1280 1866 1308 1890 et
1335 1861 1498 1889 educatione
1522 1860 1632 1893 τίοι-οῖ,
1651 1861 1760 1897 inquam

975 1909 1030 1942 ille,
1045 1916 1183 1944 supraque
1203 1908 1290 1936 nubes
1303 1908 1404 1940 elatus,
1424 1912 1508 1943 atque
1526 1907 1698 1943 superbiens,
1711 1907 1760 1942 qui

976 1960 1052 1983 tanto
1077 1963 1139 1983 cum
1158 1954 1228 1982 fastu
1258 1954 1414 1982 Graecorum
1434 1955 1460 1981 in
1487 1955 1558 1982 bona
1575 1955 1669 1989 pedem
1691 1953 1762 1982 inle-

977 2004 1054 2030 rehat
1077 2007 1107 2030 ut
1123 2009 1217 2029 eorum
1232 2006 1332 2028 terram
1350 2009 1461 2037 quoque
1486 2002 1604 2037 satrapis
1628 2002 1686 2029 suis
1699 2009 1761 2029 cum

977 2052 1110 2084 potestate
1125 2048 1270 2075 tenendam
1286 2047 1476 2080 distribueret,
1491 2055 1522 2075 ac
1533 2047 1556 2074 si
1570 2048 1674 2082 pridem
1688 2047 1763 2074 illam

979 2099 1160 2129 occupasset;
1189 2094 1233 2122 hic
1263 2101 1340 2129 ergo,
1370 2098 1473 2129 quanta
1497 2095 1560 2121 cum
1588 2093 1764 2121 festinatione

979 2137 1062 2168 d'omo
1077 2140 1225 2175 profectus,
1250 2139 1382 2167 Graeciam
1404 2147 1487 2167 cursu
1517 2139 1633 2174 petebat,
1653 2139 1698 2166 ubi
1723 2139 1765 2166 vi-

980 2187 1082 2214 ctorias
1099 2186 1157 2220 ipse
1173 2186 1225 2213 sibi
1244 2185 1439 2218 somniaverat,
1450 2185 1648 2219 statucndaquc
1664 2184 1698 2211 de
1713 2184 1766 2211 ho-

946 2233 1067 2276 Dstibns
1093 2238 1204 2268 tropaea,
1234 2237 1307 2260 tanta
1334 2232 1456 2260 vicissim
1482 2239 1544 2259 cum
1575 2230 1766 2265 properatione

983 2281 1125 2314 repetebat
1154 2278 1284 2306 adversos
1302 2285 1408 2311 amnes,
1425 2284 1487 2304 cum
1502 2284 1536 2303 ne
1561 2276 1680 2310 primum
1704 2275 1769 2310 qui-

983 2325 1044 2352 dem
1059 2323 1214 2351 conllictum
1232 2323 1369 2351 sustinere
1394 2322 1539 2357 potuisset.
1557 2321 1625 2348 Nam
1648 2326 1767 2356 quanto-

983 2377 1047 2405 pere
1061 2376 1156 2397 versus
1171 2370 1220 2396 hos
1235 2369 1337 2404 impetu
1354 2368 1533 2396 celeberrimo
1546 2368 1688 2402 pergebat,
1705 2372 1767 2395 tan-

984 2420 1078 2451 topere
1090 2416 1210 2443 vicissim
1227 2415 1261 2442 ab
1277 2415 1331 2442 illis
1345 2415 1416 2449 turpi
1431 2414 1589 2442 discedebat
1613 2415 1696 2450 fuga;
1713 2414 1768 2448 jam

983 2462 1053 2490 alius
1066 2462 1146 2496 plane
1161 2466 1215 2488 tam
1231 2468 1358 2495 corpore,
1381 2468 1463 2495 quam
1487 2460 1594 2494 judicio
1622 2461 1769 2494 animoque

985 2508 1084 2535 factus.
1097 2506 1231 2534 Omnibus
1245 2507 1280 2533 ob
1291 2506 1495 2534 festinationem
1507 2507 1686 2534 intolerabilis
1697 2511 1768 2534 erat.

987 2552 1162 2580 Desiderabat
1177 2557 1277 2579 terram
1306 2551 1453 2584 Persidem,
1472 2552 1573 2578 fumum
1591 2553 1651 2586 ejus
1677 2559 1771 2579 exem-

986 2599 1031 2634 plo
1047 2598 1198 2633 vagabundi
1215 2597 1322 2632 Ulyssis
1341 2598 1416 2625 illius
1435 2597 1573 2625 llomerici
1587 2597 1770 2626 desiderabat.

986 2644 1073 2672 Etiam
1088 2639 1111 2672 si
1134 2644 1199 2679 quid
1214 2643 1290 2672 l’umo
1306 2645 1436 2676 deterius,
1462 2644 1604 2672 admittere
1628 2644 1771 2678 gestiebat.

988 2690 1069 2716 modo
1094 2689 1169 2730 domi
1185 2695 1351 2717 versaretur.
1369 2690 1428 2723 Quo
1444 2690 1483 2723 lit,
1498 2693 1542 2717 ut“
1550 2689 1675 2724 equidem
1699 2691 1771 2716 arbi~

989 2738 1056 2766 trer,
1077 2735 1151 2762 hunc
1177 2735 1268 2761 virum
1288 2736 1356 2763 adeo
1377 2735 1465 2763 fuissa
1483 2739 1616 2761 mutatum
1648 2739 1678 2762 ut
1697 2742 1775 2761 coro-

988 2781 1032 2808 nis
1048 2785 1074 2807 et
1099 2780 1248 2815 triumpho.
1267 2786 1350 2816 atque
1369 2782 1444 2808 omni
1468 2781 1590 2809 victorias
1616 2781 1773 2814 splendore.

990 2827 1080 2854 valere
1095 2827 1188 2861 justis,
1206 2827 1281 2854 aliud
1311 2828 1378 2854 nihil
1392 2836 1474 2862 quam
1500 2827 1600 2861 "ugam,
1616 2834 1649 2854 ne
1663 2827 1774 2861 quidem

992 2874 1128 2909 mancipia
1154 2874 1308 2908 decentem,
1341 2875 1534 2902 admiraretur.
1562 2874 1619 2901 Nec
1651 2873 1776 2900 absimiln

991 2927 1066 2952 vero,
1080 2919 1102 2947 si
1116 2919 1177 2955 quis
1189 2927 1250 2947 eum
1265 2920 1361 2954 puellis
1372 2921 1489 2956 ενιπεοεὶ
1502 2918 1678 2956 spectandum
1698 2916 1775 2944 ethi-

1557 2965 1593 2997 i3

1855 2937 1886 2954 ‘ﬁ
