1937 3078
168 189 224 224 ἷξθῖ

740 192 833 222 ’ΜΛΝ
840 192 955 223 UELIS
975 192 1199 225 PALASOLOGI

1721 195 1786 230 "396

171 251 286 281 buissut,
301 248 369 284 sequi
387 248 506 282 bonique
537 247 673 275 facturum
689 247 786 280 fuisse,
814 249 838 276 sl
861 248 902 276 vel
918 249 950 276 ab

1003 252 1064 278 ὅσον
1080 252 1189 286 ἐνόμιζε
1207 251 1314 285 φοϐεῖν,
1333 250 1425 287 ἡγεῖτό
1444 253 1468 278 οί
1487 253 1524 288 μὴ
1542 254 1596 280 δεῐν
1614 253 1702 281 ποδῶν
1721 264 1792 290 προς

170 297 209 322 eis
240 295 310 330 fuga:
341 295 484 322 muliebris
513 301 597 321 causa
636 293 768 329 colaphos
805 294 955 328 acciperet.

169 342 236 369 Nam
255 342 319 376 quia
348 341 440 368 subito
467 345 587 368 mutatus
602 346 663 367 erat
686 340 806 372 animus,
824 347 877 366 una
893 347 954 368 cum

168 387 392 422 cogitationibus,
421 386 533 421 jamque
563 390 670 413 tantum
696 385 847 418 metuebat,
867 392 956 420 quan-

170 439 226 458 tum
261 436 339 458 antea
365 438 395 458 se
418 431 531 458 terroris
555 431 676 458 incutere
701 431 836 465 putabat:
853 430 955 458 nonad

168 478 325 512 fugientium
342 477 452 504 domum
469 484 549 512 egere
574 484 602 504 se
617 477 731 512 pedibus
750 476 934 504 arbitrabatur
945 495 953 508 ,

168 530 217 550 nee
232 523 323 557 equis,
337 523 361 549 vi
378 523 560 556 cursusipsos
575 529 669 550 cervos
680 522 874 557 superantibus
885 541 893 555 ,
908 520 956 548 sed

169 569 220 596 alis
238 568 409 603 simpliciter,
427 573 454 595 et
469 575 562 595 earum
575 568 684 600 quidem
700 568 802 598 avium,
818 567 956 602 quaalevi-

167 620 222 641 tate
234 619 347 641 caeteras
360 614 505 641 excedunt.
520 613 591 641 Satis
605 614 707 640 homini
720 618 843 646 strenuo,
853 604 956 640 Helles-

167 667 281 695 pontmn
300 660 339 687 vel
357 665 413 686 rate
430 659 601 693 transjieere,
620 659 694 693 quod
711 663 805 686 natare
817 666 872 686 non
896 666 956 693 pos-

166 711 218 734 set.
235 706 325 740 Usque
338 705 405 732 adeo
419 705 452 732 de
468 705 522 731 alio
535 705 560 731 in
575 704 660 736 aliud,
678 709 705 731 et
731 704 758 731 in
782 705 954 732 contrarium

165 753 257 787 potius
274 756 392 778 mutatus
409 755 467 777 erat
486 759 492 777 :
507 757 568 777 nam
588 750 635 784 qui
664 749 747 791 densa
765 749 874 776 navium
891 756 956 776 coa-

166 806 209 827 ua
226 801 314 835 copia,
332 804 358 827 et
372 803 499 827 accurata
520 799 677 826 earumdem
694 799 884 832 commissura,
904 806 954 826 ceu

166 851 249 880 ponte
262 846 380 879 quodam
398 845 451 872 tale
477 849 638 879 tantumque
660 851 738 871 mare
753 849 954 876 constraverat,

166 892 238 926 quod
254 899 286 918 ex
297 891 361 919 Asia
378 891 403 917 in
428 891 563 925 Europam
581 891 676 918 eadem
695 890 733 918 uti
758 890 955 923 transjectione

165 943 228 963 cum
245 935 350 963 caeteris
363 939 426 962 ante
441 942 470 962 se
495 940 652 968 recusaret;
669 935 773 970 majore
787 942 849 963 cum
867 935 951 962 animi

165 981 328 1016 tlrjectionc,
353 986 434 1016 atque
456 981 587 1008 humilius
615 981 780 1017 transfugit,
806 990 889 1017 quam
910 982 953 1010 vel

166 1029 221 1061 ipsa
239 1027 385 1061 mancipia.
410 1027 452 1053 vel
470 1026 582 1054 calones
605 1026 722 1059 faciant,
745 1035 886 1062 nunquam
910 1035 951 1055 re-

163 1073 314 1107 spiciendo,
325 1080 437 1100 cursum
448 1072 524 1099 illum
534 1079 613 1100 suum
627 1080 736 1108 semper
748 1082 859 1108 urgens.
869 1074 952 1109 Opta-

164 1120 220 1151 bat,
237 1118 365 1151 arbitror,
378 1125 550 1152 nequaquam
564 1118 680 1153 amplius
694 1118 883 1153 insequentum
897 1127 952 1146 nta-

164 1172 215 1191 nus
228 1164 352 1196 evadere,
364 1163 452 1197 deque
460 1163 566 1191 cmteris
577 1163 704 1191 omnibus
714 1164 809 1191 leviter
817 1164 951 1192 sollicitus

163 1216 232 1237 emt.
241 1209 298 1237 Hoc
308 1210 395 1244 ipsum
408 1209 628 1244 persequebatur,
636 1215 666 1236 ut
679 1210 828 1245 aufugeret,
839 1215 866 1237 ut
874 1214 948 1245 terga

163 1258 252 1286 daret,
265 1261 293 1283 ut
301 1248 398 1283 versus
408 1256 538 1283 orientem
546 1255 631 1282 solem
642 1255 744 1282 itinere
751 1260 892 1287 contento,
902 1263 950 1283 nec

163 1302 322 1329 intermisso
335 1307 474 1336 pergeret;
491 1305 519 1328 ut
531 1309 583 1328 non
600 1301 742 1333 dormiret,
756 1309 809 1328 non
826 1301 950 1336 quiesce-

162 1355 215 1380 ret,
231 1356 364 1383 nusquam
383 1348 556 1375 subsisteret.
571 1346 638 1374 Nam
653 1348 762 1374 charant
776 1347 848 1373 illam
874 1347 949 1381 prius

163 1395 299 1428 Europam
318 1394 363 1428 qui
380 1397 457 1426 putas
484 1392 511 1419 id
527 1393 658 1426 temporis
671 1392 785 1419 oderat?
799 1392 872 1419 inter
888 1400 949 1419 cur-

162 1439 276 1467 rendum
295 1443 384 1465 mente
403 1438 476 1464 domi
492 1442 566 1465 totus
589 1441 657 1470 erat,
674 1437 782 1465 domum
800 1438 947 1471 clamabat,

161 1487 272 1513 domum
289 1492 373 1511 cursu
399 1484 536 1515 tendebat,
557 1491 655 1511 tnauus
673 1483 699 1510 in
714 1484 866 1511 anteriores
883 1483 948 1510 diri-

162 1539 238 1566 gens,
264 1531 358 1564 eisque
383 1530 436 1556 vim
461 1537 584 1564 magnam
608 1529 751 1561 adhibens,
776 1533 879 1556 tanttttn
895 1536 946 1556 non

1006 298 1057 332 τὴν
1071 297 1164 324 οῐκαδε
1179 297 1279 332 φυγὴν,
1298 298 1358 332 μηδ’
1370 299 1463 325 ἵππων
1478 299 1660 334 αἱσχυνόντων
1675 300 1792 334 ἐλάφους

1006 343 1090 378 ἀρετῇ
1113 343 1226 378 δρόμου,
1242 341 1316 372 ἀλλά
1339 344 1447 379 πτερῶν
1468 345 1599 380 ἀτεχνῶς,
1620 346 1667 372 καὶ
1688 346 1792 373 τούτων

1006 389 1107 423 ὀρνέων
1120 389 1242 422 ἐκείνοιν,
1256 389 1310 415 τῶν
1323 390 1367 415 tari.
1382 390 1530 424 κουφότητι
1543 390 1596 416 τῶν
1610 391 1698 417 ἄλλων
1713 391 1790 418 πλεο-

1006 433 1182 462 νεκτούντων.
1201 435 1311 469 Ἠγάπα
1328 435 1361 462 ἂν
1376 437 1390 462 ὁ
1406 437 1537 469 γεννάδας
1556 437 1648 471 σχεδίᾳ
1666 437 1790 472 διαϐῆναι

1006 479 1052 505 τδν
1069 479 1275 512 Ἑλλήσποντον,
1292 481 1331 511 ὡς
1346 481 1397 507 οὐκ
1414 481 1474 508 ἐνὸν
1489 481 1563 516 αὐτῷ
1581 482 1721 517 νήχεσθαι.
1739 483 1792 510 Οὗ-

1007 533 1058 565 ἰίῳς
1073 525 1119 558 ἀφ’
1134 525 1227 560 ἑτέρου
1243 526 1310 560 πρὸς
1322 526 1427 561 ἓτερον,
1444 526 1543 560 μᾶλλον
1556 527 1583 554 δὲ
1597 528 1666 561 πρὸς
1677 529 1790 555 τούναν-

1005 572 1062 598 τίον
1085 572 1240 605 μετέόαλεν.
1258 572 1287 598 Ὀ
1308 573 1361 608 γὰρ
1382 572 1450 599 νεῶν
1473 573 1573 608 συνόδῳ
1595 575 1666 601 πάνυ
1688 577 1789 610 πυκνῇ,

1006 618 1052 644 καὶ
1073 617 1182 653 ἀκριϐεῖ
1202 626 1234 652 γε
1256 618 1359 644 τούτων
1382 621 1562 654 προσαρμογῇ
1584 620 1634 654 τὴν
1656 621 1791 654 τοσαύτην

1006 663 1053 689 καὶ
1064 664 1191 696 τοιαύτην
1203 663 1336 690 Θάλατταν
1349 664 1512 698 γεφυρώσας
1522 684 1530 696 ,
1543 665 1593 691 οὐκ
1606 665 1689 697 ἀξιῶν
1701 665 1750 700 τὴν
1763 665 1792 698 ἐξ

1012 709 1102 741 Ἀσίας
1117 710 1185 744 πρδς
1198 709 1248 745 τὴν
1263 709 1400 745 Εὐρώπην
1413 710 1538 737 διάϐασιν
1552 710 1601 745 τὴν
1616 711 1701 746 αὐτὴν
1717 711 1791 745 αὐτῷ

1009 755 1131 789 γενέσθαι
1148 756 1205 786 τοῖς
1225 755 1278 790 πρὸ
1298 755 1381 781 αὐτοῦ
1405 757 1676 791 μικροπρεπέστερόν
1693 765 1723 783 τε
1743 758 1792 785 καὶ

1005 800 1196 835 ταπεινότερον
1208 801 1262 827 τῶν
1275 801 1478 836 ἀργυρωνήτων
1492 801 1539 828 καὶ
1552 801 1726 836 σκευοφόρων
1737 803 1792 829 διε-

1005 847 1160 881 δίδρασκεν,
1172 847 1377 882 ἀμεταστρεπτὶ
1389 847 1434 873 τὸν
1447 847 1546 882 δρόμον
1559 848 1602 874 ἀεὶ
1616 848 1788 882 ποιούμενος.

1007 893 1105 928 Ιίΰχετ¹
1121 892 1163 926 ἂν,
1180 890 1267 927 οἶμαι,
1281 893 1446 926 διολισθῆσαι
1462 892 1517 919 τῶν
1534 893 1625 919 οὐκέτι
1636 894 1790 921 διωκόντων

1004 939 1085 965 αὑτὸν
1108 940 1159 969 τὰς
1182 939 1294 973 χεῖρας,
1321 938 1369 965 καὶ
1395 939 1460 973 περὶ
1482 938 1538 965 τῶν
1562 938 1650 966 ἄλλων
1676 940 1786 966 πάντων

1003 983 1091 1018 κούφη
1105 992 1146 1014 τις
1161 981 1194 1017 ἦν
1209 983 1305 1017 ἐκείνῳ
1321 983 1442 1017 φροντίς.
1456 983 1527 1010 Ᾱύτό
1540 991 1573 1017 γε
1588 983 1667 1011 τοῦτο
1682 984 1787 1011 διώκων

1001 1021 1055 1064 ἦν,
1070 1029 1099 1055 τὺ
1116 1028 1340 1063 ἀποδιδράσκειν,
1359 1028 1389 1055 τὸ
1406 1028 1537 1063 φεύγειν,
1555 1029 1584 1055 τὺ
1599 1030 1649 1064 τὴν
1667 1029 1733 1063 πρὸς
1749 1029 1788 1056 ἕω

1002 1075 1116 1110 πορείαν
1131 1074 1257 1101 σύντονύν
1271 1083 1301 1101 τε
1314 1075 1361 1101 καὶ
1374 1074 1491 1109 ἄληκτον
1504 1074 1578 1109 αὐτῷ
1592 1076 1742 1108 γίγνεσθαι,
1755 1076 1786 1102 τὸ

1004 1120 1040 1156 μὴ
1057 1120 1208 1151 καθεύδειν,
1226 1119 1256 1146 τὸ
1275 1119 1311 1154 μὴ
1329 1120 1454 1155 ἠρεμεῖν,
1470 1119 1501 1146 τὸ
1520 1119 1556 1155 μὴ
1574 1120 1711 1148 ἵστασθαι.
1728 1121 1786 1156 Τὴν

1001 1168 1066 1198 πρὶν
1081 1167 1135 1202 γὰρ
1149 1166 1229 1201 φίλην
1243 1166 1377 1201 Εὐρώπην
1390 1165 1448 1197 πῶς
1462 1167 1512 1192 olet
1536 1166 1597 1193 τότε
1614 1167 1783 1202 μεμίσηκενς

1002 1213 1083 1239 ’ολον
1098 1213 1167 1239 οῐκοι
1182 1212 1228 1238 τὸν
1243 1213 1305 1238 νοῦν
1319 1209 1375 1246 εἶχε
1392 1211 1476 1245 θέων,
1492 1211 1579 1238 otma'
1593 1213 1658 1240 ἐϐόα
1668 1233 1676 1245 ,
1692 1214 1784 1240 οἴκαδε

1000 1259 1045 1286 τδν
1059 1259 1157 1294 δρόμον
1172 1258 1316 1293 εἰργάζετο
1326 1279 1333 1291 ,
1350 1258 1445 1285 τείνων
1459 1257 1497 1285 τὼ
1512 1260 1586 1294 χεῖρε
1601 1260 1657 1290 τοῖς
1672 1260 1765 1294 πρόσω
1776 1281 1783 1292 ,

999 1304 1046 1330 καὶ
1067 1303 1176 1337 μονονοῦ
1198 1302 1361 1334 κονδυλίζων
1378 1302 1522 1334 τουτουσὶ,
1539 1303 1636 1337 κομιδῇ
1657 1303 1788 1337 βιαζόμε-

1000 1357 1054 1379 νος.
1067 1347 1121 1374 Ἦν
1135 1349 1233 1379 αὐτοὺς
1245 1348 1293 1374 καὶ
1306 1349 1338 1383 τῇ
1355 1349 1402 1383 βοῇ
1417 1348 1544 1383 καθάπερ
1560 1348 1672 1382 μάστιγι
1686 1357 1785 1383 προσε-

999 1393 1117 1424 λαύνων,
1139 1393 1177 1428 τῷ
1200 1393 1295 1428 μηδενὶ
1320 1392 1374 1419 τῶν
1397 1394 1507 1420 πάντων
1529 1394 1685 1427 ἀρκεῖσθαι.
1708 1394 1722 1421 ὃ
1746 1395 1784 1430 μὴ

999 1440 1112 1474 δύναμιν
1140 1440 1172 1466 ἂν
1199 1438 1270 1474 εῖχεν
1297 1439 1422 1474 αὖθωρδν
1451 1439 1533 1466 αὑτὸν
1561 1441 1784 1475 διασφενδονῆσαι

1000 1486 1067 1521 πρὸς
1088 1485 1138 1520 τὴν
1163 1485 1292 1520 πατρίδα.
1312 1485 1395 1512 Ὀθεν
1415 1485 1474 1512 δέον
1497 1485 1609 1517 τούτους
1634 1486 1786 1520 Θαυμάζειν

998 1535 1048 1568 τῆς
1063 1534 1223 1568 ἐπιμελείας
1238 1534 1284 1561 τοῦ
1300 1533 1402 1568 δρόμου
1412 1554 1419 1567 ,
1429 1534 1476 1560 ὅτι
1491 1534 1524 1569 δὴ
1541 1535 1588 1561 καὶ
1602 1535 1696 1561 τοῦτον
1712 1533 1785 1570 εἶχον

162 1585 268 1613 pugnos
282 1576 432 1611 ingerebat.
447 1576 562 1603 Eosdem
576 1583 651 1608 voce,
667 1576 743 1611 quasi
755 1575 870 1610 ﬂagello,
885 1582 948 1602 con-

1002 1580 1114 1606 κατόπιν
1128 1579 1173 1605 τὸν
1187 1578 1273 1608 οὕτως
1289 1578 1478 1613 ἐπειγόμενον,
1494 1580 1507 1604 ὸ
1521 1579 1549 1605 δὲ
1566 1580 1613 1605 καὶ
1623 1580 1785 1607 τούναντίον

164 1623 276 1653 citabat,
294 1621 366 1655 quod
383 1620 457 1648 nulla
480 1628 591 1656 prorsus
608 1628 638 1647 re
661 1624 804 1648 contentus
837 1620 949 1654 acquie-

164 1673 262 1701 sceret,
277 1676 337 1703 qua:
349 1675 403 1695 non
410 1667 502 1694 eadem
513 1667 599 1702 ipsum
614 1667 680 1693 hora
698 1667 725 1693 ιιι
739 1667 852 1700 patriam
869 1666 946 1701 quasi

162 1715 336 1749 fundaajactu
352 1712 499 1740 transferre
516 1718 617 1747 posset.
637 1712 713 1740 Unde
732 1713 823 1745 tiehat,
843 1718 872 1740 ut
885 1720 946 1740 cutn

161 1767 210 1788 eos
222 1760 256 1786 ob
272 1760 409 1794 singulare
424 1759 451 1786 in
460 1766 543 1786 cursu
551 1758 672 1786 studium
690 1758 821 1785 admirari
837 1758 948 1786 deberet

161 1807 207 1841 qui
219 1814 233 1834 a
244 1811 318 1841 tergo
330 1800 478 1840 ipsummet
488 1806 557 1833 adeo
567 1805 739 1833 festinantem
752 1805 945 1839 relinquerent,

161 1852 330 1880 Contrarium
343 1853 433 1886 potius
442 1856 544 1887 ageret,
556 1859 656 1886 eosque
669 1852 785 1886 graviter
794 1857 944 1878 accusaret.

162 1900 266 1933 Quippe
281 1898 446 1925 celeritatem
459 1905 553 1925 eorum
572 1898 658 1932 ipsius
686 1898 718 1924 ad
736 1897 825 1932 fugam
848 1897 946 1924 alacri-

163 1951 204 1971 tas
226 1951 281 1978 -pro
299 1944 426 1977 tarditate
447 1944 563 1978 quadam
581 1944 707 1971 habebat.
722 1943 834 1978 Semper
848 1945 945 1971 exhor-

163 1990 272 2017 tabatur
284 1989 398 2016 comites
408 1997 517 2021 cursus,
528 1997 577 2016 nec
589 1989 617 2016 in
628 1997 662 2017 eo
673 1997 703 2017 se
714 1997 944 2024 sttpervaeaneutn

164 2035 264 2071 aliquid
293 2035 383 2063 facere
393 2035 636 2063 animadvertebat.
648 2035 708 2062 Non
723 2036 795 2063 enim
810 2035 846 2062 illi
859 2035 949 2063 feren-

163 2082 227 2109 dutn
237 2082 392 2109 ullo-modo
409 2083 550 2115 putabant,
564 2081 585 2108 si
605 2087 659 2108 non
672 2081 797 2107 eumdem
811 2088 872 2107 cutn
884 2087 947 2114 rege

162 2135 274 2154 cursum
291 2128 465 2159 conficerent,
482 2133 550 2160 quos
577 2126 645 2152 idem
662 2133 722 2152 cum
739 2125 784 2152 illo
807 2131 895 2152 metus
909 2122 947 2152 "in

162 2182 281 2201 errorem
299 2173 460 2207 impulisset.
478 2173 579 2207 quique
602 2179 715 2206 prorsus
732 2171 765 2197 ab
782 2171 860 2198 initio
879 2171 948 2205 fugat

162 2229 191 2247 se
204 2228 267 2247 cunt
281 2227 314 2246 eo
329 2219 476 2246 dedissutt.
488 2218 573 2252 Siqui
590 2218 733 2252 nequirent
743 2217 885 2252 consoqui,
900 2224 948 2244 eos

1004 1625 1096 1658 σαφῶς
1117 1624 1219 1657 ὲποίει,
1239 1624 1288 1650 καὶ
1304 1623 1493 1658 ,διαφερόντως
1514 1625 1613 1655 αὐτοὺς
1634 1626 1783 1659 ἐμέμφετο,

1004 1671 1059 1705 Τὴν
1072 1670 1127 1705 γὰρ
1140 1670 1230 1697 αὐτῶν
1241 1670 1379 1705 ταχυτῆτα
1394 1669 1547 1705 βραδυτῆτά
1560 1679 1619 1702 πως
1634 1672 1784 1705 ἀπέφαινεν

983 1715 1018 1749 ,ὴ
1044 1715 1112 1749 πρὸς
1131 1714 1179 1749 τὴν
1196 1713 1284 1748 φυγὴν
1301 1713 1450 1748 προθυμία.
1471 1715 1646 1742 Διεκελεύετο
1670 1717 1719 1751 μὲν
1740 1718 1784 1744 ἀεὶ

1001 1761 1057 1790 τοῖς
1073 1759 1146 1794 αύτῴ
1162 1759 1302 1786 συνθέουσι
1314 1780 1321 1792 ,
1337 1760 1475 1794 παρέλκον
1489 1769 1514 1787 τι
1530 1762 1578 1788 καὶ
1594 1763 1721 1797 περιττὸν
1735 1764 1785 1790 οὐκ

1002 1806 1197 1838 αἰσθανόμενον
1212 1805 1307 1832 ποιῶν.
1321 1806 1357 1831 Οὐ
1372 1805 1427 1841 γὰρ
1443 1806 1556 1833 ἀνεκτόν
1569 1815 1601 1839 γε
1617 1809 1723 1840 πάντως
1737 1810 1786 1835 αὑ-

1002 1853 1056 1882 τοῖς
1071 1852 1108 1886 μὴ
1121 1851 1167 1878 τὺν
1179 1851 1259 1877 αὑτὸν
1275 1850 1365 1876 ἀνύειν
1379 1851 1480 1885 δρόμον
1493 1852 1533 1886 τῷ
1548 1852 1669 1884 βασιλεῖ,
1683 1853 1720 1887 τῷ
1730 1854 1784 1889 {sip

1001 1897 1088 1931 τούτῳ
1102 1896 1177 1931 φόϐῳ
1193 1898 1410 1930 παρατραπείσι,
1426 1897 1473 1922 καὶ
1489 1898 1628 1929 παντελῶς
1645 1898 1694 1933 τὴν
1710 1900 1784 1934 πρῶ.

1001 1951 1050 1977 την
1073 1941 1120 1967 σὺν
1139 1941 1212 1976 αὐτῷ
1239 1942 1308 1974 σφᾶς
1334 1941 1433 1973 αὐτοὺς
1455 1942 1616 1969 ὲκδεδιυκόσι
1640 1945 1672 1979 τῇ
1698 1946 1782 1979 φυγῇ,

1001 1988 1071 2017 Τοὺς
1086 1987 1109 2013 δ’
1120 1987 1170 2013 οὒκ
1185 1986 1338 2020 ἀρκοῦντας
1353 1986 1521 2019 ἀκολουθεῖν,
1538 1989 1649 2020 τούτους
1663 1989 1685 2015 δ’
1696 1990 1725 2021 ἐς
1740 1998 1786 2016 κε-

1004 2041 1089 2068 ρακας
1104 2033 1292 2067 ἀποπέμπων,
1309 2032 1384 2064 ἀξιον
1398 2033 1444 2059 καί
1459 2034 1483 2059 οί
1499 2033 1638 2068 προσῆκον
1653 2036 1784 2070 πράττειν

1001 2080 1015 2104 ό
1031 2079 1150 2112 γενναῖος
1168 2077 1303 2112 ἐνόμιζεν.
1318 2077 1398 2109 Ὀλος
1414 2079 1469 2112 γὰρ
1487 2076 1521 2113 ἦν
1537 2079 1587 2114 τῆς
1604 2081 1702 2115 φυγῆς,
1720 2081 1784 2112 ὅλας

1001 2125 1049 2156 τὰς
1064 2125 1140 2159 ὴνίας
1155 2125 1242 2158 ἐφεὶς,
1259 2125 1329 2159 ὀρῶν
1346 2126 1386 2153 εἰς
1404 2125 1485 2159 μόνον
1499 2126 1545 2152 τὸν
1561 2126 1667 2161 καιρὸν,
1683 2129 1729 2154 καὶ
1746 2128 1784 2163 μὴ

1001 2167 1069 2205 πρὸς
1091 2169 1184 2204 ’ἐτερον
1211 2170 1330 2204 βλέπων.
1350 2169 1430 2196 Ἀλλὰ
1458 2170 1510 2205 μὴν
1536 2171 1596 2198 ἀντὶ
1617 2171 1710 2199 πεδίου
1734 2173 1785 2207 τὴν

1001 2215 1119 2250 ὀρεινὴν,
1139 2215 1205 2241 ἀντὶ
1219 2215 1248 2241 δὲ
1269 2214 1439 2249 ψαμμώδους
1457 2215 1507 2249 τὴν
1530 2215 1611 2242 λίθων
1632 2216 1784 2251 γέμουσαν,

162 2266 195 2294 ad
211 2274 308 2294 corvos
326 2266 401 2292 abire
411 2265 521 2308 iubens,
536 2272 584 2292 sua
598 2272 626 2292 se
639 2264 678 2290 vir
693 2269 820 2291 strenuus
834 2270 949 2297 persona

1003 2262 1062 2287 ἀντὶ
1075 2262 1102 2287 δὲ
1118 2262 1193 2292 λείας
1207 2260 1267 2288 ὁδοῦ
1279 2261 1329 2296 τὴν
1341 2263 1472 2296 τραχεῖαν
1487 2262 1533 2288 καὶ
1549 2262 1659 2289 σκολιὰν
1673 2262 1782 2298 ἤλαυνε,

161 2313 285 2348 dignum:
300 2311 364 2346 quid
390 2319 469 2346 agere
489 2311 602 2345 putabat
620 2319 627 2338 :
647 2317 710 2337 nam
739 2314 812 2337 totus
833 2314 893 2337 erat
919 2309 948 2336 in

164 2359 238 2393 fuga,
262 2363 337 2385 totas
363 2357 502 2384 laxaverat
525 2356 644 2382 habenas
659 2376 666 2387 ,
685 2355 754 2382 alius
775 2355 812 2381 rei
835 2355 947 2387 nullius,

163 2413 245 2439 quam
270 2403 398 2438 temporis
421 2403 553 2429 rationem
568 2400 694 2428 habebat.
715 2400 784 2432 Quin
797 2400 878 2427 etiam
900 2407 949 2434 pro

163 2450 321 2484 campestri,
338 2456 386 2483 per
411 2453 583 2474 tnontuosum
596 2454 606 2480 ;
620 2453 669 2480 pro
688 2453 812 2479 arenoso,
837 2453 885 2480 per
906 2453 950 2473 sa-

163 2504 256 2529 xeum;
270 2502 319 2530 pro
331 2495 400 2526 hevi,
415 2501 462 2528 per
474 2494 526 2520 iter
537 2500 664 2528 asperum
677 2492 875 2526 obliquumque
888 2495 950 2518 ten-

163 2544 256 2571 debat.
272 2542 346 2569 Diem
364 2548 412 2575 pro
426 2545 504 2567 nocte
519 2539 646 2572 ducebat,
664 2543 823 2572 noctemque
835 2537 949 2573 profun-

163 2589 225 2614 dam
249 2594 298 2622 pro
320 2585 394 2614 clara
416 2584 544 2612 luce.'At
566 2584 655 2618 qualis
673 2584 723 2616 vir,
746 2583 883 2611 obsecro?
903 2583 950 2618 qui

165 2634 270 2659 calente
285 2631 410 2663 meridie,
423 2630 493 2658 coelo
514 2629 592 2662 sudo,
608 2637 733 2664 campum
751 2629 911 2664 aequabilem
923 2633 950 2656 et

166 2680 286 2713 planum,
307 2685 356 2704 nec
371 2677 424 2704 ulla
439 2685 468 2703 re
488 2676 644 2708 molestum,
660 2675 791 2710 gradatim
817 2683 849 2703 ac
865 2675 948 2708 tarde,

165 2732 220 2758 pra:
236 2721 437 2756 magnificentia
462 2721 601 2756 fastuque,
628 2721 670 2747 vix
691 2720 793 2754 alioqui
812 2720 950 2746 transiret.

163 2768 244 2803 Atqui
264 2769 344 2795 modo
361 2768 384 2795 si
399 2767 594 2795 comedendum
608 2771 689 2798 esset,
715 2766 823 2794 aliudve
836 2765 900 2800 quid
912 2765 950 2793 rei

164 2814 326 2841 tteCessaria:
343 2813 506 2846 faciendum,
525 2813 561 2844 id,
579 2812 713 2848 siquidem
730 2816 852 2847 urgeret,
869 2810 951 2846 equi-

165 2864 238 2891 tans,
263 2859 355 2891 credo,
377 2858 504 2886 faciebat.
529 2858 622 2893 Usque
642 2858 711 2885 adeo
732 2865 787 2892 pra:
805 2853 965 2885 formidine.-

164 2909 284 2933 tuentem
301 2904 375 2932 velut
389 2904 528 2940 amiserat,
551 2912 601 2933 nec
619 2904 701 2932 ullam
719 2904 760 2932 vel
776 2904 892 2937 honesti,
910 2903 952 2932 vel

999 2307 1048 2342 τὴν
1066 2307 1151 2333 νύκτα
1169 2307 1219 2342 μὲν
1235 2307 1342 2341 ἡμέραν
1359 2306 1535 2341 λογιζόμενος
1546 2327 1554 2340 ,
1571 2307 1656 2342 αὐτὴν
1673 2308 1701 2334 δὲ
1720 2316 1783 2334 σκοι

999 2353 1121 2388 τομήνην
1134 2353 1230 2379 ἀκτῖνα
1245 2352 1319 2387 μάλα
1331 2352 1541 2384 ἀστράπτουσαν
1550 2361 1558 2369 ·
1572 2353 1620 2380 κα).
1631 2354 1727 2386 ταῦτα,
1742 2356 1784 2385 τίς

1001 2399 1061 2424 ποτ’
1073 2398 1196 2433 ἀνδρῶν;
1214 2399 1228 2424 ὀ
1246 2398 1423 2433 μεσημϐρίας
1442 2398 1595 2433 σταθερᾶς,
1614 2399 1724 2434 αἰθρίας
1740 2400 1786 2426 οὖ-

1002 2443 1167 2478 σης,π;δίον
1183 2443 1284 2478 ὁμαλόν
1301 2452 1330 2470 τε
1349 2444 1396 2471 καὶ
1413 2444 1493 2476 λεῖον,
1512 2445 1560 2470 καὶ
1578 2445 1662 2479 μηδὲν
1678 2454 1705 2471 τι
1722 2445 1786 2482 δυσ-

1002 2490 1098 2525 χερὲς,
1117 2489 1197 2525 σχολῇ
1219 2490 1264 2516 καὶ
1285 2490 1369 2525 βάδην
1399 2490 1452 2517 ὑπὸ
1479 2490 1720 2526 μεγαλοπρεπείας
1740 2493 1786 2517 aut

1002 2536 1087 2570 τύφου
1107 2535 1182 2570 μόλις
1200 2536 1395 2572 πορευόμενος.
1413 2537 1469 2564 Καὶ
1488 2536 1541 2572 μὴν
1556 2536 1658 2572 δεῆσαν
1673 2538 1782 2570 φαγεῖν,

1002 2583 1019 2616 ἢ
1033 2590 1059 2608 τι
1075 2581 1129 2608 τῶν
1144 2581 1298 2615 ἐπάναγκες
1315 2583 1446 2618 πράττειν
1458 2604 1464 2616 ,
1480 2583 1626 2610 ἐλαύνοντά
1651 2592 1684 2618 γε
1710 2581 1786 2619 οἴμαι

1001 2628 1032 2654 τὸ
1053 2629 1215 2662 κατεπεῖγον
1235 2629 1316 2655 αὑτὸν
1336 2626 1513 2663 ἠργάζεσθαι.
1537 2629 1616 2656 Οὕτω
1639 2638 1680 2656 τοι
1702 2629 1789 2665 δειλίᾳ

1002 2676 1050 2704 τὰς
1072 2674 1174 2708 φρένας
1195 2673 1290 2709 ὥσπερ
1311 2674 1444 2707 ἀπόλωλε,
1464 2675 1512 2701 καὶ
1533 2675 1610 2701 οὐδὲν
1628 2675 1703 2710 αὑτῷ
1723 2677 1788 2711 περὶ

999 2720 1048 2753 τοῦ
1071 2719 1153 2746 καλοῦ
1170 2728 1199 2746 τε
1220 2721 1267 2746 καὶ
1287 2719 1454 2754 καθήκοντος
1475 2719 1583 2754 ἔμελεν.
1602 2721 1680 2747 οὕτω
1701 2721 1787 2756 πάντη

1003 2765 1143 2799 λογισμῶν
1156 2766 1336 2795 ἀπεπταικὼς
1350 2765 1482 2801 τηλικῷδε
1498 2768 1619 2802 σχήματι
1634 2767 1787 2802 προσηκόν-

1003 2819 1066 2842 των,
1082 2811 1148 2845 apo;
1163 2811 1201 2845 τῷ
1219 2811 1340 2846 μηδόλως
1356 2811 1533 2846 αἰσχύνεσθαι
1547 2812 1602 2838 οὐδ’
1614 2812 1789 2845 ὑπελογίζετο

1004 2855 1058 2882 τῶν
1076 2855 1169 2882 δεινῶν
1185 2856 1274 2887 οὐδὲν,
1293 2856 1323 2882 οὺ
1346 2855 1413 2891 πῦρ,
1432 2856 1461 2882 οὐ
1484 2856 1581 2891 θῆρας,
1598 2856 1648 2883 οὐκ
1668 2857 1788 2888 ὄλισθον,

1005 2903 1034 2929 οὐ
1054 2902 1202 2938 βόρϐορον,
1220 2903 1250 2930 οὐ
1269 2902 1418 2936 σκόπελον,
1436 2902 1465 2929 οὺ
1485 2902 1625 2938 κρημνὸν,
1643 2903 1673 2929 οὺ
1690 2902 1787 2939 λιμον,
