1937 3078
210 184 260 213 3θῖ

922 178 1064 208 ORATIO
1081 177 1104 207 Ι.

1782 172 1836 206 398

209 235 260 262 οὐκ
283 234 392 267 ἀδοξίαν
407 219 512 271 ἀύτήν.
538 235 631 263 Πάντα
646 235 744 271 ιορτὴν
770 236 862 270 ἠγεῖτο
884 235 918 261 τὰ
932 235 996 261 δυσ-

1051 232 1139 259 tlecori
1165 231 1296 258 rationem
1323 230 1449 258 habebat.
1475 230 1568 265 Usque
1595 229 1663 257 adeo
1684 237 1796 264 prorsus
1821 237 1835 255 a

209 281 298 317 χερῆ·
324 282 413 309 πάντα
438 282 594 318 πανήγυριν
631 283 666 309 τὰ
698 283 785 309 δεινά.
808 282 901 316 Μηδὲν
925 281 995 315 πλὴν

215 326 368 361 Ἀθηναίων
391 327 529 362 φοΰερδν,
556 328 639 363 μηδὲν
665 329 782 362 φευκτὸν
804 327 869 354 ἄνευ
894 326 993 353 αὐτῶν.

188 394 193 400 .
211 372 312 404 Μόνοις
328 373 435 405 τούτοις
455 374 560 405 πάντας
579 373 636 400 δεῖν
651 373 794 409 πρωτείων
813 374 922 404 πάντως
943 381 995 398 πα-

213 420 348 453 ραχωρεῖν
365 419 412 446 ἐπὶ
427 419 482 446 τῶν
499 419 627 447 ἁπάντων
638 427 645 436 ³
665 420 714 446 καὶ
728 419 793 451 τοὺς
808 418 888 446 τοῦτο
907 419 996 454 πράτ-

210 472 307 495 τοντας
322 465 456 499 μηδαμῶς
470 466 661 500 αἰσχύνεσθαι.
675 466 708 492 Τί
723 466 776 501 χρὴ
791 465 875 492 πολλὰ
889 465 996 498 λέγεινς

211 510 302 545 Σεμνὰ
319 512 370 545 μὲν
385 512 473 539 πάντα
487 513 522 539 τὰ
535 512 661 547 ἄκοσμα,
676 512 771 548 κέρδος
786 512 814 538 δὲ
830 511 932 546 ζημίαν
946 511 998 537 πᾶ-

211 564 261 582 σαν
274 556 408 593 ενόμιζεν,
423 558 448 584 ει
462 558 515 590 σῶς
529 559 762 593 ὲπαναστρέψειεν
774 558 865 585 οἴκαδε
876 565 883 574 ο
898 557 998 584 οῠκουν

210 600 396 637 ἠρυθρίασεν,
422 604 515 639 ἔτερος
544 605 720 632 παντάπασιν
745 605 774 637 ἐξ
799 604 881 632 ἄλλου
908 604 997 639 πάντη

212 646 385 680 φαινόμενος.
408 647 469 674 Οὐδ’
484 649 577 683 ἠγεῖτο
599 649 734 684 χαλεπὸν,
758 650 782 675 εί
804 649 892 684 ὁρῷτο
914 649 998 684 χείρω

211 692 324 725 πάσχων
346 694 469 726 ἐκείνων,
495 693 513 721 ἃ
538 695 630 730 μικρῷ
655 695 772 731 πρόσθεν
797 695 905 729 ὴπείλει
930 696 998 728 τοῖς,

212 737 312 772 ὐφ’-ὦν
339 740 414 767 ταῦτ’
432 740 548 776 ἔπασχε.
576 742 674 768 Καίτοι
698 743 725 768 τί
754 742 813 768 ποτ’
831 742 865 769 ἂν
892 743 998 777 αἴσχιον

211 785 298 816 εῐποις
325 787 376 820 τῆς
413 786 500 817 οὕτως
530 788 560 819 ἐς
594 788 680 823 ἄκρον
713 788 882 824 μεταϐολῆς,
911 787 999 821 οὕτως

211 830 310 865 ἁθρόον
334 833 541 868 γεγενημένηςς
558 833 638 865 Γένος
656 833 802 869 βατράχων
828 833 943 869 μηδενὸς
956 834 999 860 δε-

210 875 370 911 διττομένου
395 879 445 906 οὐκ
468 879 497 910 ἐς
523 879 604 914 βυθὸν
630 880 819 912 καταδύονται,
836 879 875 912 ὡς
894 881 1000 915 ἀφανι-

211 922 308 956 σθῆναι
323 925 379 956 τοῖς
394 925 538 961 τέλμασιν.
554 922 637 957 Οὗτος
653 925 682 952 δὲ
698 926 828 961 ἠνέσχετο
843 927 968 962 πάσχων,
985 927 998 954 ὁ

213 969 309 1004 μηδεν)⁴
327 969 382 996 τῶν
407 971 521 997 πώποτε
545 972 740 1006 γεγενημένων
764 971 917 1006 ἀνθρώπων
938 974 999 1004 ταῖς

212 1015 278 1050 παρ’
301 1016 398 1042 ἑαυτοῦ
421 1017 584 1049 φαντασίαις
605 1016 793 1051 ἐξισούμενος,
815 1013 886 1052 ὅπερ
903 1017 960 1044 οὐδ’
974 1018 999 1044 οἱ

214 1061 321 1090 πτῶκες
346 1059 489 1086 ποιοῦσιν·
515 1054 642 1094 ἔφευγεν,
667 1060 790 1094 ἔτρεχεν,
813 1060 864 1086 οὐκ
888 1060 1000 1094 ἠρέμει,

216 1105 284 1140 μηδὲ
299 1106 343 1132 τὸν
357 1106 491 1133 διώκοντα
507 1106 624 1141 βλέπων,
639 1106 656 1141 ἢ
670 1106 750 1133 σκιὰν
766 1106 837 1141 ὀρῶν
852 1106 969 1137 ἐκείνου,
983 1107 999 1141 ἢ

215 1150 308 1184 φωνῆς
332 1151 401 1182 ὅλως
429 1151 549 1178 ἀκούων.
579 1152 658 1183 Ἴσως
682 1159 714 1185 γε
743 1152 931 1187 παρεμυθεῖτο
955 1152 1001 1178 τὶν

215 1194 362 1229 ἄνθρωπον
377 1196 464 1222 ταῦτα
481 1196 631 1230 πάσχοντα,
647 1193 725 1230 οἶμαι
738 1196 766 1222 δὲ
782 1197 831 1223 καὶ
844 1195 1001 1232 προῦτρεπε

213 1240 282 1276 πρὸς
300 1241 348 1276 τὴν
368 1241 572 1276 ἀνυπὲρδλητόν
590 1250 619 1268 τε
634 1241 682 1268 καὶ
696 1242 892 1277 ἀπαράδλητον
906 1242 1002 1277 ἐκτρο-

213 1286 322 1320 πὴν,τὸ
345 1286 409 1318 τοὺς
438 1286 741 1321 συναλαζονευομένους
767 1286 842 1321 αὐτῷ
867 1287 1001 1323 πρὸτερον

212 1330 274 1363 τότε
295 1331 506 1366 συμφεύγοντας
520 1332 587 1368 ὁρᾷν
599 1332 675 1359 οὐδὲν
691 1332 798 1359 ἐκείνου
817 1332 1000 1368 σχολαίτερον.

214 1369 328 1404 Πάντων
343 1378 398 1412 γὰρ
420 1378 560 1413 προῦργου
578 1379 692 1413 γέγονεν
710 1379 802 1410 αὐτοῖς
821 1379 838 1413 ὴ
863 1379 932 1414 πρὸς
954 1379 1002 1406 τὸν

214 1421 288 1450 οἶκον
307 1424 447 1455 ἐπάνοδος.
463 1424 572 1459 Ταύτης
588 1425 638 1452 ούκ
664 1425 697 1452 ἂν
720 1425 856 1460 ἠλλάξατο
873 1425 1003 1460 βασιλεὺς

215 1469 270 1496 οὔδ’
288 1467 325 1497 ὧν
338 1472 424 1504 χωρὶς
437 1470 488 1497 οὐκ
501 1470 535 1497 ἂν
546 1470 623 1505 ἠξίου
638 1470 668 1497 τὸ
684 1471 750 1505 πρὶν
769 1471 876 1506 βιῶναι.
891 1471 1001 1508 Ταύτης

215 1515 306 1542 πᾱντα
327 1515 442 1550 δεύτερα
467 1514 520 1551 ἦγε
544 1517 593 1543 καὶ
617 1516 761 1551 βασιλείαν
789 1516 885 1552 αὐτὴν,
900 1517 1003 1553 κλῆρον

214 1561 394 1594 δικαιότατον,
405 1563 437 1589 ἐκ
452 1563 556 1598 πατρὸς
570 1563 645 1599 αὐτῷ
660 1563 856 1597 κατελθοῦσαν,
869 1564 1003 1600 μεγίστην
1017 1572 1039 1604 c

214 1606 310 1635 οὖσαν.
336 1609 379 1639 Ὠς
403 1608 457 1643 γὰρ
474 1608 573 1641 ἔοικεν,
594 1610 609 1635 ὁ
636 1608 718 1643 φόϐος
741 1609 833 1644 ψυχῆς
857 1610 1002 1646 κρατήσας

214 1653 344 1686 καθάπαξ
373 1654 461 1680 δεινόν
480 1662 506 1680 τι
526 1655 629 1690 ταύτης
649 1655 745 1682 ἐλάσαι
772 1657 826 1682 πᾶν
849 1657 962 1690 ἀγαθὸν,
977 1658 1002 1684 εί

216 1698 254 1735 μὴ
268 1699 316 1726 σὺν
330 1699 402 1735 λόγῳ
419 1700 500 1728 τοῦτο
512 1702 718 1737 προσκτήσαιτο
730 1702 769 1736 τῷ
783 1703 939 1738 γιγνομένῳ
955 1705 1003 1731 καὶ

215 1745 360 1781 πρέποντι,
380 1744 441 1773 εἶτα
458 1747 507 1774 καὶ
524 1748 615 1783 χρόνῳ
631 1747 719 1784 τούτῳ
737 1749 906 1782 συγγένοιτο,
924 1750 952 1781 ὃς
969 1750 1003 1776 ἂν

214 1791 351 1826 περιόδοις
374 1793 422 1819 καὶ
447 1794 567 1828 μήκεσιν
593 1794 666 1829 αὐτῇ
690 1803 722 1829 γε
741 1795 820 1822 τοῦτο
847 1796 1003 1831 προστήξας

215 1838 264 1863 καὶ
279 1837 434 1872 παγιὼσας,
451 1838 641 1875 ἀμετάϐλητον
663 1841 815 1876 ἀποφῆναι.
832 1841 926 1868 Πείθει
947 1842 1002 1868 δει-

216 1881 261 1908 λία
286 1883 415 1918 τρώσασα
441 1884 516 1917 νοῦν,
544 1884 658 1920 ἀκράτῳ
685 1885 763 1920 φόϐῳ
788 1885 1000 1921 κατασχεθέντα,

216 1927 316 1963 ῥᾳδίως
328 1929 557 1957 ἀνταλλάττεσθαι
570 1930 697 1965 μεγάλων
714 1930 761 1958 καὶ
779 1932 850 1958 πάνυ
866 1930 1001 1966 λαμπρῶν

216 1973 307 2006 φαῦλα
325 1975 373 2001 καὶ
398 1975 492 2009 γελοῖα
516 1976 685 2011 πράγματα,
712 1977 759 2003 καὶ
783 1976 817 2002 τὰ
841 1976 1002 2012 δυσχερείας

216 2019 314 2052 μεστὰ,
327 2021 375 2046 καὶ
392 2021 523 2056 μισητέα,
539 2022 588 2048 καὶ
613 2021 759 2056 βδελυκτὰ,
776 2022 814 2054 ὡς
839 2023 873 2050 τὰ
896 2023 1002 2055 τούτοις

214 2065 334 2098 ἐναντία,
348 2066 396 2093 σὺν
412 2067 569 2102 εὐφροσύνῃ
585 2067 726 2103 δέχεσθαι,
746 2068 815 2104 πρὸς
834 2069 919 2103 μόνην
931 2069 1002 2111 ,ἀπο-

214 2109 349 2136 ϐλέποντα
361 2111 410 2146 τὴν
425 2111 472 2138 τοῦ
488 2112 641 2144 λυποῦντος
655 2112 828 2147 ἀπαλλαγήν.
844 2109 936 2139 Τουτί
949 2122 1003 2140 πα-

214 2154 268 2181 θὼν
289 2155 426 2190 βασιλεὺς,
444 2156 584 2192 βασιλείαν
611 2156 661 2191 μὲν
683 2155 769 2192 αὐτὴν
794 2156 873 2191 παρὰ
897 2156 1000 2191 φαῦλον

213 2201 338 2235 θέμενος,
362 2202 393 2228 τὸ
410 2202 623 2236 προσκυνεῖσθαι
651 2202 749 2237 μικρὸν
773 2202 937 2237 ἡγούμενος,
957 2212 1002 2237 μι-

1046 278 1256 311 cogitationibus
1273 298 1280 311 ,
1319 281 1399 304 tanlte
1424 276 1561 311 majestati
1586 276 1836 308 convenientibus,

1046 324 1205 356 destitutus,
1217 330 1396 358 praeterquam
1408 322 1479 358 quod
1493 323 1593 350 nullius
1606 330 1666 349 eutn
1675 322 1713 349 rei
1725 322 1837 356 puderet

1048 377 1098 395 nec
1116 369 1229 403 periculi
1243 370 1392 404 quidquam
1408 369 1576 406 ad‘animum
1594 369 1739 396 revocabat
1756 376 1762 393 :
1782 376 1835 394 non

1048 415 1150 449 ignem,
1171 423 1224 442 non
1251 414 1334 446 feras,
1363 422 1416 441 non
1444 415 1560 446 ruinam,
1587 421 1640 441 non
1658 421 1837 445 cenum,nou

1048 462 1201 496 scopulum,
1217 470 1269 489 non
1289 463 1452 497 prmcipilem
1463 463 1564 495 locum,
1580 470 1635 488 non
1656 461 1766 494 famem,
1784 469 1836 487 non

1049 509 1133 542 ipsam
1160 507 1310 535 infamiam.
1332 509 1428 535 Omnia
1456 509 1570 536 molesta
1598 516 1647 542 pro
1670 507 1750 540 festo,
1778 509 1838 534 dira

1050 562 1098 588 pro
1115 554 1239 581 ludorum
1258 555 1412 582 celebritate
1425 555 1558 588 ducebat;
1579 555 1645 581 nihil
1667 555 1691 581 ei
1707 554 1838 581 lormida~

1049 599 1113 632 bile,
1126 605 1225 634 prteler
1236 599 1414 627 Athenienses
1427 609 1434 632 ;
1446 600 1512 626 nihil
1524 600 1645 633 exceptis
1657 599 1720 631 illis,
1733 598 1839 633 fugien-

1049 645 1112 670 dum
1133 654 1139 671 ι
1160 644 1202 671 his
1222 644 1289 672 solis
1305 652 1400 671 omnes
1423 644 1534 671 omnino
1551 644 1650 671 debere
1677 645 1790 678 primas,
1810 644 1838 669 in

1051 690 1132 716 rebus
1147 690 1285 721 omnibus,
1305 690 1472 723 concedere;
1488 698 1537 717 nec
1560 690 1585 716 id
1605 689 1768 716 facientibus
1784 689 1839 716 ullo

1051 736 1130 762 modo
1146 735 1242 769 pudori
1258 743 1318 762 esse
1332 743 1421 769 posse.
1434 735 1502 768 Quid
1517 736 1609 762 multis
1620 742 1688 769 opus
1703 735 1764 761 est?
1779 742 1839 760 om-

1052 782 1096 808 nia
1113 781 1240 809 indecora
1254 789 1302 815 pro
1319 781 1451 812 honestis,
1464 789 1545 808 omne
1560 781 1689 808 damnum
1704 787 1751 814 pro
1763 780 1839 806 lucro

1053 827 1191 860 ducebat;
1209 826 1288 853 modo
1302 826 1394 853 salvus
1407 825 1518 852 domutn
1537 829 1729 852 reverteretur.
1747 823 1841 857 Itaque

1051 879 1106 899 non
1119 872 1307 902 erubescebat,
1324 871 1396 906 quod
1408 870 1490 897 alium
1511 877 1623 905 prorsus
1638 877 1670 896 ex
1692 869 1745 895 alio
1758 876 1787 896 se
1801 869 1841 895 fa-

1051 924 1124 944 ctum
1141 918 1313 951 ostenderet;
1327 925 1377 944 nec
1392 925 1472 952 grave
1485 917 1606 951 putabat,
1622 916 1645 943 si
1661 915 1800 942 hominum
1812 915 1840 941 in

1051 963 1138 991 oculis
1151 964 1232 990 etiam
1250 963 1385 991 deteriora
1405 967 1551 998 pateretur,
1568 970 1648 997 quam
1673 970 1733 997 qua:
1759 961 1841 996 paulo

1052 1014 1115 1036 ante
1126 1009 1281 1037 minabatur
1293 1009 1337 1042 iis,
1351 1017 1364 1036 ει
1376 1010 1476 1044 quibus
1487 1009 1544 1036 haec
1553 1010 1717 1044 patiebatur.
1731 1009 1765 1035 At
1778 1016 1840 1035 vero

1052 1054 1117 1088 quid
1134 1054 1185 1081 diei
1214 1055 1320 1089 turpius
1345 1055 1397 1082 hac
1421 1055 1572 1082 mutatione
1598 1056 1684 1089 possit
1706 1059 1840 1086 extrema,

1053 1102 1107 1127 tam
1124 1100 1214 1127 subito
1228 1100 1317 1127 facta?
1331 1100 1424 1133 ﬂante,
1439 1102 1460 1128 si
1476 1101 1547 1128 nulla
1564 1109 1606 1128 res
1619 1105 1750 1128 terrorem
1763 1102 1841 1128 incn-

1052 1145 1111 1178 tiat,
1128 1145 1154 1172 in
1167 1145 1250 1173 altum
1271 1154 1300 1173 Se
1313 1154 1365 1173 non
1380 1146 1551 1181 demergunt,
1569 1153 1598 1174 ut
1616 1147 1715 1174 abdita
1742 1147 1841 1182 palude

1052 1198 1187 1225 nusquam
1197 1196 1355 1226 appareant.
1371 1182 1423 1218 llic
1436 1199 1510 1224 vero,
1522 1193 1568 1227 qui
1588 1193 1653 1220 nulli
1673 1193 1839 1226 mortalium,

1052 1237 1098 1271 qui
1118 1245 1237 1273 unquam
1249 1238 1423 1271 exstiterunt,
1436 1239 1679 1274 imaginationibus
1688 1247 1719 1267 ex
1732 1247 1761 1268 se
1775 1247 1840 1267 con-

1051 1284 1138 1318 ceptis
1151 1291 1199 1318 par
1214 1288 1283 1317 erat,
1300 1284 1326 1312 id
1349 1284 1439 1312 facere
1460 1285 1600 1318 sustinuit,
1620 1287 1691 1320 quod
1710 1295 1743 1314 ne
1764 1287 1841 1321 lepo-

1054 1337 1097 1357 res
1109 1330 1219 1364 quidem
1240 1331 1357 1364 faciunt,
1384 1330 1515 1366 fugiebat,
1532 1333 1671 1366 currebat,
1690 1341 1744 1360 non
1759 1334 1839 1368 quie-

1053 1375 1157 1408 scebat,
1167 1383 1229 1403 cum
1238 1383 1287 1404 nec
1298 1382 1505 1412 persequentem
1515 1384 1648 1414 cerneret,
1657 1386 1707 1406 nec
1715 1380 1840 1408 umbram

1053 1422 1112 1457 ejus
1141 1422 1255 1455 videret,
1283 1428 1331 1450 aut
1347 1430 1442 1451 vocem
1462 1423 1544 1450 ullam
1572 1424 1688 1452 audiret.
1715 1424 1841 1453 Fortasse

1054 1468 1246 1496 consolabatur
1270 1469 1409 1497 hominem
1445 1469 1502 1497 haec
1529 1470 1732 1504 perferentem,
1759 1472 1841 1506 atque

1053 1515 1135 1541 etiam
1152 1514 1293 1553 incitabat,
1314 1516 1407 1549 credo,
1423 1516 1456 1543 ad
1473 1525 1610 1544 summam
1624 1521 1651 1544 et
1670 1517 1842 1552 incompara-

1057 1560 1138 1587 bilem
1151 1560 1220 1588 hanc
1235 1561 1370 1588 insaniam
1383 1569 1391 1595 ;
1409 1562 1481 1596 quod
1492 1570 1550 1595 eos,
1568 1571 1636 1597 quos
1656 1568 1736 1591 antea
1751 1565 1840 1593 socius

1054 1604 1189 1632 habuerat
1205 1606 1382 1639 arrogantim,
1397 1614 1468 1633 nunc
1478 1605 1564 1635 niliilo
1576 1615 1606 1635 se
1619 1609 1758 1643 segniores
1772 1610 1841 1645 fug:e

1053 1649 1144 1678 socios
1161 1651 1343 1684 conspiceret.
1359 1650 1425 1677 Nam
1449 1651 1517 1678 nihil
1540 1652 1580 1680 eis
1605 1658 1664 1680 erat
1686 1654 1838 1689 antiquius.

1053 1703 1134 1731 quam
1152 1696 1190 1723 uti
1207 1696 1317 1724 domum
1331 1697 1464 1725 redirent.
1478 1696 1546 1726 Cum
1561 1698 1612 1726 hac
1625 1700 1781 1728 reversione
1793 1709 1841 1729 rex

1054 1749 1105 1770 nec
1126 1741 1172 1770 illa
1188 1747 1393 1777 commutasset,
1411 1744 1516 1779 absque
1531 1745 1630 1782 quibus
1645 1750 1723 1774 antea
1746 1738 1841 1774 nevi-

1053 1795 1117 1816 vere
1139 1788 1248 1823 quidem
1268 1790 1411 1818 voluisset.
1438 1791 1507 1818 Huic
1530 1792 1622 1819 omnia
1644 1793 1840 1827 postponebat,

1053 1834 1200 1869 ipsumque
1226 1835 1293 1862 adeo
1309 1843 1436 1870 regnum,
1452 1837 1516 1872 jure
1532 1837 1651 1866 debitum
1666 1839 1690 1866 ei
1707 1841 1839 1874 patrimo-

1053 1881 1141 1913 nium,
1159 1881 1231 1916 quod
1247 1881 1444 1916 amplissimum
1465 1891 1480 1911 a
1495 1888 1572 1919 patre
1589 1891 1742 1920 acceperat.
1757 1886 1842 1915 Nimi-

1053 1935 1114 1954 rqu
1130 1932 1229 1960 metus,
1245 1928 1285 1955 uti
1306 1929 1423 1964 videtur,
1441 1930 1464 1957 si
1481 1932 1566 1958 semel
1588 1933 1709 1960 animum
1725 1940 1842 1969 occupa-

1053 1972 1132 2004 verit,
1149 1972 1337 2001 admirabilem
1353 1974 1405 2001 vim
1430 1975 1511 2002 habet
1525 1983 1560 2003 ex
1582 1984 1614 2004 eo
1629 1978 1744 2011 pellendi
1760 1986 1842 2007 omne

1053 2018 1175 2052 bonum;
1194 2019 1220 2046 iu
1235 2023 1418 2048 consentanea
1437 2022 1603 2056 deeenteque
1618 2024 1722 2052 ratione
1736 2025 1762 2052 id
1782 2027 1842 2053 ani-

1053 2071 1115 2091 mus
1124 2064 1259 2098 acquirat,
1271 2061 1469 2101 eique-tempus
1483 2067 1516 2094 ad
1532 2068 1641 2102 aliquod
1658 2071 1728 2097 adsit
1744 2078 1751 2096 :
1767 2073 1839 2106 quod

1053 2109 1100 2137 ubi
1123 2110 1218 2144 spatiis
1238 2111 1400 2145 quihusdam
1425 2112 1664 2147 intercedentibus,
1681 2117 1772 2143 animo
1795 2119 1841 2145 bo-

1053 2163 1117 2183 num
1133 2157 1222 2191 ipsum
1239 2157 1369 2191 inﬁxerit,
1385 2158 1557 2195 solidumque
1575 2159 1670 2188 fecerit
1682 2182 1690 2195 ,
1709 2162 1838 2192 immuta-

1053 2201 1106 2228 bile
1122 2202 1255 2230 redditur.
1272 2203 1427 2238 Trepidatio
1450 2205 1472 2232 si
1501 2210 1619 2233 mentem
1644 2209 1837 2242 vulneraverit,

213 2246 282 2280 κροῦ
296 2247 345 2273 καὶ
361 2247 414 2273 ὑπὸ
435 2248 544 2275 πάντων
566 2247 652 2274 ἐθνῶν
673 2248 739 2283 παρ’
753 2248 830 2274 οὐδέν
847 2257 873 2274 τι
896 2248 999 2282 λογιζό-

1055 2244 1202 2276 immodica
1217 2254 1369 2283 correptam
1386 2249 1542 2281 formidine,
1557 2251 1629 2278 facili
1640 2259 1699 2279 eam
1716 2261 1839 2282 momen-

216 2300 297 2325 μενος
315 2293 345 2318 τδ
370 2292 421 2319 ὺπδ
445 2293 491 2319 τὸν
517 2293 563 2319 ὑπ’
579 2293 661 2319 αὑτὸν
678 2294 792 2326 μονονοὺ
815 2294 863 2320 καὶ
884 2294 929 2320 ῑσα
940 2294 1001 2330 Θεῷ

215 2337 434 2372 θεραπεύεσθαι,
460 2339 561 2373 ἑορτῶν
582 2348 612 2365 τε
641 2339 780 2374 ἀλογήσας
807 2340 854 2366 καὶ
876 2340 1001 2374 πανηγύ-

216 2390 298 2416 ρεων,
324 2379 367 2414 αἶς
400 2383 506 2419 ἔχαιρε,
533 2383 659 2418 βασίλειά
684 2392 714 2410 τε
746 2384 793 2410 καὶ
821 2385 931 2420 λουτρὰ,
954 2385 1002 2411 καὶ

214 2422 398 2462 παραδείσους
425 2429 551 2461 ἐκείνους
573 2429 712 2465 περιιδὼν,
729 2430 747 2457 ἃ
764 2431 812 2456 καὶ
836 2431 883 2457 τοῦ
900 2433 1000 2464 παντὸς

215 2474 365 2508 προετίμα,
387 2471 464 2509 οἶμαι
479 2474 507 2501 δὲ
521 2475 568 2502 καὶ
583 2476 671 2511 νήσων
685 2477 808 2509 ἐκείνων,
824 2476 857 2508 ἂς
875 2478 930 2508 τοῖς
950 2479 1001 2512 μά.

214 2527 315 2553 καρσιν
329 2520 482 2556 ἀπένειμαν
498 2522 522 2548 οἱ
537 2521 598 2548 τότε
613 2521 827 2557 παραπαίοντες,
843 2523 1000 2557 ἀσφοδελῶν

213 2573 243 2592 τε
259 2565 413 2600 λειμώνων,
434 2567 481 2593 καὶ
502 2567 630 2595 Ἠλυσίου
656 2568 759 2600 πεδίου,
774 2569 821 2595 καὶ
840 2569 895 2596 τῶν
911 2570 1000 2597 τοιού-

213 2619 268 2636 των
299 2612 441 2646 ἁπάντων,
472 2613 522 2648 τὴν
551 2614 657 2640 ἰδιώτου
689 2616 787 2649 μοῖραν
814 2615 921 2650 ἐπῄνει,
953 2615 1000 2641 καὶ

215 2656 341 2691 στέργειν
363 2658 471 2693 ἕτοιμος
493 2657 527 2694 ἦν
550 2659 681 2692 δουλείαν,
704 2660 752 2686 καὶ
777 2660 866 2686 πάντα
892 2661 999 2695 φέρειν,

214 2702 295 2736 μόνον
309 2703 334 2729 εί
349 2703 472 2735 σώζοιτο.
490 2704 578 2732 Λίθων
593 2705 622 2731 δὲ
638 2706 751 2732 ἐκείνων
769 2706 824 2733 τῶν
838 2708 943 2734 πολλῶν
968 2716 998 2734 τε

214 2749 262 2775 καὶ
276 2749 377 2783 καλῶν,
393 2751 440 2777 καὶ
456 2751 595 2786 μεγάλων,
612 2749 651 2783 οἷς
672 2753 854 2787 ἐκεκόσμητο,
870 2754 916 2779 καὶ
933 2754 999 2780 πλα-

213 2795 293 2820 τάνου
315 2796 365 2830 τῆς
384 2796 500 2831 χρυσῆς,
518 2798 566 2823 καὶ
588 2797 619 2832 δὴ
638 2799 685 2824 καὶ
703 2798 788 2832 τύφου
816 2799 916 2830 παντὸς
942 2800 1000 2826 gm-

213 2839 388 2875 λελησμένος,
418 2842 559 2877 ἠσπάζετό
583 2851 612 2869 τε
643 2845 750 2876 πενίαν,
782 2845 829 2871 καὶ
858 2846 998 2879 προύτίθει

214 2887 356 2922 σχήματος
376 2889 457 2923 μόνον
479 2890 529 2926 οὐκ
553 2890 705 2917 ἀθανασίαν
727 2890 802 2926 αὐτῷ
818 2891 997 2926 παρέχοντος.

1054 2298 1082 2320 ιο
1098 2293 1222 2328 impellit,
1238 2299 1268 2321 ut
1285 2302 1347 2321 cum
1365 2295 1470 2329 magnis
1484 2300 1510 2322 et
1529 2297 1607 2324 valde
1626 2298 1775 2332 splendidis
1797 2308 1840 2326 re-

1053 2339 1106 2366 bus
1133 2340 1197 2366 vilia
1215 2339 1384 2374 ridiculaque
1398 2347 1565 2375 commutet;
1582 2350 1614 2370 ac
1629 2343 1707 2378 plena
1726 2344 1840 2372 diliicnl-

1053 2384 1127 2417 tatis,
1145 2384 1261 2420 odioque
1285 2389 1312 2412 et
1333 2387 1520 2415 exsecratione
1537 2388 1627 2422 digna,
1652 2389 1733 2417 veluti
1751 2391 1773 2417 si
1797 2390 1840 2417 his

1053 2431 1189 2458 contraria
1215 2431 1303 2458 forent
1321 2439 1382 2458 cum
1402 2432 1549 2467 voluptate.
1565 2434 1651 2462 solam
1666 2435 1785 2463 molesta:
1801 2438 1838 2464 rei

1054 2477 1283 2512 propulsationem
1302 2484 1440 2512 spectans,
1454 2479 1596 2514 suscipiat.
1613 2480 1669 2508 Hoc
1690 2489 1751 2509 eum
1777 2484 1839 2510 huic

1054 2531 1162 2558 quoque
1176 2524 1231 2558 regi
1249 2523 1402 2555 accidisset,
1418 2533 1532 2561 regnum
1547 2527 1636 2560 ipsum
1657 2528 1838 2563 vilipendeus,

1053 2569 1240 2596 adorationem
1257 2570 1446 2603 parvifaciens,
1461 2580 1514 2606 qua
1530 2580 1613 2607 prope
1625 2574 1732 2601 cunctis
1745 2583 1759 2601 a
1774 2583 1839 2609 gen-

1053 2615 1127 2642 tibus
1150 2616 1311 2649 colebatur;
1340 2624 1390 2652 pro
1405 2618 1490 2645 nihilo
1519 2618 1632 2652 ducens,
1657 2621 1730 2655 quod
1749 2622 1808 2649 suis
1823 2630 1838 2649 a

1052 2661 1168 2688 subditis
1191 2662 1215 2688 ei
1234 2662 1323 2689 cultus
1351 2671 1433 2698 prope
1456 2664 1548 2691 divino
1573 2672 1621 2699 par
1636 2665 1837 2699 exhiberetur;

1051 2707 1180 2741 neglectis
1188 2713 1214 2734 et
1225 2708 1444 2735 solemnitatibus
1450 2713 1477 2736 et
1485 2709 1609 2736 ludorum
1621 2710 1837 2739 celebritatibus.

1051 2752 1152 2787 quibus
1164 2753 1264 2787 alioqui
1277 2754 1473 2788 delectabatur,
1487 2755 1630 2791 regiasque
1644 2764 1707 2784 cum
1721 2758 1837 2786 lavacris

1051 2799 1226 2833 etparadisis
1242 2805 1414 2834 aspernatus,
1442 2809 1502 2834 qua:
1527 2804 1614 2830 cuivis
1642 2805 1679 2832 rei
1709 2804 1838 2839 praeferre

1051 2845 1175 2879 solebat;
1202 2846 1332 2881 itemque,
1355 2855 1414 2874 mea
1436 2855 1502 2876 sane
1521 2851 1659 2884 opinione,
1677 2851 1736 2878 illas
1762 2852 1836 2884 ipsas

1052 2893 1166 2926 insulas,
1182 2900 1251 2928 quas
1265 2900 1359 2921 eorum
1370 2896 1606 2930 temporumdeliri
1617 2898 1740 2925 homines
1751 2896 1836 2924 beatis

1799 2949 1847 2966 με
