1937 3078
104 219 156 250 399

687 218 766 248 MAN
774 218 886 248 UELIS
900 216 1125 248 PALJEOLOGI

1671 213 1727 245 ιοο

105 279 298 308 attribuerunt.
323 285 384 305 eum
411 277 536 304 herbosis
555 276 608 304 illis
634 282 730 312 pratis,
761 283 786 305 el
803 277 892 312 Elysio

946 276 1001 303 Καὶ
1028 275 1080 310 μὴν
1095 275 1209 306 εἰκότως
1231 274 1264 302 ἄν
1279 282 1320 305 τις
1344 274 1416 300 εἴποι
1441 273 1563 305 κάκεῖνο,
1577 271 1619 299 ὅτι
1640 272 1672 307 δὴ
1687 272 1736 298 καὶ

105 333 213 359 campo,
227 324 321 350 ctaliis
334 323 489 358 hujnsmodi
502 322 628 352 omnibus
643 332 649 350 :
663 323 759 357 privati
774 323 891 350 hominis

106 376 205 398 sortem
220 370 386 396 lamdabatac
398 369 554 396 servitutem
570 369 685 395 tolerare
700 374 810 402 paratus
821 372 892 400 erat.

106 413 253 447 omniaque
270 412 350 445 ferre,
368 412 449 439 modo
465 413 556 440 salvus
567 413 705 439 evaderet.
718 412 893 439 Gemmarum

107 467 184 490 vero.
198 459 298 494 quibus
318 463 344 486 et
361 459 463 490 multis,
489 463 516 486 ct
532 459 662 494 pulchris,
679 463 705 485 et
728 459 833 494 magnis
850 467 895 486 or—

108 510 188 532 natus
197 509 266 537 erat,
279 512 421 539 auremque
431 505 542 538 platani,
556 508 582 531 et
593 504 893 536 faslusomnisoblitus,

109 555 292 585 paupertatem
315 550 537 584 amplectebatur,
558 550 637 584 eique
660 549 793 585 majestati
818 555 895 577 ante-

106 597 234 628 ponebat,
253 604 313 630 qua:
331 596 382 631 ipsi
398 601 502 622 tantum
519 603 574 622 non
588 596 824 623 immortalitatem
839 595 895 622 lar-

107 643 239 676 giebatur.
256 641 310 669 Nec
323 644 372 669 abs
389 648 417 669 re
431 643 493 677 quis
503 642 695 675 dixerit,eum,
706 647 895 677 quotempore

108 696 187 715 nemo
213 695 266 714 non
297 688 345 723 ipsi
365 689 529 716 assentando
543 687 742 719 blandiebatur,
771 687 894 715 [uturum

107 738 217 767 putasse
232 738 261 760 ut
288 734 500 763 immortalitatis
526 742 634 770 quoque
657 737 766 769 propter
781 742 895 781 qegnum

106 780 244 814 particeps
261 780 381 807 ﬁeret.”
393 781 465 807 enim
481 788 588 814 semper
599 780 626 806 in
641 780 736 807 melius
750 780 805 806 tum
820 788 895 812 cura,

109 830 164 852 tum
181 825 280 852 virtute
295 834 345 852 sua
368 826 530 860 proveltens,
553 826 612 853 loco
637 826 728 860 pontis
749 830 776 852 et
800 826 898 860 gradus

109 871 142 896 ad
156 876 293 905 speratam
311 871 545 898 immortalitatem
563 871 614 898 sibi
632 870 689 898 fore
703 871 839 904 credebat,
857 877 898 898 at-

109 924 161 948 que
175 916 244 942 hanc
258 915 388 949 vicissim,
403 921 464 951 post
486 916 593 951 longam
609 917 634 943 in
653 907 733 943 terris
747 924 899 944 commora-

945 321 1047 354 ταύτης
1061 319 1198 354 ἐνόμιζεν,
1215 319 1297 355 ἡνίκα
1323 319 1398 354 παρᾶ
1416 319 1526 346 πάντων
1540 317 1734 350 έκολακεύετο,

946 367 1070 401 μεθέξειν
1088 366 1132 393 διὰ
1156 366 1206 400 τὴν
1229 366 1380 400 βασιλείαν.
1408 365 1540 391 "Eosdem
1570 365 1625 398 γὰρ
1649 364 1735 398 αὐτὴν

947 412 1054 447 ἐκείνῳ,
1067 412 1242 438 ὲπιδιδοῦσαν
1267 412 1322 438 αἱεί
1342 411 1410 444 πρὸς
1432 411 1554 445 ἄμεινον,
1573 409 1736 444 ἐπιμελείας

945 459 994 492 τῆς
1011 457 1092 484 αὐτοῦ
1106 458 1154 484 καὶ
1172 457 1275 492 ἀρετῆς
1290 457 1393 486 εἵνεκα,
1415 457 1537 491 γέφυραν
1550 456 1598 483 καὶ
1612 455 1736 489 κλίμακα

946 503 996 537 τῆς
1022 502 1204 537 ἐλπιζομένης
1223 502 1392 533 ἀθανασίας·
1411 503 1458 528 καὶ
1486 502 1574 536 αὐτήν
1599 509 1630 534 γε
1653 500 1736 527 πάλιν

946 548 1032 584 γέρας
1045 550 1092 584 τῆς
1109 548 1249 583 βασιλείας
1272 548 1340 582 μετὰ
1362 549 1473 583 μακρὰν
1493 548 1543 582 τὴν
1560 547 1655 574 ινθάδε
1676 546 1736 573 δια-

946 594 1055 629 τριϐήν.
1077 594 1150 620 ‘AD.’
1165 595 1215 621 οὐκ
1232 594 1296 628 ένῆν
1321 594 1462 628 τραπέντα
1477 593 1569 628 ψυχὴν
1595 594 1645 628 τὴν
1658 594 1737 629 ,γνώ-
1772 620 1778 625 ,

949 634 1003 674 μην
1020 640 1106 674 ῑσχειν
1126 639 1273 674 ἀκίνητον·
1289 639 1361 666 ὥστε
1387 639 1436 674 τὴν
1459 639 1509 673 μὲν
1531 636 1738 673 βασιλείανίεύ-

948 684 1006 718 οὺς,
1024 686 1073 712 καὶ
1088 687 1101 712 ὅ
1114 686 1140 711 τί
1154 694 1207 719 περ
1228 685 1329 719 σεμνὸν
1356 685 1441 720 αὐτὴν
1466 686 1611 720 ἀποφαίνοι
1629 685 1736 721 χρῆμα.

948 730 1046 762 ἐξέωσε
1073 731 1123 765 τῆς
1143 732 1253 766 μνήμης
1268 739 1276 747 ·
1296 731 1330 757 τὰ
1344 732 1447 766 ταύτης
1465 731 1495 758 δὲ
1518 731 1583 766 ἡδέα
1611 732 1659 758 καὶ
1676 739 1738 765 τερ-

949 777 1015 809 πνὰ,
1032 776 1104 812 ἅπερ
1118 778 1152 803 ἂν
1170 775 1249 812 οἶμαι
1268 777 1363 804 τοῦτον
1381 777 1542 812 προτιθέναι
1566 777 1614 804 καὶ
1629 775 1737 811 ἀμϐρο-

950 823 1010 853 σίας
1025 823 1072 849 καὶ
1088 823 1230 857 νέκταρος.
1246 824 1302 849 τῶν
1318 823 1456 857 λογισμῶν
1470 823 1602 850 διεώσατο
1616 823 1717 854 τελέως
1727 831 1735 838 ⁵

949 868 996 894 καὶ
1013 868 1186 902 ἀμωσγέπως
1200 869 1260 896 οὐδὲ
1278 869 1417 903 ἐμέμνητο
1431 865 1481 903 τῆς
1494 869 1559 903 πρὶν
1576 868 1736 903 ἐμπλήκτου

952 914 1126 948 παρσφορᾶς.
1159 914 1201 945 Ὠς
1224 915 1313 947 ἔγωγε
1347 913 1436 949 οἶμαι,
1458 913 1485 939 ετ
1510 922 1553 944 τις
1579 914 1655 949 αὺτῷ
1671 914 1738 948 περὶ

110 962 223 993 tionem,
240 962 316 996 regni
338 962 488 996 praemium.
509 961 561 989 Sed
584 962 640 989 ﬁeri
665 970 716 988 non
736 967 851 996 poterat,
872 971 886 988 ιι

954 959 1094 994 puritate;
1112 960 1158 986 καὶ
1173 960 1228 986 τῶν
1247 960 1356 996 ἐκείνης
1381 960 1493 994 ἀγαθῶν
1507 960 1661 994 τηνικαῦτα
1678 959 1737 985 δια-

109 1008 204 1034 animo
235 1012 354 1035 mutatus
373 1028 381 1040 ,
413 1014 529 1034 mentem
567 1007 706 1035 immotam
746 1009 899 1036 retineret:

108 1056 203 1087 itaque
216 1060 276 1080 mox
293 1058 320 1080 et
336 1061 461 1088 regnum,
474 1058 502 1080 et
514 1053 647 1088 quidquid
663 1054 721 1088 ejus
733 1059 807 1082 esset
821 1062 901 1090 gene-

107 1097 157 1130 ris,
175 1103 204 1125 ut
225 1099 400 1140 augustzerei
423 1107 522 1127 nomen
539 1108 621 1134 regno
643 1101 814 1134 conciliaretI
845 1108 900 1128 me-

108 1144 194 1170 moria
219 1144 353 1177 exclusit;
371 1152 487 1180 quaeque
513 1153 598 1179 regno
621 1146 741 1179 jucunda
768 1147 898 1178 inessent,

107 1189 260 1216 existimata
273 1189 437 1224 carteroquin
460 1190 494 1217 ab
509 1190 568 1225 ipso
585 1194 639 1217 tam
654 1191 799 1224 ambrosia,
817 1199 898 1227 quam

107 1240 215 1262 nectare
237 1235 354 1270 potiora,
379 1243 493 1270 prorsus
522 1243 538 1263 e
563 1236 774 1271 cogitationibus
794 1239 897 1273 eiecit;

106 1280 280 1315 quodamque
311 1281 395 1308 modo
428 1281 501 1308 illius
528 1282 648 1316 prlslinte
675 1283 833 1318 stolidieque
856 1284 898 1310 in-

107 1334 193 1354 sannae
214 1334 248 1354 ne
264 1327 373 1361 quidem
389 1328 562 1360 meminerat,
582 1333 610 1355 ut
624 1328 748 1363 equidem
768 1329 895 1363 arbitrer,

106 1373 128 1399 si
142 1373 206 1407 quis
220 1373 252 1399 de
264 1379 359 1406 regno,
375 1371 462 1407 deque
476 1372 551 1407 regni
564 1373 652 1406 bonis,
666 1374 698 1400 ad
709 1381 770 1401 eum
786 1375 813 1401 id
827 1379 898 1402 tem-

106 1419 182 1452 poris
199 1419 389 1449 disseruisset,
404 1422 431 1445 et
445 1419 670 1446 molestissimum
684 1419 709 1447 ei
726 1419 860 1454 futurum,
871 1424 899 1448 et

107 1464 225 1491 fortasse
243 1464 485 1498 reprehensionem
502 1472 611 1499 quoque
626 1465 779 1493 subiturum
801 1466 895 1494 fuisse.

105 1509 186 1543 Atqui
201 1509 290 1544 prius,
307 1517 367 1536 cum
380 1509 413 1536 ab
423 1511 498 1537 ornni
510 1510 657 1538 sobrietate
670 1518 784 1546 prorsus
792 1512 896 1540 alienus

105 1559 187 1587 esset,
200 1559 227 1582 et
250 1555 419 1588 admittebat,
437 1561 463 1582 et
485 1556 763 1590 amplectebaturret
786 1557 896 1593 largiter

106 1600 335 1628 remunerabatur
349 1621 357 1634 ,
385 1601 407 1629 si
423 1602 466 1636 qui
486 1610 547 1629 eum
569 1603 627 1636 pari
643 1610 704 1630 cum
722 1603 775 1631 diis
794 1604 893 1631 cwliti-
905 1620 929 1652 ϐ

105 1646 158 1674 bus
182 1652 209 1674 et
224 1647 327 1674 caelesti
348 1647 434 1682 gratia
458 1647 661 1682 perl‘ruentibus
676 1648 778 1676 honore
790 1649 891 1677 coluis-

104 1691 316 1719 sent.'Sedenim
337 1692 371 1720 de
387 1693 523 1727 prioribus
536 1694 568 1720 ad
585 1694 722 1720 contraria
740 1693 891 1725 traductus,

98 1745 160 1764 mon
187 1737 243 1772 jam
275 1738 407 1772 pristinus
433 1738 478 1765 ille
505 1738 607 1766 Xerxes
633 1743 692 1767 erat
711 1758 718 1772 ,
754 1739 800 1774 qui
837 1739 893 1765 ham

104 1789 161 1810 tum
195 1784 308 1819 agebat,
343 1783 481 1817 celebris,
518 1785 641 1819 inquam,
663 1785 719 1817 ille,
751 1793 891 1820 magnus,

86 1853 94 1861 ,
105 1829 204 1861 audax,
220 1830 320 1864 elatus,
334 1829 468 1862 insolens,
483 1831 529 1864 qui
551 1838 646 1864 parum
659 1832 762 1863 aberat,
776 1830 814 1857 uti
829 1831 892 1866 qui-

104 1877 164 1904 dem
180 1876 338 1911 apparebat,
356 1876 422 1910 quin
437 1883 498 1903 cum
513 1877 571 1910 ipso
586 1877 639 1903 Deo
652 1881 788 1903 certamen
804 1877 891 1904 susci-

105 1927 198 1955 peret,
221 1923 269 1948 sed
287 1921 358 1948 allus
371 1922 406 1948 ab
420 1921 468 1948 illo
479 1921 618 1955 quondam
636 1921 738 1954 Xerxe,
756 1922 891 1957 planeque

100 1967 240 1993 diversus.
259 1965 325 1993 Nam
336 1973 368 1992 ex
380 1966 554 2000 poenitentia,
572 1968 652 2001 quasi
668 1967 690 1994 si
706 1975 789 2002 grave
810 1972 892 2002 caput

104 2015 187 2043 esset,
204 2011 298 2039 oculos
316 2011 344 2038 in
377 2015 478 2038 terram
506 2012 634 2046 deﬁgere,
663 2019 717 2040 non
736 2013 809 2041 illius
830 2017 889 2040 erat

104 2058 239 2092 superbiae
263 2057 373 2093 prioris,
399 2058 444 2086 cui
461 2059 559 2093 primis
573 2059 608 2086 ab
633 2059 712 2091 annis
739 2059 890 2087 innutritus

100 2108 173 2136 erat,
192 2108 216 2131 et
233 2104 336 2138 absque
348 2111 399 2139 qua
415 2111 449 2132 ne
470 2105 600 2139 temporis
613 2105 722 2139 quidem
750 2111 891 2132 momento

105 2151 227 2185 conspici
241 2155 356 2185 poterat.
376 2150 469 2183 Itaque
490 2151 602 2178 materie
626 2151 732 2177 Xerxes
745 2151 815 2178 idem
833 2159 901 2178 nia--

102 2202 174 2222 nens
192 2195 266 2229 (nam
284 2196 342 2223 ﬁeri
366 2199 471 2222 natura
487 2195 602 2222 mutatio
625 2195 779 2230 nequibat),
800 2196 889 2222 forma

73 2268 75 2270 τ
103 2246 225 2268 extreme
239 2245 354 2274 mutata,
370 2241 480 2269 cunctis
497 2241 644 2268 maximam
661 2241 695 2268 de
711 2249 739 2269 se
752 2241 890 2276 prrebebat

101 2287 313 2314 admirationem
329 2296 337 2315 :
355 2295 409 2314 non
425 2287 655 2322 philosophando,
671 2288 886 2314 non-moderate
904 2289 926 2317 D

103 2340 134 2361 se
151 2334 280 2368 gerendo,
290 2334 420 2369 (quonam
433 2334 459 2360 id
473 2333 579 2368 pacto?)
591 2333 704 2360 sedtice
716 2340 803 2365 versa,
817 2333 889 2368 quod

103 2379 316 2415 philosophiam,
353 2379 546 2407 moderationis
573 2379 742 2414 magistram,
764 2386 817 2405 non
840 2379 889 2406 de-

102 2431 248 2460 gustasset.
264 2427 305 2454 Ab
324 2434 354 2453 ea
368 2425 525 2457 destitutus,
545 2426 571 2452 in
587 2424 778 2452 vicissitudine
794 2431 887 2451 rerum

103 2472 171 2500 adeo
186 2479 215 2499 se
230 2472 372 2499 inhoneste
388 2472 482 2506 gessit,
496 2478 525 2498 ut
544 2475 572 2498 et
596 2471 711 2506 polypos
726 2470 901 2501 obscurareL

100 2524 129 2546 et
140 2518 363 2549 ehammleontes,
377 2525 465 2545 meras
478 2525 532 2552 pra'.
545 2525 573 2544 se
586 2524 673 2553 nugas
693 2517 804 2545 faceret.
819 2515 887 2542 Nam

98 2565 182 2592 heros
194 2565 255 2596 iste,
267 2564 309 2591 vel
323 2564 369 2599 qui
387 2565 477 2598 potius
502 2563 575 2598 ipsos
603 2563 708 2590 anteire
722 2570 751 2589 se
777 2563 889 2597 putabat

102 2612 311 2643 heroas,animo
326 2617 381 2638 tum
389 2611 537 2645 dejectiore
562 2617 643 2644 quam
656 2609 769 2636 Irusille
779 2609 886 2636 mendi-

100 2665 149 2684 cns
178 2661 246 2684 erat.
262 2657 307 2684 Sic
327 2657 359 2683 ad
371 2658 499 2692 abyssum
515 2663 549 2684 ex
575 2657 675 2683 aethere
695 2656 806 2687 decidit,
832 2660 886 2682 tam

100 2703 265 2738 superciliis,
278 2712 359 2738 quam
385 2709 492 2730 tumore
506 2702 658 2737 spirituque
674 2702 785 2737 dejectis
800 2710 807 2734 ;
824 2709 885 2728 cum

100 2750 208 2777 leonina
220 2751 298 2784 pelle,
313 2751 412 2777 ferocia
421 2758 530 2784 quoque
539 2749 659 2784 deposita
674 2757 680 2775 :
695 2755 748 2775 tam
761 2749 886 2775 absolute

96 2796 162 2822 'deni
175 2803 218 2829 [ue
236 2801 355 2823 mutatus
370 2804 401 2822 ex
418 2797 471 2823 .ih'o
500 2797 526 2822 in
560 2796 655 2825 alium,
673 2796 755 2821 vitam
778 2800 805 2820 nt
829 2795 886 2828 ipse

100 2849 177 2869 Suam
207 2842 320 2873 odisset,
345 2842 524 2877 amentiaeqne
543 2849 574 2868 ac
601 2841 729 2867 vanitatis
759 2841 882 2874 pristinae

101 2895 196 2922 pmnas
206 2887 262 2922 ipse
271 2886 475 2922 quodammodo
493 2888 526 2914 de
540 2889 632 2922 seipso
643 2892 776 2916 sumeret,
788 2893 883 2920 qnam-

99 2941 181 2969 quam
198 2933 289 2961 animo
307 2934 351 2961 illa
366 2941 435 2969 puro
457 2938 665 2969 spontaneoquc
690 2939 743 2959 non
770 2931 882 2959 faceret.

952 1005 1068 1039 λέγοιτο,
1088 1006 1141 1032 κᾶν
1156 1006 1361 1040 έπαχθὲστατος
1383 1006 1470 1039 δόξαι,
1485 1007 1531 1033 καί
1547 1014 1599 1032 που
1613 1006 1660 1032 καὶ
1677 1007 1737 1031 ἐπι-

951 1051 1061 1086 τίμησιν
1090 1060 1150 1078 τινα
1175 1052 1240 1086 παρ’
1266 1052 1349 1078 αὐτοῦ
1381 1052 1521 1085 δέξασθαι.
1558 1052 1653 1079 Καίτοι
1686 1052 1736 1078 καὶ

951 1098 1068 1132 ἐδέχετο,
1085 1099 1131 1124 καὶ
1154 1099 1305 1133 ἠσπάζετο,
1329 1099 1377 1125 καὶ
1406 1100 1513 1134 συχνοῖς
1536 1098 1666 1133 ἠμείϐετο
1685 1098 1736 1124 εὼ-

952 1152 1021 1178 ροις,
1043 1144 1124 1170 ὁπότε
1149 1140 1292 1177 παντελῶς
1315 1145 1519 1179 άσωφρόνιστος
1544 1143 1596 1180 ἦν,
1618 1145 1645 1171 εῐ
1663 1153 1736 1176 τινες

950 1190 1053 1217 ἐκεῖνον
1066 1191 1201 1225 ἐτίμησαν
1214 1191 1259 1218 ίσα
1272 1192 1328 1223 τοῖς
1341 1193 1370 1218 ἑν
1384 1191 1491 1226 οὐρανῷ
1503 1191 1734 1223 πολιτευομένοις,

951 1237 997 1264 καὶ
1015 1237 1064 1271 τῆς
1080 1237 1176 1263 αὐτόθι
1207 1237 1319 1272 χάριτος
1340 1237 1535 1264 ἀπολαύουσιν.
1555 1237 1625 1264 Ἀλλ’
1648 1237 1698 1272 οὐχ
1721 1238 1736 1264 6

950 1284 1046 1318 πρώην
1059 1282 1162 1318 Ξέρξης
1174 1281 1218 1318 ἦν,
1229 1284 1464 1320 μετενηνεγμένος
1479 1285 1510 1311 ἐκ
1525 1285 1580 1311 τῶν
1594 1285 1735 1319 προτέρων

951 1330 1019 1365 πρὸς
1044 1329 1185 1362 τάναντία,
1204 1330 1217 1356 6
1244 1330 1332 1357 ταῦτα
1362 1331 1424 1357 τότε
1448 1331 1696 1367 διαπραττόμενος,
1719 1333 1735 1358 6

949 1376 1042 1407 πολὺς,
1058 1377 1070 1401 6
1087 1375 1183 1410 μέγας,
1198 1376 1212 1402 ὁ
1227 1375 1342 1410 θρασὺς,
1355 1376 1370 1402 6
1384 1376 1552 1412 ὑπερόπτης,
1562 1376 1576 1403 6
1590 1376 1734 1412 ύὸριστῆς,

947 1421 961 1447 6
979 1421 1152 1453 κινδυνεύων,
1170 1420 1208 1451 ὥς
1229 1429 1261 1454 γε
1288 1421 1425 1456 ἐφαίνετο,
1442 1422 1488 1448 καὶ
1514 1422 1582 1457 πρὸς
1606 1422 1637 1448 τὸ
1661 1421 1734 1448 θεῖον

947 1467 998 1501 ήδη
1015 1466 1168 1501 κεχρῆσθαι
1187 1475 1260 1493 τισιν
1285 1467 1424 1502 ἁμίλλαις,
1440 1467 1498 1494 ἀλλ’
1521 1468 1614 1503 ἕτερός
1626 1476 1669 1500 τις
1685 1467 1733 1494 τοῦ

946 1513 1031 1548 πάλαι
1053 1513 1166 1548 Ξέρξου,
1182 1514 1227 1540 καὶ
1255 1514 1343 1549 πάντη
1373 1514 1457 1546 ξένος.
1485 1514 1521 1541 Τὸ
1542 1515 1595 1549 γὰρ
1617 1514 1649 1549 δὴ
1666 1514 1734 1548 πρὸς

947 1560 998 1595 γῆν
1013 1559 1126 1586 κύπτειν
1145 1560 1313 1596 μεταμελείᾳ
1327 1560 1378 1595 τὴν
1407 1561 1529 1595 κεφαλὴν
1550 1561 1733 1596 βαρυνόμενον

945 1607 994 1633 οὐκ
1015 1604 1048 1642 ῆν
1072 1607 1122 1641 τῆς
1146 1607 1286 1642 προτέρας
1314 1605 1505 1644 ὑπεροψίας,ᾖ
1521 1617 1554 1642 γε
1583 1608 1733 1644 σύντροφος

945 1654 1059 1685 ἐκεῖνος,
1074 1655 1121 1680 καὶ
1137 1651 1170 1690 ἦς
1194 1654 1281 1688 χωρὶς
1307 1654 1363 1680 οὐδ’
1378 1654 1407 1683 ἐν
1434 1655 1536 1688 ἀκαρεῖ
1561 1655 1608 1681 τοῦ
1634 1655 1732 1689 χρόνου

943 1697 1038 1725 τοῦτον
1059 1697 1093 1733 ἦν
1118 1699 1256 1733 θεαθῆναι.
1279 1699 1361 1725 Ὥστε
1380 1699 1430 1734 τὴν
1447 1699 1513 1733 ὓλην
1535 1701 1549 1726 6
1565 1700 1648 1731 αὐτὸς
1665 1700 1732 1736 Ξέρ-

944 1744 992 1777 ξης
1009 1744 1098 1778 μένων
1114 1744 1153 1779 (οὐ
1175 1745 1229 1779 γὰρ
1247 1744 1310 1779 ὲνῆν
1333 1745 1383 1780 τὴν
1397 1745 1478 1780 φύσιν
1496 1745 1689 1781 μετασαλετν),
1701 1747 1732 1773 τδ

943 1787 1011 1821 εἶδος
1038 1789 1130 1824 ἄκρως
1155 1789 1287 1824 ἀμείψας,
1304 1791 1410 1822 πάντας
1438 1799 1470 1825 γε
1493 1794 1607 1826 παρεῖχε
1624 1791 1731 1827 θαυμά-

942 1835 1011 1867 ζειν,
1028 1835 1057 1861 οὐ
1076 1836 1242 1870 φιλοσοφῶν,
1260 1836 1290 1862 οὺ
1315 1836 1482 1872 μετριάζων,
1498 1837 1601 1870 πόθενς
1616 1838 1731 1864 τούναν-

942 1881 998 1908 τίον
1028 1882 1077 1916 μὲν
1113 1881 1170 1914 οὖν,
1196 1881 1234 1913 ὡς
1274 1882 1313 1918 μὴ
1354 1883 1521 1918 γεγευμένος
1556 1883 1728 1918 φιλοσοφίας,

943 1927 1102 1962 μετριάζειν
1116 1928 1308 1964 διδασκούσης.
1325 1928 1438 1964 Ταύτης
1455 1930 1510 1964 γὰρ
1534 1927 1612 1961 οὗτος
1626 1929 1730 1965 ἕρημος

942 1974 991 2007 ὢν,
1017 1974 1103 2006 οὕτως
1130 1975 1257 2010 ἀκόσμως
1283 1976 1421 2011 ἐχρήσατο
1450 1976 1483 2011 τῇ
1511 1975 1664 2011 μεταϐολῇ,
1691 1976 1729 2007 ὡς

943 2020 1101 2056 ἀποκρύψαι
1127 2021 1213 2057 ταύτῃ
1240 2011 1406 2054 πολύποδας,
1421 2021 1470 2048 καὶ
1496 2021 1581 2056 λῆρον
1605 2021 1730 2051 ἃπαντας

942 2066 1081 2100 ἀποφῆναι
1097 2066 1159 2098 τοὺς
1176 2066 1386 2102 χαμαιλέοντας,
1402 2067 1456 2093 Καὶ
1479 2067 1532 2102 γὰρ
1555 2067 1569 2092 6
1585 2067 1661 2102 ἥρως
1683 2067 1728 2093 οὐ-

941 2112 1011 2143 τοσὶ,
1026 2112 1126 2147 μᾶλλον
1141 2112 1170 2138 δὲ
1190 2113 1202 2138 6
1227 2112 1273 2138 καὶ
1296 2113 1410 2144 τούτους
1432 2112 1514 2143 αὐτὸς
1536 2112 1644 2147 παριὼν
1663 2112 1728 2143 τοὺς

941 2158 1045 2192 ἥρωας,
1063 2158 1100 2189 ὥς
1127 2165 1159 2192 γε
1185 2157 1263 2192 ᾥετο,
1282 2157 1331 2184 καὶ
1354 2157 1428 2191 Ἴρου
1456 2160 1519 2183 τότε
1546 2157 1593 2184 τοῦ
1613 2157 1728 2192 πένητος

940 2203 1132 2237 ταπεινότερον
1155 2202 1316 2237 ἐφρόνησεν.
1345 2203 1439 2233 Οὕτως
1465 2202 1494 2234 ἐξ
1523 2202 1632 2238 αἰθέρος
1657 2202 1728 2236 πρὸς

941 2249 1057 2276 ἄσυσσον
1074 2248 1271 2281 ἀποπέπτωκε,
1290 2247 1465 2282 κατενεγκὼν
1490 2248 1539 2282 μὲν
1557 2248 1606 2283 τὴν
1629 2248 1726 2281 ὀφρὺν,

941 2294 1114 2328 κατενεγκὼν
1128 2294 1156 2320 δὲ
1171 2294 1252 2328 ὖγκον
1271 2293 1318 2320 καὶ
1336 2293 1466 2328 φρόνημα
1479 2301 1486 2308 ·
1502 2293 1584 2328 ῥίψας
1610 2293 1660 2328 μὲν
1676 2294 1727 2327 τὴν

939 2341 1062 2375 λεοντῆν,
1078 2341 1161 2376 ῥίψας
1175 2340 1204 2366 δὲ
1218 2339 1389 2375 έμσρίθειαψ
1406 2339 1454 2366 καὶ
1468 2339 1537 2370 ὅλως
1552 2339 1624 2366 οὕτω
1639 2348 1724 2374 μετα-

939 2387 1029 2413 δαλὼν
1047 2385 1168 2422 ἀκριϐῶς
1182 2385 1252 2420 πρὸς
1269 2385 1363 2419 ἕτερον
1380 2385 1409 2417 ἐξ
1426 2385 1534 2419 ἑτέρου,
1552 2384 1589 2416 ὡς
1611 2385 1725 2419 μισῆσαι

938 2432 985 2458 τὸν
1000 2432 1081 2458 αὑτοῦ
1099 2432 1167 2467 βίον,
1183 2431 1229 2458 καὶ
1245 2431 1325 2462 δίκας
1345 2431 1427 2462 αὐτὸς
1444 2432 1509 2465 παρ’
1526 2431 1609 2457 αὑτοῦ
1624 2431 1726 2466 τρόπον

938 2479 969 2513 δή
985 2488 1046 2506 τινα
1060 2477 1210 2514 λαμϐάνειν
1223 2478 1271 2512 τῆς
1297 2478 1436 2513 προτέρας
1457 2477 1586 2508 ἀπονοίας
1612 2478 1658 2503 καὶ
1674 2485 1724 2511 μα-

937 2526 1089 2560 ταιότητος,
1108 2525 1132 2551 εί
1150 2525 1198 2551 καὶ
1222 2526 1259 2559 μὴ
1278 2524 1377 2560 γνώμῃ
1391 2524 1501 2559 καθαρᾷ
1515 2524 1562 2550 καὶ
1578 2523 1725 2557 ἐθελουσίῳ

938 2570 1013 2597 ταῦτ’
1031 2570 1177 2605 ἔπραττεν.
1195 2571 1243 2596 Ὧν
1259 2570 1287 2597 δὲ
1310 2570 1341 2596 έν
1368 2569 1407 2605 τῷ
1425 2570 1556 2605 σχήματι,
1573 2569 1621 2594 καὶ⁸
1639 2568 1724 2594 ποιῶν

937 2615 954 2642 ἃ
971 2615 1020 2642 κᾶν
1042 2615 1174 2651 ᾐσχύνετο
1198 2615 1301 2646 δοῦλος,
1316 2615 1460 2642 ἀλλόκοτόν
1487 2622 1513 2640 τι
1535 2615 1618 2648 τέρας
1645 2613 1723 2646 ἐφαί-

936 2669 1006 2688 νετο.
1022 2661 1112 2696 Τιμᾴν
1136 2661 1189 2694 γὰρ
1209 2661 1240 2696 δὴ
1264 2661 1293 2687 τὸ
1312 2662 1423 2695 μέτρον,
1442 2660 1479 2691 ὡς
1498 2660 1548 2691 δεῖ,
1577 2659 1624 2685 καὶ
1639 2667 1719 2693 προσ-

937 2707 1010 2740 έχειν
1041 2706 1131 2741 έαυτῷ
1162 2706 1342 2742 μηδεπώποτε
1370 2706 1544 2741 μεμαθηκιῖις
1577 2705 1615 2732 ξδ’
1634 2704 1722 2739 ἀνὴρ,

936 2753 1062 2784 ἐξώκειλε
1095 2754 1282 2787 μετατραπεὶς
1299 2752 1328 2784 ἐξ
1341 2752 1533 2787 ὑπερητανίας
1549 2751 1597 2777 καὶ
1615 2750 1722 2785 ὕήρεως

936 2799 976 2828 εἰς
1009 2799 1191 2833 ταπεινότητα
1221 2798 1328 2829 δούλοις
1367 2798 1547 2832 πρέπουσαν,
1573 2797 1663 2829 ἄκραν
1692 2795 1722 2828 ἐξ

936 2844 1033 2876 ᾰιρας,
1060 2843 1108 2869 σὺν
1136 2844 1267 2878 ἀκοσμίᾳ.
1287 2842 1381 2874 Οὕτως
1410 2843 1483 2869 ἅπαν
1509 2842 1647 2876 βάρϐαρον
1674 2840 1722 2866 καὶ

936 2886 1107 2918 ἀπαίδευτον,
1132 2887 1156 2912 εἰ
1184 2887 1233 2921 μὲν
1261 2887 1413 2920 εὐπραγεῖ,
1439 2888 1494 2918 τοῖς
1519 2886 1722 2919 ταπεινοτέροις

936 2932 1071 2967 ἀφόρητον
1085 2940 1091 2947 ·
1110 2934 1135 2960 ει
1156 2932 1178 2959 δ’
1207 2933 1384 2967 ἀσθενήσειεν
1408 2933 1483 2967 αὐτῷ
1504 2932 1532 2958 ιιό
1547 2939 1577 2963 γε
1604 2932 1721 2965 παρέχον
