1937 3078
97 50 151 82 403

674 56 874 90 MANUELIS
896 58 1121 90 PAL’EOLOGI

1666 55 1718 90 1οὶ

99 107 184 140 ipsam
202 115 254 134 non
273 109 491 143 rcpmliabimus.
506 111 599 147 ltaqne
615 113 713 141 merito
738 115 804 148 palm
818 114 880 149 qui-

934 114 1037 140 Οὖκοῦν
1050 115 1100 149 τὴν
1115 114 1160 141 ἐπὶ
1171 114 1203 149 τῇ
1218 113 1350 150 σφενδόνῃ
1370 112 1496 150 μηχανὴν
1514 112 1718 148 ’Θαυμάσαιμεν

97 152 157 180 dem
173 153 245 181 illius
263 161 347 183 artem
357 157 563 190 admirahimur,
579 159 675 193 si'quis
687 160 757 187 hanc
767 161 878 196 Lydiam

97 199 228 232 fabulam,
257 209 308 228 cett
325 203 454 237 quiddam
480 205 665 237 verissimum,
682 207 878 234 admittendam

96 247 285 275 concesserit:
302 253 412 279 atenm,
432 251 477 283 qui
497 251 546 278 hac
559 257 615 279 arte
641 260 698 280 rem
727 254 829 288 peregit
852 257 880 280 et

96 292 224 325 coniecit,
255 301 395 328 nunquam
423 297 543 330 beatum,
569 298 591 324 si
618 304 691 326 recte
702 300 880 333 pronuntiare

96 337 231 369 volumus,
246 346 385 374 nunquam
399 342 488 376 magni
503 343 654 370 faciendum
673 345 877 373 arbitrabimur.

96 382 280 415 Quamobrem
298 385 392 413 istuc?
407 386 484 419 Quod
499 389 584 422 ipsius
601 390 733 417 machina:
749 389 879 424 perfectio

98 439 151 458 non
171 432 279 466 proprie
295 431 408 463 bonum.
421 441 471 461 nec
486 434 607 465 beatum.
622 443 672 462 nec
688 435 878 464 admirandum

97 477 162 511 quid
188 483 262 505 esset.
287 484 376 506 mente
408 480 541 514 pneditis.
570 481 636 508 Nam
661 481 762 516 quoda
778 482 879 509 virtute

98 528 216 554 nonest,
235 531 284 551 nec
300 524 400 551 bonum
423 529 465 552 est
489 525 622 560 proprie:
654 527 726 560 quod
753 527 880 553 inanima:

96 577 205 604 quoque
218 578 261 598 res
274 572 410 599 universae
421 571 589 600 clamabunt.
599 571 651 605 Qui
666 573 772 600 vir'tntis
783 581 880 601 exsors

97 615 263 646 est,etiamsi
277 616 379 650 potitus
401 623 496 651 regno,
508 617 582 651 quod
595 615 671 652 ipsas
693 618 764 645 ultra
790 618 880 646 Gades

64 674 70 680 -
97 668 127 688 se
140 661 271 696 porrigat,
284 669 381 690 omnes
393 669 470 696 opes,
485 665 575 690 omnia
586 664 880 699 mancipiacollegcrit,

97 710 125 734 et
136 707 240 739 omnia,
256 715 317 742 qum
332 708 359 734 in
381 708 433 735 hac
460 709 514 736 vita
538 708 657 742 iucunda
682 715 746 736 sunt.
764 719 772 741 ;
789 717 820 737 ac
839 710 882 737 his

96 753 195 779 deinde
213 753 320 780 fruendi
346 758 450 781 tantum
468 754 520 782 sibi
548 755 717 783 concesserit
740 756 880 790 temporis,

97 803 230 833 quantum
244 799 349 826 libitum
376 799 480 827 fuerit:
498 808 576 835 nugae
603 801 678 828 istaec
698 801 797 828 virtute
814 809 882 836 pra:-

98 844 173 872 ditis.
187 846 324 880 Quidquid
340 847 412 873 enim
426 847 467 874 vel
480 850 586 882 gestum
603 851 655 879 est,
671 848 712 874 vel
723 848 880 882 percipitur,

97 891 119 917 si
134 898 196 918 cum
212 891 319 923 virtute,
336 891 436 918 bonum
461 900 469 919 :
483 893 525 919 sin
544 893 833 926 autem,contrarium.
849 892 882 919 At

98 935 186 971 Gyges
211 936 311 964 virtute
343 945 395 964 non
418 938 531 973 adeptus
548 943 588 966 est
608 939 792 974 tyrannidem,
809 939 881 974 quod

97 991 163 1010 sane
192 984 233 1011 vel
264 983 328 1011 hinc
363 989 465 1018 paret:
487 985 552 1012 nihil
578 987 651 1012 enim
684 986 778 1013 virtuti
808 993 888 1021 com-_

99 1036 181 1055 mune
207 1036 270 1056 cum
301 1030 453 1063 tyrannide,
484 1038 533 1057 nec
563 1031 704 1066 tyrannide
735 1038 880 1066 oppresso-

97 1082 158 1100 rum
191 1074 262 1101 bona
301 1083 363 1102 eum
404 1076 552 1108 voluntate,
587 1084 704 1108 praeesse
747 1081 881 1113 tyrannus

97 1125 197 1153 potest.
226 1121 342 1154 Quinam
357 1123 444 1149 istuc?
459 1122 528 1155 Quia
562 1123 587 1149 vi
618 1124 721 1151 coactis
754 1123 881 1157 imperat.

97 1165 149 1194 Ubi
163 1170 253 1194 autem
270 1167 320 1198 vis.
337 1167 374 1195 ibi
390 1168 515 1196 voluntas
544 1169 631 1196 abest.
648 1169 708 1202 Quo
739 1169 778 1200 lit.
796 1174 825 1196 ut
841 1171 881 1196 in<

97 1216 179 1239 vento
198 1213 316 1247 quodam
336 1218 364 1240 et
389 1218 449 1240 arte
465 1214 553 1250 Gyges
571 1215 596 1241 in
612 1220 774 1249 potestatem
791 1216 880 1250 gentis

99 1258 182 1285 unius
198 1266 313 1293 corpora
332 1260 478 1293 redegerit,
494 1261 575 1287 etiam
603 1261 695 1288 invitae
709 1270 715 1294 ;
729 1269 779 1289 nec
794 1263 881 1289 homi-

98 1310 162 1330 num
175 1310 256 1338 supra
267 1305 373 1331 vicinos
387 1304 511 1336 fortium,
523 1306 576 1332 nisi
588 1307 757 1333 contrarium
770 1314 880 1341 quoque

97 1348 244 1375 dicendum
260 1353 302 1376 est
316 1357 323 1376 :
341 1349 392 1376 hoe
406 1357 472 1376 Vero
492 1357 540 1376 nec
556 1350 712 1382 honestum,
733 1358 784 1378 nec
800 1351 880 1378 dura-

97 1393 161 1423 bile.
189 1395 261 1428 quod
278 1394 400 1428 oppressi
420 1395 574 1429 tyrannide,
604 1395 676 1423 illam
694 1396 726 1423 ad
742 1396 880 1423 conditio-

932 160 965 186 ἂν
980 160 1102 192 δικαίως,
1120 162 1144 187 εί
1160 161 1218 194 δοίη
1234 170 1276 192 τις
1293 161 1340 188 τὸν
1354 161 1450 187 Λύδιον
1462 160 1558 186 τοῦτον
1577 160 1662 194 μῦθον
1679 161 1718 192 ὡς

932 205 1116 240 ἀληθέστατον
1135 207 1285 239 δέξασθαι·
1302 207 1348 232 τὸν
1374 207 1401 233 δὲ
1431 207 1463 241 δὴ
1489 207 1645 241 περάναντα
1671 205 1718 232 καὶ

932 251 1136 285 κατωρθωκὸτα
1161 253 1332 287 τῇ,μηχανῇ.
1352 251 1401 278 οὐκ
1425 252 1457 278 ἄν
1472 260 1536 278 ποτε
1551 252 1643 278 δίκαια
1658 260 1719 277 ποι-

931 296 1025 326 οῦντες
1057 296 1205 329 εὐδαίμονα
1232 297 1398 331 νομίσαιμεν
1431 297 1478 323 καὶ
1507 296 1629 331 ζηλωτόν
1656 305 1717 322 τινα

930 340 1013 368 εἶναι,
1029 342 1076 368 Διὰ
1091 341 1133 373 τί;
1153 342 1214 368 Ὅτι
1230 342 1260 368 τὸ
1282 343 1332 376 τῆς
1347 342 1474 376 μηχανῆς
1490 341 1664 375 ἀποτέλεσμα
1686 342 1716 367 οὗ

931 387 1035 421 κυρίως
1057 387 1170 421 ἀγαθὸν,
1191 387 1252 414 οὐδὲ
1280 387 1420 422 εὔδαιμον,
1450 388 1511 414 οὐδὲ
1539 387 1658 421 ζηλωτόν
1684 395 1716 420 γε

930 432 993 459 νοῦν
1017 432 1135 468 ἔχουσιν.
1154 434 1187 460 '0
1212 433 1264 469 γὰρ
1289 434 1339 460 οὐκ
1362 434 1392 466 ὲξ
1416 435 1518 468 ἀρετῆς
1539 434 1599 460 οὐδὲ
1615 434 1717 466 ἀγαθὸν

932 478 1045 512 κυρίως,
1061 479 1084 505 εἰ
1097 479 1129 514 δὴ
1143 480 1190 505 καὶ
1205 479 1238 506 τὰ
1255 479 1348 514 ἄψυχα
1368 479 1459 506 πάντα
1474 479 1553 505 τοῦτο
1568 479 1718 513 κεκράξον-

930 532 985 550 ται.
1003 524 1065 550 Κᾶν
1080 525 1093 550 ὁ
1107 523 1213 558 ταύτης
1229 525 1353 559 ἄμοιρος,
1375 524 1461 558 ἄρξας
1480 524 1506 550 εί
1517 533 1544 550 τι
1561 525 1607 550 καὶ
1625 524 1718 550 Γαδεί-

933 578 988 603 ρων
1010 569 1085 596 ἐστὶν
1111 570 1251 602 ἐπέκεινα,
1264 570 1378 605 ἀθροίσῃ
1404 570 1454 605 μὲν
1476 570 1566 596 πάντα
1592 570 1717 603 πλοῦτον,

931 616 1046 651 ἀθροίσῃ
1076 615 1106 642 δι
1132 616 1373 652 ἀνδράποδαηκαὶ
1402 616 1492 643 πάντα
1518 617 1553 643 τὰ
1580 617 1627 642 τοῦ
1659 617 1718 650 βίου

931 661 1051 695 τερπνά·
1068 658 1129 686 εἶτα
1151 660 1240 695 ἑαυτῷ
1266 660 1357 687 πάντα
1379 660 1417 696 δῷ
1437 661 1610 695 καρποῦσθαι
1625 662 1719 696 χρόνον

931 706 1030 733 ὁπόσον
1056 705 1158 740 βούλει,
1175 706 1259 741 λῆρος
1282 707 1339 737 τοῖς
1364 706 1527 740 μετέχουσιν
1550 707 1661 741 ἀρετῆς.
1683 707 1720 732 Τὸ

933 753 986 786 γάρ
1008 751 1216 786 πεπραγμένον,
1232 752 1249 787 ἢ
1277 752 1473 786 μετέχομενον,
1492 753 1516 778 εἰ
1546 753 1595 778 σὺν
1621 753 1718 786 ἀρετῇ,

933 797 1034 824 καλόν·
1062 798 1087 824 ει
1113 798 1141 824 δὲ
1168 798 1216 833 μὴ,
1244 798 1411 826 τούναντίον.
1446 799 1475 825 ’0
1499 798 1589 833 Γύγης
1614 799 1642 825 δὲ
1669 799 1720 825 οὐκ

932 842 1016 878 ἀρετῇ
1032 843 1229 878 τετυράννηκε.
1248 843 1303 870 Καὶ
1326 843 1406 870 τοῦτο
1430 843 1509 879 δῆλον
1534 845 1659 871 αὐτόθεν.
1680 845 1718 871 Οὗ

932 890 987 924 γάρ
1005 890 1080 916 ἐστιν
1095 889 1171 916 οὐδὲν
1191 890 1280 916 κοινὸν
1295 891 1379 925 ἀρετῇ
1402 891 1469 925 προς
1488 890 1647 925 τυραννίδα,
1664 890 1720 917 οὐδ’

932 936 971 963 Evt
987 937 1188 971 τυραννεύοντα
1204 937 1302 972 γνώμῃ
1319 937 1374 963 τῶν
1391 936 1617 972 τυραννουμένων
1638 937 1720 963 τοῦτο

933 983 1029 1009 ποιεῖν.
1049 983 1128 1014 Πῶςς
1146 983 1207 1009 Ὀτι
1231 982 1392 1017 βιαζόμενος
1417 982 1506 1018 ἄρχει.
1522 983 1577 1009 Καὶ
1605 983 1648 1009 ἵνα
1663 983 1718 1018 βία.

932 1028 1031 1055 ἄπεστι
1049 1028 1158 1063 γνώμη.
1179 1029 1262 1055 Ὥστε
1283 1029 1421 1061 σωμάτων
1438 1029 1593 1064 κεκράτηκε
1610 1031 1720 1064 μηχανῇ

931 1082 984 1099 τινι
1007 1073 1055 1099 καὶ
1077 1070 1282 1109 τέχνῃ’ἐθνους
1316 1074 1447 1104 ἑνδς,καὶ
1476 1074 1512 1107 μὴ
1538 1073 1718 1109 βουλομένου·

932 1119 1096 1147 καὶτούτων
1119 1120 1149 1146 οὺ
1174 1120 1307 1153 γενναίων
1324 1120 1394 1154 ὑπὲρ
1411 1121 1474 1151 τοὺς
1487 1121 1624 1154 γείτονας,
1640 1122 1664 1147 εἰ
1681 1121 1718 1156 μή

930 1174 973 1196 τις
999 1166 1075 1192 εἴποι
1103 1166 1150 1192 καὶ
1176 1166 1342 1192 τούναντίον.
1366 1166 1452 1192 Τοῦτο
1468 1166 1497 1193 δὲ
1520 1166 1582 1205 οὔτε
1608 1167 1717 1202 σεμνὸν.

931 1212 991 1238 οὔτε
1007 1212 1131 1248 μρνιμον,
1145 1211 1200 1238 τῶν
1215 1212 1438 1246 τυραννηοέντων
1454 1212 1575 1239 ἀκόντων
1592 1214 1631 1244 είς
1644 1213 1719 1240 τοῦτ’

932 1258 1075 1285 ἐλθόντων.
1104 1258 1187 1284 ’Δνευ
1216 1257 1244 1283 δὲ
1276 1257 1331 1284 τῶν
1360 1258 1527 1293 είρημένων,
1547 1259 1572 1284 εί
1597 1258 1720 1294 ἀκριϐῶς

932 1303 1067 1338 Θεωρήσει
1094 1312 1146 1335 τις,
1160 1303 1314 1337 ἀνθρώπων
1337 1303 1428 1338 Γύγης
1445 1303 1477 1330 οὖ
1502 1303 1696 1338 βεϐασίλευκεν
1709 1311 1717 1320 '

931 1348 1012 1382 εῐπερ
1027 1349 1042 1382 ἡ
1061 1347 1158 1382 γνώμη
1187 1347 1236 1382 μὲν
1254 1347 1353 1382 ψυχῆς,
1373 1348 1475 1382 κυρίως
1492 1348 1520 1375 οξ
1539 1344 1682 1383 ἄνθρωπος
1699 1349 1716 1384 ή

931 1393 1016 1428 ψυχή.
1037 1393 1157 1424 Ἐκεῖνος
1174 1393 1201 1420 δὲ
1217 1394 1346 1429 τύραννος
1359 1393 1396 1420 ὢν
1416 1395 1542 1421 τοσοῦτον
1554 1395 1657 1429 ἀπέσχε
1670 1396 1717 1421 τοῦ

98 1447 161 1466 nem
181 1439 257 1465 inviti
273 1440 458 1473 pervenerint.
474 1440 636 1475 Quanquam
657 1445 684 1468 et
710 1443 813 1477 absque
828 1443 880 1476 his,

933 1438 981 1470 vi;
997 1438 1051 1466 τῶν
1066 1439 1291 1473 τυραννηθέντων
1305 1439 1417 1474 γνώμας
1431 1441 1571 1475 κερδᾶναι,
1587 1441 1649 1467 ὅσον
1668 1441 1717 1467 καὶ

98 1492 160 1518 qua:
173 1484 244 1511 dicta
263 1489 338 1516 sunt,
352 1485 374 1512 si
389 1485 451 1519 quis
471 1490 599 1513 accurate
612 1494 668 1514 rom
682 1488 879 1520 considerabit,

99 1532 212 1558 minime
225 1531 315 1567 Gyges
330 1539 375 1559 rex
392 1532 534 1559 hominum
551 1532 621 1566 fuit;
639 1534 773 1568 siquidem
789 1535 882 1563 volun-

100 1582 152 1607 tas.
174 1577 256 1604 animi
273 1581 335 1610 est;
361 1578 470 1605 animus
495 1582 585 1605 autem
605 1580 715 1614 proprie
732 1585 773 1607 est
789 1580 879 1609 homo.

99 1625 134 1650 At
147 1623 201 1653 ille,
216 1623 262 1658 qui
289 1628 420 1658 tyrannus
444 1629 527 1656 esset,
544 1629 647 1651 tantum
673 1626 776 1659 aberat,
793 1632 822 1654 ut
835 1636 882 1662 op-

100 1678 256 1705 pressorum
283 1670 439 1698 voluntates
468 1671 655 1705 lucrifaceret,
671 1678 774 1707 quanto
795 1675 881 1708 magis

98 1722 313 1744 consentaneum
327 1721 397 1748 erat,
416 1725 477 1744 eum
494 1717 520 1744 in
538 1718 601 1745 odio
620 1725 681 1746 esse
696 1719 835 1750 omnibus,
856 1724 882 1747 ct

98 1761 206 1789 insidiis
221 1769 314 1789 eorum
330 1761 442 1788 omnino
458 1762 522 1796 peti.
539 1761 599 1789 llaec
616 1763 720 1790 scilicet
733 1763 777 1789 illa
791 1767 882 1798 tyran-

99 1809 172 1836 nidis
189 1808 259 1835 bona
276 1813 350 1840 sunt,
368 1815 427 1843 qua:
446 1815 507 1835 cum
532 1815 563 1835 ea
580 1809 660 1835 simul
676 1813 703 1835 et
717 1813 881 1841 nascrrntur,

98 1858 126 1880 et
142 1857 290 1887 augescunt
307 1852 405 1887 quovis
422 1852 522 1885 modo;
538 1856 564 1879 et
579 1854 688 1887 quando
701 1861 762 1880 cum
778 1861 809 1880 ea
825 1854 882 1881 dis-

100 1899 253 1928 solvuntur,
264 1898 291 1924 in
302 1897 484 1924 foedissimum
494 1898 621 1932 quiddam
636 1898 774 1926 desinunt.
789 1900 881 1926 Enim-

100 1951 165 1971 vero
180 1943 204 1970 si
219 1943 353 1970 orationis
366 1942 448 1975 hujus
465 1942 552 1970 forma
568 1948 648 1977 atque
665 1945 734 1971 ratio
751 1945 882 1979 simplici-

101 1996 142 2018 ter
160 1989 281 2017 historia:
297 1989 418 2016 texendae
431 1993 591 2023 potestatem
615 1991 694 2018 nobis
709 1992 879 2024 concederet,

100 2037 186 2064 multo
200 2036 301 2063 rectius
328 2043 409 2070 quam
438 2036 517 2063 modo
531 2037 733 2065 narrationibus
749 2038 882 2065 institutis

100 2084 215 2118 probare
229 2090 358 2118 possem;
378 2086 405 2110 et
425 2089 489 2109 eum
508 2083 553 2116 qui
571 2090 698 2117 magnam
723 2084 750 2110 in
766 2091 832 2111 auro
849 2084 880 2111 [ἰ-
899 2103 921 2130 D

99 2130 208 2158 duciam
225 2129 312 2164 ponit,
327 2133 354 2156 et
372 2129 419 2164 qui
435 2137 463 2156 se
475 2129 547 2156 ferro
563 2137 595 2157 ac
609 2130 769 2164 populorum
786 2131 884 2158 collec-

100 2177 177 2203 tione
190 2182 355 2210 magnopere
367 2175 462 2209 iactat.
478 2180 506 2202 et
517 2176 564 2209 qui
582 2175 668 2202 fretus
683 2181 724 2203 cst
737 2177 882 2208 machinis,

101 2222 204 2256 quique
224 2221 289 2248 solis
303 2221 345 2248 his
357 2221 478 2248 animum
496 2220 601 2255 adjicit,
623 2226 650 2248 et
666 2222 688 2248 si
706 2222 768 2255 quis
786 2222 882 2249 horum

101 2267 201 2295 similis
217 2271 258 2293 est
273 2275 280 2296 ς
300 2274 375 2299 eum,
391 2267 442 2293 nisi
466 2266 553 2293 virtus
571 2267 652 2299 adsit,
669 2267 724 2293 falli
740 2272 821 2302 atque
834 2268 883 2295 de-

101 2314 167 2348 cipi.
179 2314 280 2340 Verum
294 2313 423 2347 quoniam
436 2313 488 2339 hoc
499 2313 533 2339 ab
546 2313 622 2340 initio
634 2322 687 2341 non
703 2314 881 2345 instituimus,

101 2360 147 2388 sed
167 2364 272 2387 tantum
285 2361 324 2386 uti
338 2367 388 2393 per
409 2359 629 2394 comparationes
644 2361 833 2395 probaremus,
850 2361 883 2388 iis

103 2405 283 2440 principibus,
299 2404 346 2438 qui
362 2404 425 2431 boni
442 2412 503 2432 esse
517 2404 610 2437 velint,
627 2406 659 2432 ad
677 2405 882 2438 perliciendum,

101 2459 164 2487 quae
183 2450 307 2484 cupiant,
321 2449 389 2477 nihil
403 2449 535 2484 sapientia
550 2450 649 2478 melius
661 2457 741 2483 esse:
759 2450 884 2477 instituto

102 2502 198 2525 nostro
218 2495 366 2524 convenire
388 2494 529 2527 duximus,
552 2495 573 2523 si
591 2503 642 2523 nec
656 2502 750 2522 omnes
770 2495 836 2522 tales
857 2496 883 2522 in

95 2543 220 2573 .mcdium
229 2542 453 2580 producet-emus,
468 2549 501 2568 ne
513 2541 617 2569 theatro
629 2541 734 2569 molesti
748 2549 884 2573 essemus,

102 2588 267 2617 ineﬂabilem
284 2586 431 2623 quemdam
456 2594 602 2613 numerum
627 2585 809 2621 proferendo;
833 2593 884 2612 nec

102 2635 171 2664 citra
185 2634 295 2662 modum
306 2633 350 2660 his
359 2640 452 2660 eorum
468 2631 590 2660 historiis
601 2638 753 2664 uteremur,
768 2640 801 2659 ne
810 2632 883 2667 quod

103 2679 273 2715 propositum
291 2687 304 2704 ιι
317 2678 395 2706 nobis
408 2682 459 2709 est,
478 2678 504 2704 in
515 2678 703 2705 narrationum
718 2677 883 2705 inﬁnitarum

103 2723 181 2759 quasi
195 2731 269 2751 mare
287 2723 418 2754 delatum.
435 2722 609 2757 naufragium
627 2723 739 2750 faceret.
759 2724 798 2750 Ac
811 2727 884 2750 recte

103 2769 214 2805 quidem
229 2768 262 2795 ad
279 2768 381 2795 exitum
408 2768 446 2802 id,
462 2768 533 2804 quod
559 2769 592 2796 ab
619 2768 694 2795 initio
715 2768 883 2801 volebamus,

932 1484 1079 1511 ἀκόλουϐον
1103 1483 1137 1520 ἦν
1160 1485 1238 1520 παρὰ
1263 1486 1374 1512 πάντων
1396 1486 1478 1512 αὐτὸν
1505 1486 1652 1520 μισεῖσθαι,
1671 1488 1718 1513 καὶ

932 1531 1159 1558 ἐπιϐουλεύεσθαι
1175 1532 1264 1558 πάντα
1281 1532 1392 1567 cpi—vovi.
1413 1533 1505 1559 Ταῦτα
1519 1533 1551 1568 δὴ
1567 1533 1601 1559 τὰ
1615 1542 1717 1568 τυραν-

914 1577 1003 1618 ἱνίδος
1017 1577 1119 1611 ἀγαθὰ,
1133 1578 1180 1604 καὶ
1207 1578 1271 1613 τῇδε
1294 1579 1473 1614 συμιρυόμενά
1495 1588 1524 1605 τε
1541 1580 1589 1606 καὶ
1608 1588 1718 1606 συνεπι-

932 1621 1039 1648 διδόντα
1062 1623 1108 1648 τὸν
1131 1623 1220 1649 πάντα
1242 1623 1352 1658 τρόπον,
1379 1625 1426 1650 καὶ
1451 1625 1622 1651 τελευτῶντα
1650 1626 1718 1659 πρὶς

932 1668 1074 1702 αἴσχιστόν
1099 1677 1135 1700 τι,
1166 1669 1273 1704 σύναμα
1294 1669 1381 1705 ταύτῃ
1412 1670 1588 1705 διαλυόμενα,
1608 1672 1644 1699 οὐ
1665 1672 1718 1706 μὴν

933 1714 991 1740 ἀλλ’
1016 1714 1041 1741 εἰ
1071 1715 1102 1741 τὸ
1123 1715 1217 1750 σχῆμα
1238 1715 1286 1741 τοῦ
1316 1715 1398 1748 λόγου
1420 1716 1551 1751 καθαρῶς
1568 1716 1719 1750 ἐπέτρεπεν

934 1761 1063 1795 ἱστορεῖν,
1091 1758 1163 1796 εῐχον
1188 1760 1297 1795 ἐλέγξαι
1325 1763 1381 1793 τοῖς
1404 1762 1558 1798 διηγήμασι
1574 1763 1664 1798 πολλῷ
1685 1773 1718 1798 γε

934 1805 1039 1840 βέλτιον
1064 1806 1080 1841 ἢ
1107 1807 1164 1839 νῦν,
1183 1807 1220 1839 ὡς
1235 1809 1248 1834 ὃ
1267 1817 1296 1835 τε
1318 1809 1421 1844 χρυσίῳ
1438 1809 1509 1836 πάνυ
1526 1810 1645 1845 suppari.
1661 1811 1674 1837 ὅ
1688 1819 1719 1837 τε

934 1852 1037 1888 σιδήρῳ
1068 1845 1271 1887 μέγίφρονῶν
1296 1855 1342 1881 καὶ
1365 1855 1435 1881 λεῶν
1461 1855 1636 1890 ἀθροίσματι,
1652 1855 1665 1882 ὃ
1687 1865 1717 1882 τε

934 1901 1071 1934 μηχαναῖς
1090 1900 1217 1932 ἐλπίζων,
1237 1901 1285 1926 καὶ
1312 1901 1432 1927 τουτοισὶ
1456 1901 1545 1935 ψιλοῖς
1571 1902 1715 1937 ἐγχειρῶν,

932 1946 979 1972 καὶ
994 1945 1021 1972 εί
1032 1954 1073 1977 τις
1084 1946 1190 1977 τούτοις
1205 1946 1363 1980 ἐφάμιλλος,
1377 1947 1414 1982 μὴ
1431 1949 1586 1983 προσούσης
1601 1950 1716 1982 ἀρετῆς,

934 1991 1114 2026 ἐξηπάτηται.
1137 1992 1214 2018 Ἐπεὶ
1240 1991 1268 2018 δὲ
1294 1991 1341 2018 νῦν
1366 1992 1397 2019 οὺ
1423 1993 1628 2028 προηγούμενον
1647 1990 1720 2020 τοῦθ’

934 2036 1009 2069 ἡμῖν,
1027 2036 1084 2062 ἀλλ’
1111 2036 1305 2064 ἀποδεικνύναι
1333 2039 1480 2073 πειρᾶσθαι
1509 2041 1569 2071 ταῖς
1600 2040 1719 2074 παραθέ-

936 2089 1021 2114 σεσιν,
1041 2081 1078 2114 ὡς
1093 2082 1224 2118 ἄρχουσιν
1237 2083 1375 2110 ἐθέλουσιν
1390 2085 1501 2117 ἀγαθοῖς
1517 2083 1587 2112 εἶναι
1609 2087 1720 2113 πάντων

935 2127 1046 2161 ἄμεινον
1071 2128 1118 2154 ἂν.
1133 2129 1176 2162 εἴη
1211 2129 1292 2162 σοφία
1319 2129 1389 2164 πρὸς
1407 2129 1438 2155 τὺ
1454 2131 1605 2164 περαίνειν,
1624 2131 1641 2158 ἃ
1658 2131 1720 2165 βού-

934 2172 1022 2199 λοιντο
1035 2180 1042 2187 ·
1063 2173 1190 2207 ήγήμεθα
1211 2173 1282 2207 μάλα
1307 2174 1469 2208 συμϐαίνειν
1489 2175 1527 2210 τῷ
1545 2178 1719 2211 προκειμένῳ

935 2217 1030 2251 σκοπῷ
1057 2217 1126 2252 μήτε
1152 2217 1256 2249 πάντας
1279 2218 1394 2251 ἀγαγεῖν
1422 2219 1461 2250 είς
1494 2220 1578 2253 μέσον
1599 2220 1661 2252 τούς
1687 2229 1718 2254 γε

934 2262 1081 2295 τοιούτους,
1097 2263 1140 2290 ῐνα
1155 2263 1192 2298 μὴ
1202 2263 1232 2289 τὸ
1247 2263 1360 2297 θέατρον
1374 2264 1596 2299 ἀποκναίσωμεν,
1612 2266 1719 2301 ἀμύθη-

933 2308 979 2334 τόν
992 2317 1053 2334 τινα
1067 2308 1183 2344 ἀριθμὸν
1197 2309 1420 2342 παρεισάγοντες,
1432 2310 1495 2344 μήτ’
1508 2311 1636 2346 ἀμέτρως
1650 2312 1718 2347 χρή-

935 2353 1034 2381 σασθαι
1060 2353 1186 2380 ταυταισὶ
1215 2354 1274 2383 ταῖς
1297 2354 1358 2379 κατ’
1380 2354 1480 2386 αὐτοὺς
1505 2356 1649 2388 εστορίαις,
1677 2357 1715 2392 μή

935 2407 1000 2425 ποτε
1018 2399 1086 2433 πρὸς
1113 2399 1234 2432 πέλαγος
1259 2399 1440 2433 διηγημάτων
1461 2401 1584 2436 ἀπείρων
1603 2402 1635 2428 τὸ
1650 2411 1717 2437 προ-

934 2445 1062 2477 κείμενον
1082 2446 1148 2480 ἡμῖν
1172 2444 1302 2479 ἐμπεσὸν,
1319 2447 1472 2482 ναυαγήσῃ.
1490 2447 1545 2474 Καὶ
1566 2446 1598 2482 δὴ
1627 2447 1717 2479 καλῶς

936 2498 982 2524 μοι
1004 2490 1079 2517 δοκεῖ
1103 2489 1332 2524 συμπεπερὰνθαι
1357 2490 1387 2515 τδ
1412 2490 1551 2525 καταρχὰς
1572 2491 1639 2526 ἡμῖν
1654 2491 1717 2525 βού-

934 2536 1020 2570 λημα.
1043 2536 1088 2567 Ὠς
1110 2536 1165 2570 γάρ
1188 2544 1215 2562 τι
1242 2535 1417 2570 παράδειγμα
1436 2536 1564 2567 λαϐόντες
1589 2537 1638 2571 ήδη
1654 2537 1717 2568 τοὺς

934 2582 1034 2617 ἄνδρας
1054 2582 1176 2614 τούτους,
1199 2581 1255 2618 [ὲκ]
1281 2582 1334 2609 τῶν
1347 2582 1449 2616 ὁμοίων
1463 2582 1555 2614 αὐτοῖς
1576 2581 1716 2614 ἁπάντων,

936 2628 983 2654 καὶ
1006 2627 1053 2659 τὰς
1080 2628 1198 2663 ἱστορίας
1225 2627 1276 2658 τὰς
1301 2627 1366 2662 περὶ
1393 2627 1496 2653 τούτοιν
1525 2627 1625 2658 ἱκανῶς
1648 2628 1717 2661 ἀφο-

937 2674 1121 2706 σιωσάμενοι,
1167 2673 1258 2699 πᾶσάν
1299 2681 1328 2700 τε
1366 2672 1539 2707 περιεργίαν⁴
1565 2672 1716 2708 παρέντες,

935 2719 1004 2746 κατὰ
1028 2719 1124 2754 καιρὸν
1158 2718 1401 2752 ἀπαλλαττόμεθα,
1431 2718 1468 2750 ὡς
1503 2718 1555 2752 ἐμέ
1577 2726 1610 2752 γε
1652 2720 1715 2753 περί

935 2765 1029 2793 τούτου
1041 2765 1160 2801 νομίσαι.
1178 2765 1232 2792 Καὶ
1245 2764 1298 2800 γάρ
1310 2773 1351 2791 τοι
1367 2763 1547 2800 μεμιμήμιθα
1557 2763 1643 2799 ὀρθῶς
1654 2763 1713 2791 δια-
