1937 3078
149 81 201 114 m5

871 78 1014 116 ORATIO
1032 85 1056 115 Ῐ.

1697 75 1703 82 '
1718 82 1780 112 too

148 139 322 176 πραξάμενοι
346 141 408 173 τοὺς
426 140 688 177 ἀργυρογνώμονας,
717 140 758 174 οἷς
778 151 809 177 γε
830 142 890 175 ἔθος
909 144 941 170 ἐκ

997 143 1138 171 ieductum
1158 141 1224 169 mihi
1237 128 1354 169 videtur.
1376 141 1521 176 Postquam
1537 141 1609 168 enim
1625 140 1696 168 viros
1709 141 1774 167 Ιιυς-

149 186 197 212 τοῦ
212 185 312 222 μέρους
327 188 359 213 τὺ
384 187 438 214 πᾶν
453 187 565 215 ειδέναι.
580 189 636 215 Καὶ
650 186 726 223 οἶμαι
747 189 848 224 χρῆναι
864 189 935 223 ἀγα-

150 231 205 266 πᾷν
227 233 260 267 τῇ
281 232 383 266 μεθόδῳ
400 233 498 268 ταύτῃ.
515 233 545 259 Ei
566 233 620 268 γὰρ
635 233 661 260 οἳ
679 235 737 265 τοῖς
752 234 821 266 ὅλοις
843 234 936 266 ἔδοξαν

150 277 218 304 πολὺ
235 278 299 309 τοὺς
313 277 410 310 ἄλλους
425 279 606 313 παρενεγκεῖν
619 299 626 312 ,
642 279 747 307 τούτοις
771 280 891 315 ἀτεχνῶς
907 281 937 306 τδ

149 321 276 358 λαμπρὸν
289 323 477 358 τετελευτήκει
489 324 557 358 πρὸς
569 324 646 351 οὐδὲν
657 325 740 360 ίερδν,
753 326 828 360 φασὶ.
841 326 897 352 τισὶ
909 326 938 354 δὲ

150 367 281 401 καὶπρὸς
306 368 471 401 τούναντίον,
487 369 526 404 τῷ
550 369 589 405 μὴ
612 371 732 404 γνησίως
765 371 832 407 μηδὲ
849 372 938 404 καλῶς

150 412 181 438 τὸ
197 413 246 446 τῆς
269 412 371 447 ἀρετῆς
390 414 513 449 μετιέναι
529 415 637 450 χρῆμα,
657 416 739 452 σχολῇ
764 417 791 451 γ’
814 417 848 444 ἂν
864 417 938 444 ἄλλοι

151 457 206 484 τῶν
222 457 374 485 ἐλασσόνων
388 460 496 494 ἀληθῶς
512 460 545 487 ἂν
566 461 672 494 δόξαιεν
696 461 855 497 εὐδαίμονες
870 461 939 489 εἶναι

152 503 192 538 τῷ
206 504 342 535 πλουτεῖν.
353 506 401 532 καὶ
412 506 532 540 πλήθους
545 507 651 542 ἄρχειν,
665 507 712 534 καὶ
725 507 754 539 ἐξ
768 508 939 543 οἱασδήτινος

154 550 279 584 μηχανῆς
291 550 367 584 σφίσι
381 560 411 584 γε
426 552 518 583 αὐτοῖς
532 551 692 580 δουλοῦσθαι
707 555 744 587 μὴ
760 553 940 588 βουλομένους

153 593 324 629 ἀνθρώπους.
345 596 426 622 Ὥστε
450 597 492 623 δεῖ
504 597 559 624 τῶν
576 598 704 633 ἱστοριῶν
721 599 869 633 ἀξρέμενον,
892 600 940 626 ἆτε

154 640 200 666 καὶ
220 641 308 676 παρόν
322 650 364 668 σοι
390 642 493 674 ταύτας
507 643 607 670 εἰδέναι
630 645 708 679 παρὰ
730 644 785 671 τῶν
801 644 940 680 προῦργου

154 686 233 713 τοῦτο
263 688 464 722 πεποιηκότων,
491 689 658 724 πειραθῆναι
685 690 806 717 τουτοισὶ
820 692 875 722 τοῖς
896 692 941 716 ἀν-

154 732 233 766 δράσι
252 733 420 768 παραϐαλεῖν
441 735 543 762 ἐκεῖνον
558 735 591 770 δὴ
605 735 651 762 τὸν
666 736 779 771 ἄριστον
804 737 896 771 ἄνδρα,
911 737 942 764 ὃν

155 779 190 810 ἐξΔ
205 778 360 811 ὑποθέσεως
388 780 544 815 ὑπεθέμεθα
569 781 710 816 καταρχὰς
739 781 837 813 εὐθύς·
867 782 940 815 λέγω

154 822 189 857 δὴ
206 823 251 850 τὸν
266 824 408 859 φρόνιμον,
426 825 473 852 καὶ
494 825 606 860 ἀγαθὸν,
630 827 677 853 καὶ
704 827 795 861 σοφόν.
818 828 849 854 Ὀ
872 827 939 862 γοῦν

155 868 274 901 τοιοῦτος
291 869 428 904 βασιλεὺς,
443 871 459 906 ἢ
476 870 544 902 ὅλως
561 871 653 906 ἄρχων
667 872 759 905 τινῶν⁷
775 873 942 908 ἐρρωμένως

156 915 226 949 ἔχων
235 916 284 950 τὴν
295 915 395 953 ψυχὴν,
411 918 457 943 καὶ
473 917 511 949 ὠς
528 917 582 952 χρὴ
599 918 684 952 φιλῶν
696 917 733 945 ὢν
749 918 942 953 ἃρχει,,θέλων

156 969 186 987 τε
201 961 299 992 αὐτοὺς
315 962 381 997 όρᾷν
395 963 423 988 ὲν
440 959 480 992 οἷς
494 962 528 989 ἂν
539 963 660 997 γένοιντο
678 963 727 998 τὴν
741 965 853 999 γνώμην
866 965 944 1000 ἀμεί-

156 1015 229 1040 νους,
247 1008 294 1034 καὶ
308 1007 398 1042 ζητῶν
413 1008 520 1035 ἅπαντα
535 1011 645 1042 τρόπον,
660 1009 693 1035 δι*
708 1006 746 1037 ὢν
760 1010 790 1036 εὖ
804 1011 942 1038 πείσονται

158 1053 224 1088 παρ’Ι
240 1053 322 1079 αὑτοῦ
333 1061 340 1068 ·
357 1053 452 1080 ἔπειτα
466 1054 512 1080 καὶ
527 1054 561 1088 τῇ
578 1054 695 1089 δυνάμει
711 1055 764 1082 τῶν
783 1056 871 1089 λόγων
886 1057 946 1083 πεί-

159 1100 215 1126 θων
229 1099 339 1131 αὐτοὺς,
358 1099 421 1134 μήτ’
437 1099 608 1132 ἀλαζονείας,
627 1101 770 1128 τοσύνολον
787 1102 852 1138 μήτ’
868 1104 947 1138 εἰρω-

159 1143 234 1175 νείας
249 1144 402 1178 ἁπτόμενος
414 1144 509 1180 (ἄμφω
533 1146 587 1181 γὰρ
603 1145 694 1180 κακὼ)
709 1147 746 1179 ὡς
761 1148 804 1183 εἴη
823 1147 873 1182 μὲν
892 1145 947 1180 οἶός

159 1189 245 1220 ἐστιν,
265 1190 351 1216 ἐθέλοι
377 1190 401 1216 δ’
413 1191 481 1226 ὅπερ
499 1190 587 1218 ἐθέλει
599 1199 606 1207 ⁸
623 1193 636 1218 ὁ
661 1192 693 1228 δὴ
711 1192 830 1225 τοιοῦτος
854 1193 948 1221 οὐδένα

158 1234 236 1268 ὶ-ἠσει
249 1234 304 1260 τῶν
324 1233 444 1268 ἀγαθῶν,
461 1235 499 1266 ὡς
515 1235 552 1262 ὤν
568 1244 600 1270 γε
617 1237 747 1271 τυγχάνει
763 1238 797 1264 τὰ
813 1238 882 1273 ’πρὸς
900 1239 948 1264 αὖ-

159 1280 222 1310 τοὺς
232 1279 280 1306 καὶ
292 1278 392 1315 τὲατὴρ,
403 1280 448 1307 καὶ
464 1280 617 1315 οἰκονόμος,
630 1283 677 1308 καὶ
689 1282 774 1316 φίλος,
790 1283 837 1310 καὶ
852 1283 949 1318 κυϐερ-

161 1327 255 1360 νήτης,
267 1325 313 1352 καὶ
326 1326 437 1361 ποιμὴν,
448 1327 493 1353 καὶ
507 1327 609 1362 ίατρὺς,
619 1329 668 1355 καὶ
678 1328 767 1355 πάντα
779 1330 813 1355 τὰ
824 1330 949 1357 τοιαῦτα,

164 1371 260 1397 Ἔσται
283 1371 333 1406 μὲν
353 1372 407 1407 γὰρ
421 1373 513 1403 αὐτοῖς
541 1373 645 1409 σωτὴρ,
663 1373 738 1400 ἔσται
758 1375 787 1402 δὲ
813 1375 950 1406 παντοίως

162 1416 308 1452 ὠφέλιμος,
330 1417 358 1444 ὲν
383 1417 468 1445 ἅπασι
495 1420 602 1454 καιροῖς
628 1428 658 1446 τε
684 1420 732 1446 καὶ
760 1421 950 1456 περιστάσεσι,

988 196 1019 217 ce
1038 189 1112 216 velut
1120 188 1243 223 exempla
1254 187 1423 222 sumpsimus
1433 189 1564 220 omnium,
1576 187 1615 214 eis
1625 187 1773 219 similium,

988 234 1183 268 memorizeque
1193 235 1227 262 de
1240 235 1306 268 ipsis
1317 234 1433 268 prodita,
1446 234 1514 261 satis
1525 233 1664 267 attigimus
1673 253 1680 265 ,
1692 232 1777 260 omis-

988 280 1037 311 sis,
1054 287 1224 314 quzecunque
1243 286 1447 313 supervacanea
1476 277 1565 305 forent
1582 286 1589 304 :
1610 282 1774 312 opportune.

989 325 1065 352 velut
1084 325 1210 360 equidem
1229 325 1358 355 arbitror.
1385 324 1557 352 desistimus.
1573 323 1680 350 Etenim
1702 329 1777 350 recte

990 370 1117 402 fecimus,
1133 372 1179 406 qui
1198 371 1303 406 argenti
1328 371 1531 398 examinatores
1555 370 1653 397 imitati
1667 369 1774 398 simus:

989 416 1089 451 quibus
1103 421 1146 444 est
1163 417 1189 443 in
1205 424 1279 444 more
1297 420 1384 443 totum
1402 425 1434 444 ex
1448 421 1523 451 parte
1536 422 1684 450 agnoscere
1701 423 1708 441 τ
1722 422 1774 448 qua

990 470 1056 490 sane
1075 463 1150 490 brevi
1170 463 1283 490 docendi
1301 462 1347 490 via'
1363 462 1460 490 debere
1485 469 1536 489 nos
1559 468 1619 488 esse
1631 464 1773 488 contentos

991 508 1122 536 arbitror.
1139 508 1169 535 Si
1192 509 1265 535 enim
1283 508 1350 539 illis.
1377 509 1422 542 qui
1443 508 1525 534 rebus
1550 507 1678 534 omnibus
1695 507 1775 540 longe

991 559 1102 581 omn-ros
1116 554 1219 581 anteire
1237 554 1286 581 visi
1301 559 1376 586 sunt,
1397 553 1541 580 manifesto
1556 553 1686 587 splendor
1700 553 1723 579 is
1741 553 1773 578 al

992 599 1064 626 sacri
1079 599 1158 632 nihil,
1174 600 1244 633 quod
1259 600 1347 630 aiunt,
1363 600 1471 626 tandem
1487 599 1578 631 rediit,
1591 607 1621 624 ac
1640 598 1779 625 nonnullis

992 645 1020 672 in
1040 645 1209 672 contrariam
1229 652 1337 679 quoque
1365 649 1467 679 partem
1492 644 1600 674 cecidit,
1619 643 1700 677 idque
1715 650 1780 677 pro-

992 697 1096 726 pterea,
1112 691 1184 725 quod
1203 698 1257 717 non
1277 691 1394 722 sincere,
1412 698 1462 717 nec
1481 695 1552 717 recte
1572 689 1671 716 virtute
1686 694 1776 716 secta-

995 740 1091 762 rentur
1107 743 1115 762 :
1130 735 1217 762 multo
1237 735 1329 762 minus
1343 735 1490 762 inferiores
1503 735 1560 765 alii,
1576 739 1684 768 propter
1699 741 1778 768 opes.

992 786 1020 808 et
1036 781 1129 816 populi
1144 781 1329 813 dominatum,
1347 784 1374 808 et
1391 781 1416 807 in
1430 781 1591 807 servitutem
1607 780 1640 806 ab
1654 788 1695 811 se,
1714 786 1781 814 qna-

992 834 1101 861 cunque
1128 828 1237 854 tandem
1270 832 1339 858 arte,
1363 826 1488 853 redactos
1513 826 1640 853 homines
1666 826 1777 854 invitos.

993 880 1057 899 vere
1071 871 1142 899 beati
1159 879 1219 900 esse
1235 872 1409 899 videbuntur.
1422 871 1594 906 Quapropter
1610 870 1722 898 omissis
1738 870 1779 897 hl-

996 917 1101 951 storiis,
1113 925 1181 952 qttas
1193 917 1335 952 percipere
1350 917 1384 945 de
1400 917 1434 945 iis
1448 921 1535 951 poles,
1546 917 1592 951 qui
1608 923 1654 943 eas
1669 923 1699 942 ex
1718 922 1782 950 pro-

992 963 1067 991 fesso
1090 967 1228 994 tractant,
1255 963 1412 990 conandum
1437 962 1517 990 nobis
1531 967 1583 994 est.
1616 966 1644 989 ut
1659 969 1721 989 cum
1740 960 1781 987 his

993 1008 1062 1035 viris
1091 1008 1226 1042 optimum
1255 1007 1330 1033 illum
1358 1008 1445 1034 virum
1469 1014 1672 1041 comparemus,
1695 1014 1779 1038 quem

995 1052 1088 1081 statim
1116 1053 1150 1080 ab
1178 1052 1257 1079 initio
1284 1052 1453 1086 peculariter
1478 1052 1558 1079 nobis
1575 1052 1781 1086 proposuimus,

996 1098 1159 1132 prudentem
1177 1099 1299 1132 inquam,
1312 1103 1339 1125 et
1354 1098 1468 1130 bonum,
1484 1102 1512 1125 et
1532 1098 1693 1133 sapientem.
1708 1097 1783 1125 Talis

998 1151 1063 1178 ergo
1079 1152 1135 1175 rex,
1151 1149 1198 1170 aut
1224 1145 1352 1178 princeps
1370 1143 1482 1171 omnino
1499 1143 1694 1178 quorumdam,
1718 1143 1782 1170 forti

997 1195 1024 1216 cl.
1037 1189 1172 1216 constanti
1197 1190 1325 1223 praeditus
1338 1190 1441 1222 animo,
1458 1189 1559 1224 quique
1575 1190 1715 1224 subjectos
1732 1190 1783 1216 ἰηι-

1000 1235 1075 1269 pcrio
1089 1242 1140 1262 suo
1160 1236 1199 1262 sic
1217 1235 1314 1270 diligit,
1335 1235 1479 1267 utivdebet,
1493 1240 1520 1262 et
1534 1235 1624 1262 videre
1641 1236 1714 1270 cupit
1731 1242 1779 1263 eos

1000 1281 1027 1307 in
1053 1281 1107 1308 illis
1130 1286 1281 1312 versantes,
1309 1282 1410 1316 quibus
1427 1282 1555 1309 meliores
1576 1289 1670 1309 eorum
1697 1282 1781 1309 animi

999 1325 1170 1358 reddantur;
1188 1326 1317 1360 omnique
1335 1326 1441 1353 ratione
1455 1326 1568 1360 quaerit,
1587 1327 1688 1361 quibus
1703 1327 1785 1354 rebus

1001 1371 1068 1398 bene
1081 1372 1114 1398 de
1125 1371 1193 1406 ipsis
1207 1372 1304 1398 mereri
1320 1372 1406 1406 possit
1419 1381 1425 1403 ;
1441 1378 1473 1398 ac
1484 1372 1583 1399 deinde
1597 1373 1687 1399 verbis
1701 1373 1784 1399 etiam

1001 1423 1060 1447 eos,
1083 1422 1110 1443 et
1133 1417 1295 1450 eloquentiae
1316 1417 1341 1443 vi
1359 1417 1460 1448 ﬂectit;
1478 1422 1506 1444 nt
1529 1420 1562 1445 ab
1582 1419 1654 1445 omni
1673 1426 1786 1453 prorsus

163 1463 304 1496 γινώσκων
317 1463 366 1497 μὲν
379 1463 409 1490 τὸ
422 1464 491 1490 πᾶσι
503 1466 626 1491 συνοῖσον
641 1465 743 1499 βέλτιον
755 1466 864 1493 πάντων
877 1465 946 1492 ὲκεί-

1000 1463 1169 1497 arrogantia,
1183 1463 1223 1490 sic
1248 1463 1330 1490 etiam
1351 1462 1572 1491 dissimulatione
1593 1465 1699 1492 alienus
1718 1465 1786 1500 (ere-

163 1519 227 1542 νων,
242 1510 325 1537 θέλων
337 1511 364 1538 δὲ
376 1510 408 1537 αὗ
424 1511 504 1538 τοῦτο
516 1512 618 1546 σφίσιν,
633 1511 649 1546 ἢ
663 1512 754 1545 σφίσιν
769 1511 861 1542 αὐτοῖς
872 1511 947 1537 ἐκεῖ·

164 1564 203 1582 νοι
215 1565 223 1573 ·
235 1556 300 1590 πρὸς
314 1556 342 1582 δὲ
351 1557 381 1583 τὸ
392 1557 510 1592 περᾶναι
525 1557 555 1583 τὸ
569 1556 649 1589 δόξαν
663 1556 771 1591 βέλτιον
785 1554 858 1583 εἶναι
887 1558 948 1583 επι-

165 1601 271 1636 στήμην
285 1602 464 1636 κεκτημένος,
479 1603 579 1638 σπουδῇ
598 1603 646 1629 καὶ
661 1603 762 1637 εὐφυΐᾳ
774 1601 950 1636 συνειλεγμέ-

165 1653 224 1680 νην,
246 1645 279 1681 ἢν
295 1647 325 1672 οὺ
353 1647 451 1681 ῥᾳδίως
471 1648 620 1682 ὑπερϐαλεῖ
637 1647 722 1681 οὐδ”ίι
744 1647 798 1674 τῶν
821 1646 950 1673 ἁπάντων

164 1692 244 1725 ὁμοῦ,
260 1692 332 1726 λέγω
345 1693 377 1728 δὴ
390 1693 444 1719 τῶν
460 1693 514 1719 ὑπδ
527 1694 617 1728 χεῖρα,
634 1693 818 1728 ἀκριϐέστατα
832 1701 950 1728 συγκρο-

165 1739 279 1772 τηθεῖσα
295 1738 362 1772 πρὸς
379 1738 409 1764 ἓν
427 1747 454 1765 τι
469 1738 576 1773 χρῆμα.
601 1738 677 1765 ’Ὢσθ“
696 1738 867 1774 ὑποληπτέον
882 1739 950 1773 ἡμῖν

166 1783 200 1810 ἂν
228 1785 284 1818 εἴη,
303 1784 371 1819 ὅπερ
396 1785 545 1817 ἀναγκαῖον
571 1784 635 1811 νοῦν
660 1784 764 1819 ἔχουσι.
789 1784 822 1810 Τί
848 1784 950 1817 τοῦτο;

172 1828 216 1860 Ὦς
229 1829 282 1864 ἄρα
294 1828 396 1864 τάληθῆ
409 1829 610 1864 πεπεισμένους
622 1830 685 1860 τοὺς
700 1829 871 1864 ἀρχομένους
886 1829 950 1864 περὶ

165 1874 215 1901 τοῦ
231 1873 370 1909 ἄρχοντος,
381 1874 422 1901 ὃτι
435 1875 516 1906 καλός
529 1883 560 1901 τε
572 1874 693 1909 κάγαθός
707 1875 774 1906 ἐστι,
788 1875 877 1901 καὶτὰ
889 1874 950 1900 κατ’

167 1919 258 1952 αὑτὸν,
274 1919 320 1946 καὶ
337 1918 372 1946 τὰ
388 1919 457 1945 κατὰ
475 1918 570 1946 τούσδε
581 1938 588 1951 ,
607 1919 685 1945 οὐδὲν
702 1919 735 1945 ἂν
750 1919 793 1953 εῐη
810 1918 841 1945 τὸ
856 1926 951 1953 προσι-

168 1965 301 1999 στάμενον
317 1965 441 2000 μεθέξειν
457 1965 557 1996 αὐτοὺς
573 1965 677 1992 πολλῶν
695 1973 724 1991 τε
742 1965 789 1992 καὶ
814 1966 950 1999 μεγίστων

167 2011 288 2045 ἀγαθῶν.
305 2010 389 2037 Ταυτὶ
401 2011 429 2037 δὲ
444 2011 517 2044 λέγω
532 2011 597 2046 περὶ
614 2010 740 2046 χρηστῶν
757 2018 787 2036 τε
800 2011 848 2037 καὶ
865 2012 951 2038 ἐπιει-

167 2056 306 2091 κεστέρων
330 2055 494 2091 ἀνθρώπων.
512 2056 565 2082 Τὸν
591 2055 646 2090 γὰρ
672 2055 786 2087 Ἰούδαν.
814 2057 860 2083 καὶ
888 2055 950 2087 τοὺς

167 2102 313 2135 τοιούτους,
341 2102 395 2129 οὐδ’
421 2102 437 2136 ἡ
456 2101 503 2128 τοῦ
521 2101 648 2136 Σωτῆρος
663 2101 760 2136 ἁρετὴ,
785 2102 801 2136 ἢ
818 2102 951 2136 οὐρανοὺς

1001 1508 1056 1535 nim
1067 1513 1212 1542 utrumque
1224 1509 1323 1536 malum
1334 1509 1397 1543 est),
1410 1515 1439 1536 ut
1450 1510 1495 1542 sit,
1510 1511 1598 1544 qualis
1609 1515 1649 1537 est
1659 1519 1665 1541 ;
1677 1515 1702 1537 et
1714 1512 1785 1545 quod

1000 1553 1069 1584 vult,
1085 1554 1146 1579 velit
1163 1561 1171 1580 :
1186 1553 1259 1584 talis,
1270 1554 1392 1587 inquam,
1403 1555 1536 1583 bonorum
1551 1556 1634 1582 latere
1648 1557 1784 1584 neminem

1001 1602 1100 1633 potest,
1116 1599 1183 1633 quin
1201 1599 1272 1633 quod
1289 1600 1386 1627 attinet
1402 1601 1487 1635 ipsos,
1502 1605 1528 1627 et
1544 1606 1622 1636 pater
1637 1603 1683 1632 sit.
1697 1608 1724 1629 et
1736 1603 1786 1630 ad-

1001 1643 1182 1676 ministrator,
1199 1649 1225 1670 et
1242 1644 1358 1677 anticus,
1372 1649 1399 1672 et
1410 1646 1587 1680 gubernator,
1601 1653 1627 1674 et
1642 1653 1741 1682 pastor.
1760 1654 1788 1676 (-t

1002 1688 1135 1721 medicus.
1153 1693 1179 1715 et
1205 1688 1340 1722 ejusmodi
1360 1691 1462 1718 omnia.
1480 1691 1547 1719 Nam
1563 1697 1590 1720 et
1612 1699 1735 1721 servator
1746 1696 1787 1722 eis

1001 1736 1063 1766 erit,
1078 1739 1106 1761 et
1119 1734 1194 1761 utilis
1217 1736 1387 1768 omnimodo,
1404 1737 1501 1771 quovis
1518 1743 1651 1772 tempore,
1668 1740 1786 1773 quibus-

1002 1780 1043 1807 vis
1063 1780 1173 1808 casibus
1192 1789 1198 1806 :
1222 1782 1292 1815 quod
1307 1787 1334 1809 et
1356 1782 1499 1816 profutura
1518 1784 1656 1812 universis
1675 1785 1797 1818 melius,

1002 1834 1083 1860 quam
1099 1826 1149 1861 ipsi
1164 1834 1271 1859 omnes,
1287 1827 1441 1862 intelligat;
1458 1833 1484 1855 et
1501 1830 1586 1866 magis
1602 1831 1659 1858 hmo
1674 1831 1714 1858 eis
1726 1839 1787 1858 eve-

1003 1872 1063 1899 nire
1081 1872 1186 1905 cupiat,
1203 1879 1283 1906 quam
1309 1873 1360 1906 ipsi
1385 1873 1495 1901 sibimet
1521 1875 1588 1909 ipsis
1614 1880 1729 1910 optent:
1754 1878 1785 1903 ad

1003 1917 1200 1951 perliciendum
1224 1922 1314 1945 autem
1343 1918 1379 1951 id,
1406 1920 1480 1954 quod
1497 1922 1594 1950 melius
1617 1930 1679 1951 esse
1699 1924 1785 1950 visum

1002 1962 1094 1995 fuerit,
1113 1970 1146 1990 ea
1171 1963 1302 1997 praeditus
1318 1964 1353 1991 sit
1368 1966 1524 1999 prudentia,
1544 1971 1602 1995 tum
1618 1970 1711 2001 studii,
1730 1974 1784 1996 tum

1002 2008 1102 2042 ingenii
1130 2009 1155 2035 vi
1172 2009 1303 2042 collecta;
1317 2018 1399 2045 quam
1419 2019 1472 2038 non
1490 2012 1569 2040 facile
1583 2014 1623 2040 vel
1639 2016 1788 2043 accuratis-

1001 2053 1070 2080 sime
1086 2053 1113 2080 in
1125 2062 1209 2081 unum
1225 2056 1341 2083 conﬂata
1354 2057 1436 2084 simul
1462 2059 1585 2086 omnium
1601 2061 1709 2094 peritia,
1722 2062 1787 2088 sub-

1003 2098 1123 2126 ditorum
1141 2100 1262 2134 inquam,
1278 2103 1462 2136 superaverit.
1479 2103 1652 2139 Quapropter
1665 2106 1690 2132 id
1707 2107 1787 2134 nobis

168 2149 298 2184 ἐκάλυψε,
320 2149 389 2176 κατὰ
413 2148 460 2175 τὸν
485 2148 638 2183 προφήτην,
654 2147 806 2182 ὠφέλησεν.
823 2147 901 2175 Οὕτω
917 2149 946 2183 δὴ

1003 2148 1046 2172 est
1061 2145 1384 2182 existitnattdutn.rquod
1410 2150 1567 2177 extstimare
1599 2157 1688 2179 mente
1716 2161 1785 2186 pne-

168 2195 274 2231 χωροῦν
284 2195 314 2222 τδ
330 2195 457 2230 πρᾶγμα,
474 2194 536 2229 μηδ’
549 2194 634 2229 ἑτέρῳ
647 2195 704 2220 τοῖν
715 2194 806 2221 πεδοῖν
819 2202 950 2229 παραχω-

168 2242 256 2275 λεῦον,
269 2242 301 2269 οὑ
318 2242 438 2276 βραδέως
455 2241 619 2276 καταντήσει
642 2240 712 2275 πρός
727 2240 952 2275 τιχρηστότερον

169 2288 265 2323 πέρας.
275 2288 330 2314 Καὶ
338 2287 417 2314 τοῦτο
426 2287 507 2321 λέγω,
514 2287 549 2317 οὗ,
555 2286 764 2321 μαντευόμενος,
773 2286 834 2313 οὐδὲ
845 2293 952 2320 προφη-

168 2334 264 2360 τεύων.
280 2333 317 2360 Τὸ
330 2333 380 2368 μὲν
395 2333 450 2368 γὰρ
461 2333 603 2367 Τειρεσίου
618 2332 665 2359 τοῦ
680 2332 776 2363 πάλαι,
787 2331 817 2358 τὺ
826 2331 855 2357 δὲ
869 2331 952 2358 Δαϐὶδ

169 2377 400 2414 βασιλέως.“Εμοὶ
414 2377 440 2404 δὲ
457 2377 570 2412 θάτερον
586 2377 635 2411 μὲν
649 2377 687 2412 μὴ
714 2377 819 2411 γένοιτο
839 2376 879 2406 (οὐ
896 2376 951 2410 γὰρ

169 2425 229 2460 Θιῷ
242 2414 341 2459 ᾡίλον),
350 2423 462 2459 θάτερον
476 2422 506 2449 δὲ
531 2423 660 2458 μέγιστον
676 2422 737 2458 μὲν,
754 2422 811 2449 ἀλλ’
823 2422 883 2449 οὐδὲ
896 2422 950 2449 δει-

169 2469 263 2497 κνύναι
276 2469 342 2504 χρὴ,
353 2469 390 2500 ὡς
408 2469 478 2504 ὑπὲρ
493 2469 578 2503 ἡμᾶς.
594 2468 680 2503 Δῆλον
691 2468 754 2503 γάρ.
771 2468 808 2495 οὐ
824 2468 879 2502 μὴν
894 2467 950 2495 ἀλλ’

170 2516 230 2543 οὐδὲ
242 2515 451 2551 τεκμαιρόμεθα
461 2515 551 2547 τοῦτο,
566 2514 604 2545 ὡς
616 2512 671 2541 οἶόν
684 2522 714 2540 τε
729 2513 799 2541 εἶναι
816 2513 952 2550 ἐξηπατῆ-

171 2560 242 2588 σθαι.
260 2560 349 2587 Πολλὰ
364 2559 419 2595 γὰρ
435 2560 470 2587 ἂν
487 2559 601 2586 τοιαῦτα
618 2559 740 2595 συμϐαίη
749 2560 806 2592 τοῖς
818 2559 951 2595 διισχυρι-

170 2605 292 2639 ζομένοις
305 2605 370 2640 napi.
384 2604 432 2630 τοῦ
447 2603 609 2638 πράγματος
621 2603 675 2630 ἀπὸ
693 2603 862 2639 τεκμηρίων.
881 2603 950 2630 Ἀλλ’

169 2650 277 2685 ἀνάγκη
295 2648 531 2684 λογισμῶνλτοῦτο
546 2649 673 2683 λέγομεν.
695 2649 749 2675 Καὶ
760 2648 896 2675 σκοπείτω
908 2658 951 2681 τις

169 2695 227 2722 ὡδί.
242 2697 320 2722 Δυοῖν
334 2695 386 2729 γὰρ
401 2695 508 2726 πάντως
527 2694 633 2729 θατέρῳ
648 2694 740 2726 κακῶς
756 2694 891 2729 πράξουσι
904 2695 952 2721 πό-

170 2739 237 2771 λιν,
252 2740 300 2774 (τῷ
319 2740 372 2774 γὰρ
391 2739 424 2774 δὴ
453 2738 512 2765 κατ’
531 2738 616 2773 ἄμφω
632 2738 756 2772 νοσῆσαι,
776 2738 836 2765 οὐδὲ
859 2739 951 2771 κακῶς

172 2785 272 2815 πρᾶξαι
288 2785 443 2818 περιέσται·
461 2784 528 2811 ἀλλὰ
546 2784 595 2819 τὴν
608 2783 740 2819 ταχίστην
756 2784 925 2812 ἀπολωλέναι
940 2787 949 2819 )

1003 2188 1052 2216 diti
1063 2190 1218 2217 necessario
1232 2190 1342 2226 debent.
1357 2191 1427 2224 Quid
1441 2193 1510 2219 istuc
1521 2193 1532 2219 ?
1543 2192 1570 2220 Si
1585 2201 1646 2221 vere
1656 2194 1712 2221 sint
1725 2203 1785 2229 per-

1002 2235 1079 2263 suasi
1104 2235 1138 2264 de
1155 2237 1279 2272 principe
1307 2237 1419 2270 subditi,
1445 2238 1518 2272 quod
1547 2243 1682 2273 przestans
1699 2242 1736 2268 sit
1759 2247 1786 2268 et

1002 2281 1140 2316 egregius,
1157 2289 1219 2309 cum
1237 2283 1305 2314 suis,
1323 2287 1379 2310 tum
1391 2283 1513 2318 ipsorum
1529 2285 1556 2311 in
1571 2286 1699 2320 negotiis,
1718 2287 1785 2314 nihil

1002 2332 1063 2353 esse
1076 2325 1282 2360 impedimento,
1296 2335 1351 2362 quo
1363 2329 1453 2355 minus
1467 2332 1494 2355 et
1506 2331 1625 2357 multoru
1636 2337 1667 2362 n,
1684 2335 1712 2357 et
1726 2339 1785 2359 ma-

1003 2371 1141 2398 ximorum
1167 2372 1300 2400 honorntn
1324 2380 1465 2407 compotes
1481 2374 1564 2408 ﬁant;
1581 2380 1662 2410 atque
1678 2377 1735 2404 lucc
1751 2378 1784 2404 de
1799 2373 1810 2378 ’

1002 2417 1082 2445 bonis
1094 2421 1122 2445 et
1132 2418 1263 2446 modestis
1276 2419 1433 2447 hominibus
1446 2421 1604 2455 pronuntio.
1617 2421 1684 2449 Nam
1696 2422 1783 2455 Judaa,

1002 2470 1084 2498 atque
1099 2463 1161 2492 aliis
1177 2463 1289 2497 talibus,
1307 2472 1341 2492 ne
1356 2465 1417 2500 ipsa
1432 2466 1543 2501 quidem
1558 2467 1711 2496 Servatoris
1727 2471 1783 2496 vir-

1003 2514 1057 2542 tus,
1080 2517 1142 2545 qua:
1156 2511 1242 2539 ecelos
1258 2512 1376 2545 operuit,
1396 2517 1425 2539 ut
1441 2513 1581 2547 prophetae
1596 2515 1685 2542 verbis
1709 2520 1781 2548 utar.

1001 2557 1116 2591 profuit.
1140 2556 1198 2585 Hoc
1221 2557 1300 2585 modo
1322 2558 1346 2586 si
1367 2567 1412 2587 res
1432 2561 1572 2595 procedet,
1587 2569 1638 2589 nec
1651 2562 1783 2589 alterutro

1001 2602 1070 2637 pede
1089 2602 1270 2635 claudicabit;
1288 2611 1458 2639 nequaquam
1485 2606 1557 2634 lente
1581 2609 1681 2635 bonum
1699 2609 1732 2636 ad
1749 2609 1782 2636 ll-

1003 2655 1064 2675 nem
1079 2648 1220 2683 perveniet
1232 2657 1239 2675 :
1254 2649 1328 2683 quod
1343 2651 1469 2685 equidem
1482 2659 1533 2679 nec
1544 2658 1574 2687 ut,
1588 2654 1722 2687 hariolus.
1734 2663 1783 2683 nec

1002 2697 1031 2720 ut
1044 2693 1175 2728 propheta
1192 2694 1263 2722 dico.
1278 2694 1345 2722 Nam
1370 2696 1443 2724 istud
1474 2698 1548 2726 illius
1573 2700 1655 2734 prisci
1671 2699 1781 2728 Tiresiae

1001 2739 1106 2772 fuerit;
1127 2739 1179 2767 hoc
1200 2739 1310 2768 Davidis
1337 2743 1419 2777 regis.
1438 2743 1504 2771 lllihi
1531 2753 1595 2773 vero
1613 2746 1697 2773 nolim
1712 2747 1780 2774 alte-

1002 2792 1062 2817 rum
1081 2785 1148 2813 illud
1163 2786 1331 2822 contingere,
1346 2789 1418 2823 quod
1435 2796 1574 2823 acceptum
1589 2792 1649 2821 Deo.
1657 2799 1710 2820 non
1725 2793 1780 2820 sit:
