1937 3078
177 77 231 109 407

760 79 960 109 MANU'ELIS
981 80 1028 109 ΡΑ
1035 79 1211 111 LEOLOGI

1743 79 1798 111 108

176 137 293 164 alterum
318 143 384 163 vero
399 137 548 165 maximum
563 144 629 165 sane
642 137 770 172 quiddam
786 143 837 172 est,
853 138 900 166 sed
914 145 953 166 su-

1010 139 1026 174 ἢ
1050 138 1090 174 τῷ
1106 139 1143 175 μὴ
1162 138 1291 173 προνοίας
1302 137 1426 173 χρηστῆς
1442 136 1655 165 ἀπολελαυκέναι
1670 138 1798 173 χρηστῶν

174 191 223 218 pra
245 190 296 210 nos
311 190 373 211 esse
394 184 524 218 positum,
545 192 579 212 ne
596 185 710 212 indicari
733 185 843 220 quidem
865 185 956 218 debet,

173 237 236 256 cum
251 230 426 264 perspicuum
445 230 490 257 sit.
508 229 634 258 Necitem
650 231 684 257 de
700 230 867 265 c0njecturis
883 231 959 258 colli-

173 276 272 311 gimus,
301 280 332 303 ut
358 276 414 303 falli
435 278 582 311 possimus.
608 277 726 305 Evenire
752 285 869 312 namque
892 277 956 305 talia

171 327 275 355 queunt
290 322 334 352 iis.
351 322 394 354 qui
407 322 442 350 de
452 330 481 350 re
493 322 620 357 quapiam
631 330 663 350 ex
675 323 841 357 coniecturis
854 323 956 358 aliquid

174 365 322 393 atlirmant.
338 367 457 395 Adducti
475 375 541 395 vero
555 368 708 395 rationibus
722 367 888 396 necessariis
905 367 956 396 hoc

172 412 290 439 dicimus
305 421 311 438 :
329 420 360 440 ac
378 413 405 440 in
422 413 495 440 hunc
510 420 576 441 sane
591 414 701 441 modum
716 414 954 441 consideratioin-

172 458 315 485 stituatur.
333 457 398 485 Duae
412 466 457 486 rcs
473 464 547 491 sunt,
574 467 690 494 quarum
707 467 797 487 rerum
823 460 954 487 alterutra

172 502 298 530 infelices
311 504 394 531 urbes
416 509 496 532 erunt
510 505 623 540 (quippe
635 505 658 533 si
676 505 748 532 vitiis
767 505 903 533 ambobus
916 506 956 533 la-

170 548 281 580 borent,
296 556 329 576 ne
344 550 481 583 supererit
496 549 603 584 quidem
620 550 670 581 eis,
693 555 723 577 ut
740 549 870 578 infelices‘
880 551 954 584 sint;

169 592 218 619 sed
241 598 322 620 erunt
337 594 543 629 quamprimum
567 595 708 630 perditae);
726 596 768 623 vel
788 596 811 624 si
834 596 954 624 fructum

170 638 350 671 providentiae
367 639 455 671 bonae,
472 641 607 668 bonorum
635 641 804 676 principum,
820 649 875 669 non
891 650 955 676 per-

171 685 316 719 crperint;
333 686 375 712 vel
395 686 418 713 si
433 687 474 714 eis
498 694 594 721 parcre
608 694 663 714 non
680 687 829 714 voluerint.
845 689 885 715 Ac
898 688 955 722 pri-

171 738 244 756 mtlm
253 731 370 765 quidem
402 731 468 759 illud
487 736 530 759 est
554 731 732 767 perditiicile:
747 733 837 761 bonus
850 738 880 762 ut
896 740 955 761 om-

170 776 236 804 nino
251 777 381 812 princeps
398 777 563 806 inveniatur.
579 778 700 806 Alterum
716 786 782 806 vero
807 786 893 814 prope
907 787 954 807 ne-

172 823 323 850 cessarium
339 830 449 857 quoque
460 823 611 851 dixerimus
624 833 631 856 ;
649 829 678 852 ut
695 812 824 859 principi,
835 812 882 859 qui
895 832 956 852 esse
971 812 994 840 Β

152 867 261 895 .bonus
286 869 457 902 agnoscitur,
486 870 588 897 subditi
603 874 631 897 et
651 870 702 904 ipsi
727 871 790 898 boni
815 871 954 906 obtempe-

152 918 245 963 ,τι-ειη.
263 913 330 941 Nam
344 915 368 942 si
378 922 448 949 erga
462 915 587 943 subditos
600 921 627 943 et
639 916 737 951 patris,
751 921 777 944 et
789 916 954 949 amicorum,

171 959 414 994 et‘gubernatoris,
430 965 458 988 et
473 961 590 989 aliorum
607 962 761 997 huiusmodi
775 963 866 990 locum
882 963 954 991 obti-

172 1011 217 1032 net
233 1014 240 1032 :
259 1013 314 1040 quo
332 1011 412 1040 pacto
428 1014 482 1034 non
500 1014 549 1035 eos
572 1008 646 1035 dicto
666 1009 810 1036 audientes
832 1009 952 1041 habebit,

171 1051 253 1078 modo
267 1051 326 1079 haec
345 1052 379 1078 de
397 1052 456 1086 ipso
473 1058 545 1080 recte
572 1054 687 1081 norint?
701 1053 820 1082 Omnino
835 1063 954 1090 namque

170 1102 319 1132 pastorem,
336 1101 362 1125 et
376 1099 532 1133 equarium,
551 1104 578 1127 et
604 1102 813 1134 armentarium,
829 1110 953 1137 quocun-

170 1150 225 1176 que
236 1144 398 1178 porrexerit,
413 1144 518 1172 itineris
527 1145 624 1172 ducem
638 1151 800 1181 sequentur,
824 1155 954 1182 quaecun-

170 1196 225 1223 que
239 1189 367 1217 animalia
382 1190 469 1225 ipsius
491 1191 663 1225 providentia
691 1199 813 1228 curaque
835 1193 952 1221 fruitura

171 1239 245 1263 sunt.
261 1235 357 1263 ltidem
373 1241 401 1264 et
422 1237 694 1271 gubernatorinsvis,
720 1243 749 1266 et
774 1239 908 1273 medicus,
927 1245 954 1268 et

170 1282 328 1318 quicunque
340 1284 409 1311 bene
432 1285 466 1312 de
485 1285 548 1312 aliis
563 1291 696 1316 meretur,
711 1286 826 1313 omnino
840 1295 954 1321 persua-

171 1327 252 1354 dendi
265 1328 318 1355 vim
332 1328 366 1356 ad
378 1335 424 1356 eos
443 1329 582 1356 habebunt
599 1338 669 1364 quos
683 1335 802 1358 servant.
817 1331 952 1359 Nimirum

170 1372 214 1401 vel
225 1380 298 1400 caeco
313 1378 401 1408 paret,
415 1374 505 1409 inquit
518 1375 641 1402 comicus
658 1376 712 1409 ille,
725 1384 740 1403 τι
753 1385 807 1415 quo
820 1381 845 1404 te
858 1385 953 1405 recens

170 1422 322 1452 pra‘ceplor
339 1424 402 1447 tuus
422 1419 492 1447 alios
510 1420 544 1447 ad
563 1420 647 1448 libros
660 1422 800 1455 traduxit;
820 1422 951 1456 futurum,

173 1468 203 1490 ut
220 1463 288 1491 tales
304 1464 415 1497 subditi,
436 1465 459 1492 si
478 1465 549 1493 Deus
561 1467 674 1501 alicujus
689 1469 789 1501 peccati
806 1476 888 1496 causa
900 1477 953 1497 non

172 1509 321 1542 obstiterit,
337 1511 371 1538 ab
385 1511 522 1546 ejusmodi
540 1514 605 1540 hero
619 1515 786 1549 perbenigne
802 1520 955 1543 tractentur

109 1564 116 1571 ·
171 1561 199 1584 et
210 1558 489 1594 verissimajbcatitate
498 1561 651 1595 potiantur;
665 1561 745 1596 idque
758 1562 890 1590 diuturnis
899 1568 955 1591 tum

171 1605 330 1639 sudoribus,
345 1610 402 1633 tum
415 1606 554 1635 laboribus
569 1615 619 1635 nec
631 1607 719 1634 minus
731 1608 859 1642 periculis
871 1609 954 1642 illius,

171 1651 218 1686 qui
237 1660 298 1679 cum
322 1653 362 1679 eis
376 1654 527 1681 certamina
545 1661 595 1688 pro
619 1655 659 1682 eis
674 1655 800 1689 suscipit,
817 1663 848 1682 ac
865 1657 954 1683 navim

173 1697 259 1732 perite
282 1699 451 1726 moderatur.
473 1699 579 1734 Quippe
595 1700 617 1727 si
634 1700 720 1727 bonus
741 1701 878 1736 princeps,
891 1710 954 1736 erga

171 1745 258 1772 bonos
274 1745 409 1777 subditos,
426 1745 478 1772 hoc
496 1749 575 1774 modo
591 1747 626 1773 sit
642 1746 758 1774 allectus
772 1756 779 1775 :
797 1755 899 1781 eosque
915 1748 955 1775 νί-

171 1790 234 1817 deat
248 1797 263 1817 a
277 1797 326 1817 suo
338 1795 405 1817 nutu
419 1790 567 1825 pendentes
580 1800 586 1823 ;
600 1799 632 1818 ac
642 1791 759 1826 principi
773 1796 829 1818 tum
843 1793 955 1826 cupien-

170 1841 223 1867 tes,
240 1840 296 1863 tum
316 1841 442 1871 optantes
463 1837 630 1865 faustissima
657 1845 789 1873 quaeque;
810 1839 873 1873 quid
900 1846 953 1865 non

170 1882 214 1909 ille
230 1882 267 1910 rei
284 1883 422 1916 praeclarae
439 1883 584 1917 perfecerit
597 1883 608 1910 ?
619 1891 675 1918 quo
690 1888 771 1918 pacto
785 1876 842 1912 non
858 1888 885 1911 et
902 1885 953 1920 ipsi

170 1926 235 1958 sibi,
251 1930 278 1953 et
294 1927 409 1961 imperio
431 1928 601 1961 parentibus,
617 1928 798 1955 maximorum
821 1929 952 1956 bonorum

171 1976 265 1999 auctor
286 1973 422 2000 exeliterit
437 1982 444 2005 ;
467 1973 602 2008 siquidem
617 1974 692 2001 illum
711 1975 744 2002 ad
759 1975 785 2001 id
801 1975 872 2010 quod
890 1983 953 2009 pro-

170 2017 293 2046 futurum
318 2018 365 2052 sit,
381 2024 455 2046 recta
473 2020 639 2054 gradientem
654 2020 707 2052 via,
723 2021 814 2048 cuncti
829 2028 954 2055 sequan-

171 2064 238 2092 tur?
251 2064 318 2097 Quis
343 2072 397 2092 non
421 2065 456 2093 ob
473 2073 635 2100 generosum
651 2066 784 2098 animum,
802 2071 831 2094 et
851 2075 952 2101 mores,

170 2117 233 2138 eum
250 2111 417 2145 suspiciens,
431 2111 458 2138 in
479 2111 567 2146 pretio
580 2119 663 2147 supra
678 2120 721 2140 res
738 2120 832 2140 omnes
852 2113 953 2141 habue-

967 1484 990 1516 C

1009 185 1157 220 ἀρχόντων,
1174 185 1190 219 ἢ
1207 184 1246 219 τῷ
1266 184 1354 213 τοῖσδε
1376 183 1500 210 ἀπειθεῖν
1533 183 1738 218 βεϐουλεῦσθαι.
1759 184 1797 210 Τδ

1010 233 1060 265 μὲν
1076 229 1123 258 οὖν
1148 231 1257 266 πρῶτον
1274 230 1462 265 παγχάλεπον,
1482 231 1600 265 ἄρχοντα
1623 230 1796 257 παντάπασιν

1008 277 1108 310 ἀγαθὸν
1135 276 1297 311 εὑρεθῆναι·
1322 276 1353 302 τὸ
1369 276 1460 310 μέντοι
1477 276 1605 310 δεύτερον
1629 274 1727 309 μικροῦ
1748 275 1796 301 καὶ

1007 323 1156 355 ἀναγκαῖον
1169 322 1202 349 ἂν
1214 322 1350 356 εῖποιμεν,
1366 321 1460 355 ἀγαθῷ
1476 321 1675 355 γινωσκομένῳ
1688 321 1727 355 τῷ
1745 322 1796 355 ἀρ-

1007 375 1080 401 χοντι
1097 367 1214 401 ἀγαθοὺς
1227 367 1307 398 ὄντας
1321 367 1462 393 πείθεσθαι
1477 367 1541 398 τοὺς
1556 366 1602 393 ὑπ’
1612 366 1686 400 αὐτῷ
1694 374 1796 399 τεταγ-

1009 412 1116 446 μένους.
1130 413 1161 439 Εἰ
1184 413 1238 448 γὰρ
1262 414 1331 448 πρὸς
1355 413 1420 444 τοὺς
1441 413 1494 439 ὑπὸ
1510 413 1590 447 χεῖρα
1615 409 1729 446 πατρὸς,
1747 412 1795 438 καὶ

1007 459 1103 492 φίλων,
1120 461 1167 486 καὶ
1183 460 1362 494 κυσερνήτου,
1372 460 1418 486 καὶ
1431 459 1486 486 τῶν
1496 459 1626 486 τοιούτων
1639 459 1732 492 ἐπέχει
1745 458 1795 484 τά-

1006 504 1058 537 ξιν,
1079 504 1138 535 πῶς
1159 505 1208 539 οὐχ
1231 504 1286 536 ἕξει
1304 504 1504 538 πεπεισμένους
1531 503 1641 535 αὐτοὺς,
1658 503 1682 529 εί
1704 502 1795 533 καλῶς

1005 551 1082 578 τοῦτ’
1096 550 1210 584 είδεῖεν;
1225 551 1280 577 Καὶ
1295 551 1351 586 γὰρ
1369 551 1480 582 πάντως
1499 549 1621 584 ποιμένι,
1646 549 1693 575 καὶ
1714 549 1796 575 ίππο-

1006 596 1111 632 φορϐᾦ,
1137 597 1184 624 καὶ
1199 596 1330 631 βουκόλῳ,
1346 596 1443 631 ἕψεται
1463 596 1650 630 ὲξηγουμένῳ,
1673 595 1734 621 ὁποι
1761 593 1795 620 ἂν

1007 643 1162 677 πορεύοιτο,
1187 642 1222 668 τὰ
1239 642 1305 677 παρ’
1331 642 1437 668 ἐκείνου
1454 641 1585 676 προνοίας
1605 639 1795 667 ἀπολαύσοντα

1006 689 1074 720 ζῶα.
1092 688 1147 715 Καὶ
1157 688 1338 723 κυὸερνήτης,
1354 687 1402 714 καὶ
1417 687 1519 721 ίατρὺς,
1533 687 1580 713 καὶ
1596 686 1664 716 ὅλως
1682 685 1795 719 εὐεργέ-

1004 743 1065 769 της,
1085 732 1115 761 εὖ
1141 734 1214 769 μάλα
1233 734 1343 765 πάντως
1366 734 1518 765 πείσουσιν,
1549 731 1590 763 οἷς
1608 740 1639 765 γε
1672 732 1796 766 σωτῆρες

1008 781 1158 815 ἐφάνησαν.
1183 780 1328 816 Δηλονοτιὴ
1342 781 1390 807 καὶ
1407 778 1512 814 τυφλῷ,
1530 779 1613 813 φησὶν
1628 778 1642 804 ὸ
1659 778 1794 812 κωμικὸς,

1010 827 1057 860 ἀφ’
1071 823 1101 853 οὗ
1113 835 1142 853 σε
1154 826 1202 852 νῦν
1215 827 1230 853 ό
1239 825 1370 861 σοφιστὴς
1383 825 1447 860 ἄρτι
1459 825 1527 858 πρὸς
1539 824 1621 859 ἔτερα
1630 823 1720 858 βιϐλία
1733 831 1797 857 μετ-

1011 874 1147 908 ενήνοχεν,
1173 873 1211 905 ὡς
1229 873 1263 906 ἢν
1282 872 1320 907 μὴ
1346 872 1380 899 δι’
1403 871 1544 906 ἁμαρτίαν
1572 869 1740 904 ἀντικρούσῃ
1765 868 1797 895 τδ

1012 921 1100 951 Θεῖον,
1122 916 1152 945 εὖ
1168 919 1198 945 τὸ
1210 918 1333 945 τοιοῦτον
1351 918 1473 952 ὑπήκοον
1493 917 1636 943 πείσονται
1651 915 1727 950 παρὰ
1746 914 1795 941 τοῦ

1011 965 1132 994 τοιούτου
1152 965 1296 992 δεσπότου.
1322 964 1377 992 Καὶ
1400 963 1539 996 τεύξονται
1566 971 1598 997 γε
1621 960 1796 996 εὐδαιμονίας

1010 1011 1209 1046 ἀληθεστάτης,
1226 1012 1344 1046 μακροῖς
1354 1010 1448 1045 ίδρῶσι
1465 1010 1512 1037 καὶ
1522 1009 1624 1040 πόνοις,
1634 1008 1683 1044 οὐχ
1694 1008 1797 1043 ἥκιστα

1009 1058 1038 1084 δὲ
1058 1056 1105 1084 καὶ
1121 1056 1255 1087 κινδύνοις
1269 1056 1317 1082 τοῦ
1337 1055 1387 1082 σὺν
1399 1055 1492 1086 αὐτοῖς
1503 1054 1573 1089 ὑπὲρ
1589 1053 1679 1080 αὐτῶν
1694 1053 1797 1086 ἀγωνι-

1010 1103 1139 1137 ζομένου,
1156 1102 1204 1129 καὶ
1215 1102 1264 1129 σὺν
1275 1101 1416 1136 ἐπιστήμῃ
1424 1101 1455 1127 τὸ
1466 1101 1570 1134 σκάφος
1581 1100 1704 1134 ἄγοντος,
1715 1097 1796 1125 Οὕτω

1009 1149 1064 1183 γὰρ
1082 1147 1149 1184 πρὸς
1166 1147 1288 1182 ἀγαθοὺς
1307 1147 1447 1182 ὑπηκόους
1469 1146 1572 1180 ἀγαθὸς
1597 1145 1690 1181 ἅρχων
1710 1144 1795 1180 ιχων,

1011 1196 1058 1222 καὶ
1067 1194 1180 1225 τούτους
1191 1193 1298 1229 βλέπων
1305 1193 1510 1228 ἀνηρτημένους
1521 1191 1647 1225 αὐτοῦτῷ
1666 1190 1795 1225 νεύματι,

1011 1240 1192 1275 βουλομένους
1214 1248 1243 1266 τε
1260 1239 1334 1273 αὐτῷ
1352 1239 1399 1266 καὶ
1418 1239 1582 1274 εὐχομένους
1597 1238 1629 1265 τὰ
1648 1237 1793 1268 κάλλιστα,

1012 1288 1039 1313 τί
1078 1286 1128 1313 οὐκ
1159 1285 1193 1312 ἂν
1226 1282 1375 1320 ἐργάσαιτο
1404 1285 1458 1311 τῶν
1493 1280 1620 1317 καλῶν;’
1644 1283 1702 1314 πῶς
1733 1282 1796 1317 οὐχὶ

1009 1333 1053 1358 καὶ
1067 1330 1167 1365 ἑαυτῷ,
1178 1331 1294 1362 καὶτοῖς
1306 1330 1481 1365 πειθομένοις
1495 1330 1580 1364 αὐτῷ,
1598 1329 1737 1364 μεγίστων
1752 1328 1795 1354 ατ-

1008 1386 1065 1409 τιος
1079 1377 1195 1412 ἀγαθῶν
1203 1376 1360 1410 ἀναγκαίως
1377 1375 1410 1402 ἂν
1427 1376 1544 1410 γένοιτο,
1558 1375 1608 1410 τὴν
1627 1375 1709 1410 ὀρθὴν
1723 1374 1795 1408 πρὸς

1007 1423 1039 1450 τὸ
1057 1424 1179 1450 συνοῖσον
1193 1422 1269 1457 αὒτῷ
1282 1422 1415 1458 χωροῦντι
1448 1422 1627 1457 ὲφεπομένων
1643 1422 1770 1448 ἁπάντων
1783 1429 1791 1453 ;

1008 1469 1056 1500 Τις
1067 1469 1117 1495 οὐκ
1128 1469 1163 1495 ἂν
1176 1468 1315 1503 ἀγάμενος
1330 1468 1410 1495 αὑτὸν
1420 1468 1468 1502 τῆς
1477 1467 1669 1502 γενναιότητος
1685 1467 1793 1493 καὶτῶν

1005 1515 1113 1550 τρόπων
1127 1514 1175 1541 τοῦ
1190 1523 1222 1549 γε
1253 1514 1353 1546 παντὸς
1368 1515 1494 1549 τιμῆσαι,
1509 1515 1533 1540 εί
1552 1514 1589 1549 μὴ
1609 1513 1711 1548 σφόδρα
1727 1512 1793 1547 μαί-

1005 1568 1076 1586 νοιτο
1089 1569 1096 1593 ;
1109 1559 1190 1586 Ὦετε
1204 1560 1338 1595 πρόδηλον
1354 1559 1446 1590 αὐτοῖς
1462 1560 1492 1586 τὸ
1503 1560 1683 1593 εὐδαιμονεῖν.
1697 1559 1743 1584 Δεῖ
1753 1558 1793 1588 δὲ,

1005 1604 1093 1642 οἶμαι,
1111 1606 1180 1642 πρὸς
1203 1605 1328 1639 τοιαῦτα,
1347 1606 1394 1632 καὶ⁸
1415 1606 1469 1637 πᾶς
1492 1607 1560 1640 ἐρεῖ,
1578 1605 1720 1632 αἰτιᾶσθαι
1741 1604 1792 1638 μὲν

1005 1651 1116 1687 ὸρετὴν,
1127 1649 1161 1686 ἧς
1172 1651 1307 1686 ἀπούσης,
1318 1649 1457 1686 προῦπτον
1471 1651 1555 1677 κακὸν
1567 1651 1582 1685 ἡ
1598 1649 1713 1677 δοκοῦσα
1727 1650 1792 1683 εὑη-

1007 1698 1105 1732 μερεα·
1118 1699 1175 1728 τοῖς
1187 1697 1242 1732 γὰρ
1255 1698 1304 1724 οὐκ
1320 1697 1407 1730 ἀξίοις
1421 1697 1452 1723 τὸ
1465 1697 1615 1731 εὐπραγεῖν
1630 1697 1679 1722 οὐκ
1694 1695 1793 1729 ὠφέλι-

1007 1754 1056 1779 μον
1069 1753 1076 1760 ·
1093 1744 1229 1771 αἰτιᾶσθαι
1240 1744 1268 1770 δὲ
1280 1744 1344 1775 τοὺς
1359 1743 1455 1778 λόγους
1470 1744 1518 1778 οὺχ
1533 1740 1615 1779 ἧττον
1630 1743 1646 1777 ἦ
1664 1742 1711 1777 τὴν
1727 1743 1790 1778 ἀρε-

1004 1791 1061 1825 τήν.
1079 1790 1140 1817 Οἵδε
1157 1791 1211 1825 γὰρ
1231 1791 1256 1817 οί
1270 1789 1412 1821 πείθοντες
1434 1789 1582 1816 ἀπολαύειν
1602 1791 1657 1816 τῶν
1682 1790 1791 1823 ἐκείνης

1004 1836 1124 1870 ἀγαθῶν.
1133 1836 1176 1867 Ὡς
1187 1837 1243 1870 εῐγε
1258 1836 1337 1862 τοῦτο
1350 1836 1387 1870 μὴ
1404 1835 1552 1870 βούλοιντο,
1564 1835 1619 1862 οὐδ’
1634 1835 1791 1870 ὠφελήσον-

1004 1890 1049 1907 ται
1065 1881 1230 1916 παράὺτῆς,
1245 1882 1283 1916 μὴ
1300 1882 1480 1915 μετασχόντες
1490 1881 1544 1907 τῶν
1559 1881 1643 1915 αὐτῆς
1659 1880 1770 1913 ἀγαθῶν
1781 1887 1790 1896 ⁸

1004 1927 1063 1958 πῶς
1078 1927 1131 1962 γὰρ
1148 1927 1280 1960 ἀκοντες;
1300 1927 1382 1953 ’Ὥστε
1405 1926 1445 1953 δεῖ
1460 1927 1506 1953 τὴν
1532 1926 1637 1959 ἀγαθον
1660 1926 1788 1962 ἀρχοντα,

1004 1974 1050 2000 καὶ
1065 1973 1174 2007 ἀγαθῶν
1183 1981 1264 2000 τινων
1278 1973 1489 2007 προϊστάμενον,
1506 1972 1553 1998 καὶ
1567 1973 1601 1998 τὰ
1614 1972 1679 2007 περὶ
1693 1973 1790 2005 λόγους

1004 2018 1107 2051 ἀγαθὸν
1121 2015 1201 2050 εἶναι,
1214 2017 1248 2044 ἶν’
1260 2017 1315 2052 ἔχοι
1329 2017 1435 2045 πείθειν
1449 2017 1559 2050 αὐτοὺς,
1575 2017 1617 2051 ἐφ’
1632 2017 1673 2048 οἷς
1686 2018 1719 2044 ἂν
1730 2017 1790 2051 βέλ-

1004 2073 1060 2090 τιον
1071 2064 1114 2099 εῐη
1132 2064 1279 2099 πράττειν·
1291 2063 1337 2090 ἵνα
1351 2064 1389 2097 μὴ
1401 2063 1521 2098 χρηστὸς
1535 2063 1584 2098 μὲν
1594 2063 1648 2097 εἴη,
1664 2063 1790 2098 χρηστῶν
1831 2087 1835 2090 .

1003 2109 1032 2136 δὲ
1046 2110 1129 2145 ἄρχῃ,
1142 2109 1343 2144 ἀφηνιάζοντας
1354 2108 1376 2134 δ’
1389 2109 1464 2143 ὅμως
1477 2108 1547 2142 έχων
1555 2109 1666 2140 αὐτοὺς,
1688 2110 1736 2135 καὶ
1752 2109 1790 2143 μὴ

169 2156 216 2190 rit,
227 2155 280 2185 nisi
299 2156 378 2184 valde
393 2157 534 2185 insaniat?
551 2158 757 2187 evidentissime
771 2160 890 2194 denique
903 2168 953 2194 pa-

1007 2156 1130 2186 εῐκοντας
1146 2153 1187 2186 οἷς
1202 2154 1278 2188 γνοίη
1294 2155 1363 2189 πρὸς
1380 2154 1431 2189 τὴν
1451 2154 1587 2189 σφετέραν
1609 2155 1699 2181 αὐτῶν
1721 2154 1793 2188 ὠφέ-

169 2206 222 2235 ret,
237 2202 286 2229 hos
299 2202 392 2230 beatos
406 2210 476 2231 esse.
489 2203 616 2232 Arbitror
629 2209 720 2232 autem
736 2205 804 2240 ipse,
821 2213 871 2234 nec
880 2206 956 2241 quis-

174 2255 256 2282 quam
283 2248 460 2283 inliciabitur,
482 2257 593 2278 causam
608 2252 705 2279 borum
718 2253 750 2278 ad
766 2252 893 2279 virtutem
910 2260 955 2279 rc-

170 2293 329 2327 l‘erendam;
354 2296 458 2330 absque
481 2304 533 2330 qua
558 2297 604 2329 sit,
631 2303 755 2332 apertum
772 2299 873 2324 malum
892 2299 953 2331 erit,

169 2347 232 2376 qua
244 2340 360 2369 felicitas
384 2348 446 2370 esse
460 2343 579 2370 videtur.
599 2343 719 2378 Indignis
741 2344 812 2371 enim
835 2352 878 2372 rcs
893 2352 955 2378 pro-

171 2393 258 2421 spem
272 2392 438 2415 nocumento
462 2394 537 2416 sunt.
555 2388 650 2424 Neque
675 2390 768 2417 minus
789 2389 954 2425 eloquentia:

170 2432 269 2460 studiis
295 2433 354 2461 haec
372 2439 438 2461 sunt
466 2440 576 2469 accepta
604 2435 716 2462 ferenda
741 2443 823 2470 quam
847 2436 951 2463 virtuti.

170 2475 237 2503 Nam
253 2484 285 2504 ea
298 2481 373 2509 sum,
387 2485 449 2512 quae
474 2478 638 2506 mortalibus
654 2479 830 2513 persuadent,
847 2483 876 2506 ut
898 2479 949 2506 vir-

169 2522 237 2550 tutis
254 2522 306 2549 lrui
318 2523 398 2550 bonis
409 2524 494 2551 velint
512 2534 519 2552 :
537 2525 637 2559 quippe
650 2524 672 2552 si
687 2524 738 2552 hoc
752 2524 843 2552 facere
855 2525 952 2558 nolint,

169 2567 239 2594 nihil
257 2575 290 2595 ex
304 2568 402 2595 virtute
417 2569 555 2598 commodi
569 2570 730 2604 percipient,
747 2570 879 2598 bonorum
894 2570 953 2604 ejus

171 2612 284 2640 minime
298 2614 443 2648 participes
460 2614 522 2642 facti
541 2623 548 2643 :
561 2610 617 2650 quo
632 2616 704 2642 enim
718 2616 770 2644 hoc
783 2620 862 2651 pacto
873 2616 954 2643 cadat

170 2657 197 2684 in
211 2658 334 2686 invitos?
349 2659 532 2692 Quamobrem
550 2661 636 2688 bonus
650 2662 786 2697 princeps,
799 2666 826 2690 et
840 2662 887 2697 qui
904 2662 954 2689 bo-

119 2700 121 2703 ⁴
171 2702 214 2730 nis
227 2703 366 2738 aliquibus
383 2710 493 2739 praeest,
519 2706 601 2734 etiam
626 2708 768 2742 praeceptis
791 2707 952 2742 eloquentia:

170 2753 243 2776 recte
259 2750 409 2779 instructus
425 2748 487 2780 esse
508 2752 598 2786 debet,
616 2757 644 2780 ut
659 2761 724 2781 suos
738 2754 877 2788 impellere
891 2761 953 2788 per-
984 2781 991 2786 ,

171 2795 310 2823 suadendo
331 2797 416 2831 possit
430 2798 463 2826 ad
481 2806 512 2826 ea
529 2806 590 2834 qua:
610 2799 698 2841 facere
724 2800 865 2834 praestabit
883 2808 890 2827 :
919 2807 952 2831 ne

1006 2200 1092 2233 λειαν,
1103 2200 1179 2227 οὐδὲν
1191 2199 1311 2230 ἐκείνους
1320 2200 1405 2234 ὀνήσῃ
1417 2207 1425 2215 ο
1437 2199 1498 2226 ἐπεὶ
1508 2200 1554 2226 καὶ
1570 2199 1663 2231 παῖδες
1680 2200 1790 2234 ίατρὼν,

1006 2245 1094 2273 ἔστων
1108 2246 1136 2272 δὲ
1150 2245 1200 2281 τὴν
1213 2246 1312 2280 τέχνην
1327 2245 1437 2279 ἀγαθοὶ,
1455 2246 1480 2272 εί
1497 2246 1534 2281 μὴ
1551 2245 1599 2272 καὶ
1614 2246 1695 2278 δεξιοὶ
1718 2254 1791 2277 τινες

1006 2288 1070 2322 εἷεν,
1090 2292 1137 2317 καὶ
1151 2291 1245 2318 είδεῖεν
1259 2291 1333 2320 ὅπως
1346 2290 1470 2319 πείσουσι
1486 2290 1521 2316 τὰ
1540 2290 1603 2324 παρ’
1620 2291 1732 2317 ἐκείνων
1748 2291 1791 2316 δέυ

1006 2336 1102 2370 χεσθαι
1118 2335 1266 2371 φάρμακα,
1292 2335 1387 2362 οὐδένα
1405 2344 1456 2362 που
1486 2335 1540 2363 τῶν
1557 2336 1666 2363 πάντων
1681 2337 1790 2370 ὠφελή-

1006 2391 1091 2409 σουσι.
1102 2383 1147 2408 Δεῖ
1156 2382 1222 2417 γὰρ,
1232 2380 1322 2417 οἶμαι,
1331 2381 1512 2416 προηγεῖσθαι
1524 2382 1601 2417 δόξης
1614 2383 1663 2418 μὲν
1670 2383 1791 2418 χρηστῆς

1006 2428 1103 2460 πειθὼ,
1121 2427 1223 2462 ταύτης
1239 2428 1268 2454 δὲ
1281 2428 1397 2462 δύναμιν
1410 2428 1508 2462 λόγων,
1522 2429 1547 2454 εἰ
1565 2428 1656 2463 μέλλοι
1671 2437 1713 2459 τις
1733 2430 1789 2455 ἀπὸ

1006 2483 1077 2505 τινος
1090 2474 1245 2507 ἀναγκαίως
1255 2473 1453 2509 ὠφελήσεσθαι,
1466 2474 1616 2509 δυναμένου
1631 2474 1710 2501 τοῦτο
1723 2475 1789 2508 δρᾶ-

1006 2530 1062 2553 σαι,
1075 2521 1123 2547 καὶ
1135 2520 1247 2554 προσέτι
1262 2520 1474 2552 θέλοντος.Ὥσθ’
1484 2521 1509 2547 οῖ
1521 2520 1595 2554 λόγοι
1607 2521 1655 2547 καὶ
1669 2520 1788 2552 πειθοῦς.

1007 2567 1054 2594 καὶ.
1080 2566 1128 2593 τοῦ
1163 2566 1286 2599 δοξάζειν
1320 2566 1412 2600 ἀγαθά
1438 2566 1541 2600 ἀγαθὸν
1576 2567 1696 2601 ὑπήκοον
1724 2567 1790 2602 περ).

1005 2613 1116 2646 ἀγαθῶν
1138 2613 1288 2648 ἀρχόντων,
1313 2613 1396 2643 αἴτιοι
1412 2613 1507 2646 σαφῶς
1520 2613 1723 2647 ἀναπέφανταιι
1742 2613 1789 2638 καὶ

1005 2656 1060 2684 εἷεν
1071 2657 1103 2684 ἂν
1117 2658 1241 2693 χρυσίου,
1256 2659 1301 2684 καὶ
1313 2658 1498 2693 πολυχειρίας,
1508 2659 1555 2685 καὶ
1570 2659 1705 2694 μηχανῆς,
1721 2659 1790 2685 ἄττα

1004 2704 1036 2738 δὴ
1053 2704 1119 2739 πρὸς
1133 2703 1278 2738 σύγκρισ.ν
1289 2705 1355 2739 ἡμῖν
1366 2705 1537 2740 τοκαταρχὰς
1548 2705 1698 2740 παρετέθη,
1709 2703 1790 2738 ἀμεί-

1005 2758 1066 2781 νους
1082 2750 1148 2784 πρὸς
1159 2750 1293 2784 ὠφέλειαν
1304 2750 1430 2785 ἄρχουσι.
1447 2751 1502 2778 Καὶ
1516 2752 1531 2778 ὁ
1547 2751 1595 2778 νῦν
1612 2752 1678 2787 ἡμῖν
1691 2750 1789 2782 διαζω-

1005 2796 1192 2832 γραφούμενος
1207 2796 1308 2832 ἄρχων,
1325 2798 1364 2829 είς
1379 2797 1412 2823 τὰ
1429 2798 1478 2833 τῆς
1494 2798 1584 2833 ψυχῆς
1606 2798 1688 2825 αἶτοῦ
1708 2797 1787 2823 πλεο-
