1937 3078
120 105 173 139 409

830 101 974 133 ORATIO
989 102 1032 134 ιΙ.

1690 106 1745 136 410

121 161 281 196 νεκτήματα
295 159 343 192 τὶς
359 159 465 192 ἀγαθὰς
489 159 599 191 ἐλπίδας
612 160 680 196 ἔχων
698 158 904 194 ἀνηρτημένας,

962 159 1046 186 bonus
1062 149 1172 194 quidem
1190 160 1247 194 ipse
1259 160 1305 193 sit,
1320 165 1346 188 et
1359 160 1439 188 bonis
1461 160 1575 195 imperet
1589 180 1596 192 ,
1613 164 1639 187 at
1655 161 1741 188 nihilo

121 206 254 240 κρείττων
270 213 319 231 που
335 205 442 236 πάντως
458 205 491 230 ἂν
506 205 548 238 ετη
561 204 615 230 τῶν
628 206 673 231 ἐπὶ
689 206 748 237 ταῖς
762 205 812 237 ἔξω
825 206 906 231 δυνά-

122 259 200 286 μεσιν
216 250 440 285 ἐπερειδομένων,
461 251 529 285 ὅπερ
551 250 580 282 ἐξ
599 251 687 285 ἀρχῆς
702 252 768 286 ἡμῖν
783 252 903 286 εἴρηται.

122 296 210 323 Καλόν
225 304 266 322 σοι
282 297 384 327 τοίνυν,
397 293 418 323 ὧ
431 296 552 330 φίλτατε,
566 297 664 331 ἀρετῆς
678 297 904 332 ἐπιμελούμενον,

123 341 346 376 μηδ’ὁπωστιοῦν
363 343 478 376 ἀμελεῖν
491 342 544 369 τῶν
560 335 655 376 λόγων,
673 343 756 370 ἧντων
771 353 800 370 τε
812 345 906 376 ἁπλῶς

122 386 258 420 χρηστῶν,
276 387 322 411 καὶ
351 387 420 420 πρὸς
445 386 479 412 τὰ
506 387 611 421 χρηστὰ
638 388 842 424 συνεργούντων
868 389 906 421 ὡς

122 431 177 457 οὐδ’
198 432 231 458 ἂν
245 430 360 466 ἓνοῑμαι
373 433 426 458 τῶν
437 433 553 459 πάντων.
570 433 607 458 Οὐ
626 433 678 467 μὴν
697 433 755 459 ἀλλ’
770 434 848 469 εἴπερ
865 442 906 461 σοι

119 476 154 502 τὸ.
173 477 306 511 εἰρημένα
324 477 414 508 καλῶς
436 486 467 510 γε
487 478 559 512 ἔχειν
579 477 643 508 ἴσως
661 478 744 510 δοκεῖ,
768 479 907 514 ἔχου-τῶν

121 522 212 549 καλῶν
222 523 400 558 δεδογμένων,
413 523 640 559 μηδ’ἀτιμάζειν,
656 524 727 559 ἅπερ
741 525 906 560 θαυμάζεις.

126 567 156 594 '0
170 568 225 603 γὰρ
241 569 360 595 ὲπαινῶν
375 578 400 596 τι
417 570 524 604 χρῆμα,
541 569 590 596 εἴτ’
609 571 719 605 ἀμελῶς
738 573 806 607 πρὸς
838 574 906 600 αὐτὸ

120 614 310 649 διακείμενος,
324 617 370 642 καὶ
389 617 429 652 μὴ⁴
445 617 572 652 θηρεύειν
589 618 689 644 ἐθέλων
705 620 785 646 τοῦτο
802 622 903 657 σπουδῇ

121 667 150 686 τε
164 661 202 686 πά
209 669 248 696 ῖῃ,
266 663 312 688 καὶ
323 663 403 688 παντὶ
414 663 508 698 τρόπῳ
524 665 633 698 γραφὴν
643 665 734 695 ἀνοίας
750 665 903 699 ἀποίσεται,

121 708 170 734 καὶ
188 708 302 745 ὀφλήσει
320 709 424 743 γέλωτα
441 711 523 737 παντὶ
539 710 637 743 δικαίῳ
654 711 717 737 νοῦν
734 711 852 746 ἔχουσιν.

961 207 1052 233 rninns
1064 211 1238 235 contumaces
1254 207 1419 241 experiatur,
1433 214 1483 234 nec
1495 207 1638 242 imperium
1652 207 1742 234 detre-

961 253 1100 280 ctantibus
1118 253 1144 280 in
1165 253 1198 280 iis
1222 261 1280 287 quae
1297 254 1417 286 ipsorum
1434 253 1586 280 commodis
1606 254 1741 280 servitura

960 298 1101 331 prospicit,
1122 299 1270 333 quidquam
1290 299 1414 325 utilitatis
1432 298 1537 325 aﬂerat.
1558 297 1624 323 Nam
1641 303 1666 324 et
1685 306 1743 324 rne-

961 343 1025 374 dici,
1040 344 1103 370 licet
1117 349 1175 371 arte
1190 349 1348 379 praestantes
1367 344 1430 377 sint,
1449 343 1499 370 nisi
1518 343 1553 369 sit
1568 343 1649 369 etiarn
1665 350 1740 376 qum-

961 391 1020 416 liﬂlll
1037 390 1062 416 in
1087 390 1127 417 eis
1142 390 1302 421 dexteritas,
1319 395 1460 424 artemque
1477 389 1581 421 norint,
1599 397 1652 422 qua
1678 396 1740 422 pcr-

962 436 1105 468 Snadeant,
1122 441 1151 463 ut.
1171 437 1204 463 ab
1220 437 1259 463 eis
1274 436 1394 463 exhibita
1417 435 1613 462 medicamenta
1629 441 1741 460 suman—

963 488 1018 512 tur.
1041 490 1074 509 ex
1087 483 1215 509 omnibus
1231 482 1347 510 fortasse
1364 482 1464 509 nemini
1483 481 1642 515 proderunt.
1661 479 1742 506 Arbi-

961 533 1018 555 tror
1033 530 1117 560 enim,
1131 534 1193 555 ante
1207 529 1305 555 bonam
1319 527 1476 562 opinionem
1494 526 1645 560 praecedere
1658 525 1743 551 debe-

960 583 987 602 re
1001 576 1222 608 persuasionem;
1240 575 1309 600 banc
1337 581 1402 600 vero
1417 573 1569 600 facultatem
1582 571 1743 604 eloquentiae

959 621 1113 655 praecedere
1132 628 1138 646 :
1158 621 1179 647 si
1196 620 1307 654 quidem
1324 614 1421 653 aliquis
1437 619 1471 645 ab
1487 619 1578 652 aliquo
1603 616 1740 644 commodi

959 667 1098 703 quidpiam
1112 667 1266 693 necessario
1279 667 1419 701 percipere
1433 665 1540 695 debeat,
1556 664 1601 697 qui
1617 663 1675 696 ejus
1692 663 1743 689 im-

960 714 1094 749 prrtiendi
1111 718 1164 740 tam
1180 712 1336 739 facultatem
1355 719 1437 746 quam
1452 711 1619 738 voluntatem
1635 710 1742 736 habeat.

121 755 304 789 Quamobrem
319 758 391 785 clare
412 763 495 792 patet.
512 758 545 785 ab
560 758 722 793 eloquentia:
738 760 764 787 vi
784 765 841 788 tum
861 763 1081 797 persuasionem,
1116 766 1172 788 tum
1198 761 1355 795 opinionem
1377 762 1475 787 bonam
1508 760 1643 787 bonorum
1676 756 1744 785 sub-

123 803 242 831 ditorum
254 805 287 830 de
302 803 380 831 bonis
392 804 563 838 principibus
578 805 723 839 proﬁcisci,
739 811 820 842 atque
834 808 904 835 hanc
921 813 950 836 et
966 816 1045 841 auro,
1060 814 1086 835 ct
1100 815 1199 842 magno
1211 806 1346 838 exercitu,
1363 811 1388 833 et
1403 805 1542 834 machina.
1559 812 1620 838 qua:
1651 811 1665 830 ο
1695 799 1732 829 ito

123 850 165 879 bis
181 850 356 878 instituenda:
372 858 456 878 causa
471 851 682 885 comparationis
703 852 729 879 in
747 854 865 882 medium
880 856 915 883 ab
935 856 1011 884 initio
1030 859 1094 882 sunt
1110 854 1202 886 allata,
1238 853 1408 888 principibus
1425 859 1476 879 "5“
1508 858 1558 879 SUO
1583 851 1661 887 ίυηϐβ
1674 847 1744 887 Dm:

122 901 206 923 stare.
223 895 316 922 Itidem
333 896 378 930 qui
396 903 469 923 nunc
481 902 497 922 a
519 896 597 924 nobis
611 897 714 931 pictura
734 900 813 932 quasi
830 901 946 934 quadam
962 908 1110 935 expressus
1122 905 1164 927 est
1183 900 1321 934 princeps,
1356 905 1416 925 cum
1451 898 1538 932 ipsius
1573 897 1650 924 bona:
1680 904 1744 930 spes

120 943 156 969 ab
171 943 286 978 egregiis
302 943 329 970 in
346 951 378 970 eo
390 943 499 970 dotibus
512 943 596 970 animi
614 944 768 978 pendeant;
783 947 895 974 omnino
914 947 1115 982 praestantiOris
1150 946 1202 973 erit
1240 946 1286 980 qui
1322 943 1647 972 facultatibus'extrariis
1674 942 1746 970 inni-

120 994 225 1021 tuntur,
238 990 310 1024 quod
323 991 357 1017 ab
368 991 446 1018 initio
461 991 592 1018 diximus.
610 991 704 1025 itaque
723 998 797 1020 recte
827 993 922 1026 facies,
943 995 1105 1022 charissime
1136 994 1182 1026 illi,
1198 994 1220 1020 si
1235 994 1271 1021 ita
1286 993 1379 1019 virtuti
1397 993 1519 1024 studeas.
1537 996 1565 1017 nt
1578 990 1743 1025 eloquentia:

120 1036 211 1064 studia
225 1037 298 1064 nullo
311 1037 391 1064 modo
403 1037 818 1072 negligas;quzeetsimplieiter
828 1040 904 1067 utilia
925 1046 988 1067 sunt
1010 1046 1037 1068 et
1053 1041 1086 1067 ad
1113 1048 1157 1067 res
1173 1040 1253 1067 utiles
1268 1044 1349 1074 atque
1382 1039 1468 1065 bonas
1503 1038 1564 1071 plus
1591 1036 1742 1072 atljmnenti

121 1090 204 1118 quam
220 1083 274 1110 ulla
289 1090 331 1110 res
345 1083 407 1114 alia,
424 1090 483 1109 mea
497 1083 607 1117 quidem
639 1083 778 1117 opinione,
810 1084 938 1114 aﬂ‘erunt.
959 1086 1014 1114 Nec
1031 1094 1084 1113 non
1100 1086 1135 1119 si,
1153 1094 1213 1120 qua:
1233 1087 1302 1112 dit-ta
1315 1089 1391 1117 sunt,
1404 1090 1478 1111 recte
1501 1083 1548 1110 tibi
1563 1083 1632 1109 dicta
1647 1082 1745 1110 videtr-

123 1136 180 1161 tur,
196 1131 358 1165 amplectere
372 1131 481 1158 decreta
492 1130 635 1165 praeclara,
651 1139 700 1158 nec
733 1139 795 1166 qua:
829 1133 984 1166 admiraris,
1024 1134 1161 1168 negligito.
1202 1132 1270 1159 Nam
1293 1132 1340 1167 qui
1361 1139 1416 1159 rem
1442 1131 1559 1164 aliquam
1585 1130 1686 1162 laudnt,
1713 1136 1746 1156 ae

121 1176 222 1205 deinde
245 1177 412 1211 negligenter
426 1184 485 1204 eam
505 1182 593 1208 curat,
610 1185 660 1204 nec
676 1178 787 1205 omnino
803 1179 895 1206 studio
913 1184 994 1215 atque
1011 1181 1116 1207 ratione
1131 1179 1314 1214 persequitur,
1347 1179 1472 1205 amentia:
1507 1182 1598 1204 notam
1628 1176 1744 1208 auferet,

121 1230 150 1254 et
163 1233 178 1252 a
197 1231 285 1252 mente
298 1226 418 1260 pra-ditis
430 1225 533 1260 optimo
545 1226 607 1261 jure
623 1227 766 1256 ridebitur.

433 1307 542 1334 ΛΟΓΟΣ
554 1306 589 1334 B’.
923 1287 945 1316 Β

120 1362 236 1402 ὀτςτὸ
251 1362 308 1402 ut:
320 1362 434 1402 ἀγαθὸν
448 1361 523 1402 πᾷίῖι
537 1364 721 1402 φιβούμενόιι
731 1364 905 1402 ἐσῙιΑφχίσι-

158 1397 217 1429 κῶς
229 1404 235 1411 ·
253 1399 269 1424 ὀ
278 1397 311 1423 δὲ
325 1398 418 1428 κακὸς
431 1397 479 1424 κα)
493 1397 587 1429 ἐαυτῷ
600 1398 736 1431 μισητός.
755 1397 906 1431 Φιλοῦμεν

157 1431 192 1458 δὲ
211 1433 259 1458 καὶ
288 1433 320 1459 τὸ
340 1432 436 1458 κακὸν
453 1432 539 1458 ἐστιν
565 1433 624 1465 ὅτε,
648 1433 760 1466 ἀγαθὸν
784 1433 905 1459 κάκεῖνο

157 1466 337 1501 νομίζοντες.
351 1466 405 1493 Καὶ
417 1467 482 1501 περὶ
497 1467 689 1502 εὐδαιμονίας
704 1467 753 1494 καὶ
782 1468 904 1502 ἀρετῆς.

164 1535 234 1570 Ἐγὼ
256 1536 369 1571 νομίζω,
391 1536 438 1562 καὶ
459 1535 562 1567 πάντας
575 1532 655 1569 οἴμαι
681 1536 713 1570 τῇ
731 1535 795 1570 δόξῃ
818 1535 907 1571 ταύτῃ

122 1579 279 1610 συνθέσθαι,
295 1580 332 1614 μὴ
346 1580 425 1614 μόνον
437 1580 483 1606 τὸν
498 1579 640 1605 σπουδαῖον
652 1580 698 1605 καὶ
709 1579 822 1613 ἀγαθον,
838 1580 906 1606 ἀλλὰ

123 1627 171 1653 καὶ
186 1627 231 1653 τὸν
246 1626 348 1661 φαῦλον
359 1626 406 1653 καὶ
421 1626 538 1660 πονηρὸν
552 1625 705 1660 ἄνθρωπον,
721 1627 906 1660 μισοπόνηρον

124 1673 171 1699 καὶ
190 1672 332 1707 φιλόκαλον
349 1670 420 1698 εἶναι
436 1672 505 1707 αὐτῇ
521 1673 554 1706 τῇ
570 1671 667 1706 φύσει·
685 1671 735 1698 κᾶν
750 1679 791 1702 τις
807 1671 846 1703 εἰς
864 1680 907 1697 το-

125 1718 219 1746 σοῦτον
231 1719 328 1750 κακίας
338 1718 477 1753 ἐξενεχθῇ,
492 1718 530 1748 ὡς
547 1719 583 1752 μὴ
599 1718 756 1752 περαιτέρω
769 1718 905 1753 προϐῆναι

124 1765 263 1797 δύναοθαι,
282 1765 330 1792 ἆτε
345 1765 377 1799 δὴ
394 1764 461 1799 πρὸς
475 1763 624 1798 τοῦσχατον
644 1765 728 1798 αὐτῆς
743 1765 905 1799 ἀφιγμένος,

125 1813 172 1838 καὶ
185 1812 280 1838 eum
292 1811 340 1844 τῆς
356 1811 488 1845 πονηρίας
504 1810 694 1846 βδελύττεσθαι
706 1810 752 1837 τὸν
767 1811 888 1838 τοιοῦτον
897 1820 905 1827 ⁸

126 1859 226 1893 μᾶλλον
239 1857 266 1884 δέ
289 1858 336 1884 καὶ
356 1858 411 1887 τοῖς
426 1857 532 1890 ἀλόγοις
548 1857 593 1883 καὶ
608 1857 783 1892 ἀναισθήτοις
802 1857 907 1892 ἀγαθὴν

123 1902 196 1931 εἶναι
210 1904 260 1938 τὴν
282 1903 373 1938 φύσιν,
391 1903 420 1934 ἐξ
437 1903 540 1936 ἀγαθοῦ
557 1904 586 1929 τὸ
604 1901 673 1930 εἶναι
688 1902 835 1930 λαϐοῦσαν,
853 1904 906 1929 Καὶ

1242 1279 1373 1334 (inﬁdo
1387 1305 1418 1333 ll.

957 1365 1034 1397 Quod
1043 1365 1139 1391 bonum
1149 1373 1187 1391 est
1196 1365 1227 1390 ab
1239 1364 1361 1391 omnibus
1371 1362 1531 1389 naturaliter
1544 1361 1631 1397 diligi.
1647 1360 1745 1387 (lami-

993 1409 1050 1426 uem
1063 1400 1162 1426 mulum
1171 1400 1252 1426 etiam
1262 1399 1313 1432 ipsi
1338 1398 1389 1425 sibi
1399 1398 1459 1424 adio
1470 1405 1535 1424 esse.
1549 1396 1746 1432 Nonnunquam

991 1443 1050 1462 vero
1065 1441 1087 1461 et
1103 1435 1140 1465 id,
1152 1439 1219 1468 quod
1241 1434 1338 1460 malum
1349 1439 1398 1462 est.
1411 1433 1563 1466 diligimus;
1575 1432 1637 1465 quia
1649 1431 1746 1457 bonum

992 1478 1047 1497 esse
1068 1467 1203 1504 putamus.
1213 1468 1329 1504 [letoque
1355 1468 1387 1494 de
1405 1468 1530 1503 felicitate
1546 1467 1627 1501 deque
1639 1468 1744 1493 uirtute.

992 1540 1030 1568 ita
1049 1539 1174 1574 equidem
1189 1538 1290 1571 sentio,
1311 1542 1338 1565 et
1363 1537 1488 1573 opinioni
1518 1544 1585 1564 mere
1599 1526 1746 1563 'nemincm

956 1595 1010 1614 non
1029 1592 1206 1613 assensurum
1221 1584 1374 1615 arbritror;
1393 1590 1445 1609 non
1462 1583 1563 1608 virtute
1580 1582 1662 1608 modo
1676 1587 1747 1615 pra:-

956 1633 1042 1660 ditum
1061 1637 1088 1658 et
1103 1632 1216 1662 bonum,
1236 1629 1282 1656 sed
1298 1630 1381 1656 etiam
1405 1629 1532 1656 vitiosum
1544 1635 1576 1654 ac
1590 1628 1744 1661 improbum

958 1679 1107 1708 hominem.
1122 1677 1179 1712 ipsa
1202 1680 1301 1703 natura
1331 1679 1388 1701 tum
1413 1674 1617 1708 improbitatem
1643 1673 1745 1703 odisse.

959 1729 1013 1751 tum
1031 1723 1138 1750 honesti
1157 1722 1248 1749 studio
1272 1721 1358 1748 teneri
1377 1729 1384 1747 :
1403 1728 1435 1747 ac
1450 1721 1512 1746 licet
1525 1720 1625 1752 aliquls
1639 1720 1672 1745 ad
1684 1727 1746 1745 eam

958 1770 1130 1796 \‘itiositatcm
1148 1768 1278 1802 abreptus
1294 1767 1391 1797 fuerit,
1418 1770 1446 1793 ut
1469 1766 1584 1792 ulterius
1617 1765 1746 1799 progredi

958 1819 1087 1849 nequeat,
1104 1814 1182 1850 quasi
1199 1815 1244 1848 qui
1265 1814 1297 1840 al
1313 1818 1415 1839 metam
1440 1813 1501 1847 ejus
1519 1816 1668 1838 extremam
1686 1819 1746 1845 per-

957 1862 1070 1892 venerit,
1091 1865 1181 1887 tamen
1200 1859 1339 1886 hominem
1350 1858 1485 1892 ejusmodi
1501 1857 1620 1891 seipsntn
1637 1857 1672 1884 ob
1693 1857 1748 1882 itu—

959 1907 1123 1941 probitatem
1137 1905 1293 1932 abominari
1311 1913 1318 1932 :
1336 1904 1390 1930 into
1405 1904 1446 1930 vel
1476 1903 1561 1930 brutis
1591 1910 1623 1929 ac
1647 1909 1747 1929 sensus

121 1950 203 1977 τοῦτό
224 1951 281 1976 ἐστι
296 1950 326 1976 τὸ
344 1947 550 1984 θρυλλοὺμενον,
573 1949 611 1981 ὠς
628 1949 682 1984 ἄρα
697 1950 785 1976 πάντα
801 1949 904 1984 ἐφίεται

962 1951 1115 1985 expertibus
1133 1956 1258 1978 naturam
1278 1949 1377 1977 bonam
1393 1956 1465 1980 esse,
1486 1956 1547 1980 qua:
1562 1947 1747 1975 substantiam

122 1996 171 2022 τοῦ
185 1995 287 2030 ἀγαθοῦ
306 2004 335 2022 τε
355 1997 401 2022 καὶ
419 1995 577 2029 συγγενοῦς.
594 1996 643 2031 Εἵη
658 1996 680 2022 δ’
698 1996 731 2022 ἂν
747 1995 826 2022 τοῦτό
845 2004 875 2029 γε
889 1997 904 2030 ἡ

122 2042 232 2068 πάντων
249 2041 297 2075 μὲν
312 2041 383 2076 ἀρχὴ
407 2041 453 2067 καὶ
471 2041 636 2076 ὑπερᾶρχιος
653 2041 744 2075 φύσις,
761 2041 869 2067 πάντων
880 2041 908 2067 δὲ

122 2089 300 2123 δημιουργὸς,
314 2089 360 2114 καὶ
376 2088 535 2123 συνέχουσα,
552 2089 599 2114 καὶ
611 2088 641 2115 εὖ
658 2088 771 2114 ποιοῦσα
780 2088 905 2123 δύναμις,

121 2134 188 2169 ὁλκῇ
206 2142 258 2160 τινι
273 2134 460 2168 γυησιότητος,
476 2135 524 2160 καὶ
552 2134 701 2169 ὑπεροχῆς,
726 2135 774 2161 καὶ
800 2135 908 2168 ἀγαθω-

124 2180 207 2215 σύνης
226 2179 292 2214 πρὸς
305 2179 404 2214 ἐαυτὴν
417 2180 595 2214 ἐπισπωμένη
609 2180 639 2205 τὸ
654 2180 708 2206 πᾶν
723 2188 730 2195 '
749 2179 834 2207 ἐθέλει
852 2179 906 2214 γὰρ

122 2225 163 2258 τῷ
188 2226 320 2259 πεφυκότι
343 2226 501 2260 κινούμενον
523 2225 553 2251 τὸ
585 2226 786 2261 δημιουργηθέν
809 2234 839 2252 τε
861 2227 906 2252 καὶ

123 2270 237 2305 ποιηθὲν
257 2270 295 2306 μὴ
312 2271 422 2306 μακρὰν
437 2267 614 2306 εὑρίσκεσθαι
630 2271 677 2297 τοῦ
692 2271 859 2306 δημιουργοῦ
876 2280 906 2297 τε

123 2319 171 2345 καὶ
183 2317 306 2353 ποιητοῦ.
322 2317 357 2343 Τὸ
369 2317 423 2352 γὰρ
435 2317 543 2344 ὁθενοῦν
556 2318 601 2344 ἐπὶ
625 2318 675 2352 τὴν
689 2318 802 2353 πρώτην
817 2317 908 2344 αἰτίαν

124 2365 283 2399 ἀνατρέχειν
309 2364 391 2398 φιλεῖ,
417 2365 464 2390 καὶ
477 2363 523 2390 τοῦ
547 2363 747 2397 προνοουμένου
762 2363 809 2389 καὶ
832 2363 908 2388 συνέ-

123 2419 217 2446 xcv-ro;
237 2410 366 2445 μηδαμῶς
384 2409 550 2444 ἀφίστασθαι
565 2411 594 2435 τὸ
610 2410 694 2444 χωρὶς
711 2409 792 2435 αὑτοῦ
812 2409 848 2443 μὴ
864 2409 908 2434 δυ-

124 2457 242 2490 νάμενον
262 2457 418 2491 περιεῖναι·
446 2458 492 2482 καὶ
517 2455 548 2482 τὸ
571 2453 653 2491 ἦττον
677 2453 746 2481 εἶναι
771 2454 843 2488 παρὰ
870 2454 908 2488 τῷ

124 2502 270 2536 κρείττονι,
296 2502 399 2537 βαθμοῦ
426 2502 472 2528 καὶ
490 2501 595 2534 τάξεως
622 2501 743 2536 μείζονος
765 2500 908 2533 τεύξεσθαι

126 2548 284 2582 προσδοκῶν
296 2557 302 2564 ·
318 2550 364 2575 καὶ
378 2549 517 2575 κοινωνεῖν
530 2548 576 2574 τοῦ
590 2548 727 2582 θειοτέρου
737 2547 765 2574 τὸ
778 2547 908 2573 ὑλικώτε-

128 2603 174 2629 ρον
187 2603 194 2612 ο
209 2596 283 2627 ὅπως
305 2595 337 2622 ἃν
351 2597 383 2630 τῇ
404 2596 532 2631 μετουσίᾳ
549 2594 746 2630 λαμπρύνοιτο.
773 2593 825 2620 Καὶ
841 2593 908 2624 ὅλως

127 2640 157 2667 τὸ
179 2642 234 2671 τοϊς
254 2641 324 2672 ὅλοις
347 2641 538 2675 ὑποδ;έστερον
559 2641 666 2667 οίκοοεν
684 2641 825 2673 ἐπείγεται
846 2639 907 2674 τρέ-

127 2695 186 2720 χειν
201 2686 276 2722 παρὰ
287 2687 318 2713 τὸ
332 2687 489 2722 προσθεῖναι
503 2687 549 2713 καὶ
563 2686 669 2713 τελέσαι
682 2685 842 2718 δυνάμενον.
864 2685 908 2716 Ὠς

127 2731 182 2765 γὰρ
198 2731 230 2766 δὴ
250 2733 310 2764 ταῖς
324 2733 390 2768 πρὸς
409 2733 474 2759 Θεον
489 2732 621 2766 ἐγγύτησί
636 2740 665 2758 τε
686 2731 733 2758 καὶ
749 2730 905 2756 οἱκειὼσεσι

129 2777 161 2804 τὸ
175 2778 311 2812 περιεῖναι
336 2779 382 2805 καὶ
398 2778 534 2810 σώζεσθαι
550 2778 670 2812 γίνεται,
699 2777 746 2803 καὶ
779 2776 905 2811 μετέχειν

129 2821 248 2857 ὰίαθοῦι
264 2825 309 2850 τὸν
327 2824 383 2852 ἴσον
400 2825 500 2860 τρόπον
523 2825 582 2856 sai;
606 2824 763 2851 διαστάσεσι
789 2822 835 2849 καὶ
851 2825 906 2854 τοῖς

960 2005 1035 2024 suam
1053 2004 1068 2024 a
1084 1997 1157 2024 bono
1171 1997 1207 2024 sit
1234 1998 1395 2022 consecuta.
1415 1994 1504 2027 Atque
1535 1993 1588 2020 hoc
1610 1993 1675 2020 illud
1703 1996 1747 2019 est

960 2043 1038 2078 vulgo
1058 2041 1234 2072 celebratum.
1253 2042 1344 2068 omnia
1362 2041 1424 2067 boni
1449 2038 1613 2072 cognatique
1637 2037 1746 2064 deside-

960 2089 999 2115 rio
1028 2089 1101 2116 duci.
1126 2087 1203 2121 Quod
1228 2095 1293 2114 sane
1318 2087 1430 2118 bonum,
1464 2086 1655 2112 universorum
1679 2083 1743 2109 illud

959 2134 1120 2169 principium
1138 2133 1230 2163 fuerit,
1242 2137 1269 2159 et
1284 2132 1372 2165 posita
1384 2139 1466 2166 supra
1479 2130 1640 2165 principium
1663 2135 1744 2155 ontno

959 2185 1066 2212 natura.
1086 2184 1205 2214 potestas
1222 2178 1267 2204 illa
1285 2178 1402 2205 creatrix
1418 2177 1552 2208 omnium,
1571 2175 1663 2201 onmia
1678 2181 1746 2200 con-

960 2228 1059 2258 tinens,
1074 2225 1212 2258 beuelica;
1238 2230 1266 2252 et
1282 2232 1343 2259 qum
1354 2223 1445 2250 omnia
1466 2222 1584 2257 quadam
1614 2221 1745 2248 illecebra

959 2272 1140 2307 cognationis,
1155 2271 1323 2303 eminentiae,
1347 2270 1478 2297 bonitatis
1495 2269 1528 2295 ad
1542 2275 1571 2294 se
1584 2267 1661 2301 rapit.
1675 2265 1746 2293 Nam

958 2317 998 2345 sic
1011 2323 1106 2344 natura
1126 2320 1313 2350 comparatum
1341 2320 1395 2346 est.
1411 2319 1438 2341 ut
1460 2313 1532 2351 quod
1555 2319 1676 2340 creatum
1702 2316 1747 2339 est

958 2368 984 2391 et
1002 2362 1114 2393 factum,
1134 2367 1208 2389 motu
1229 2369 1280 2389 suo
1297 2369 1349 2388 non
1371 2361 1450 2395 longe
1475 2361 1573 2387 abesse
1597 2359 1631 2385 ab
1647 2358 1743 2392 opiﬁce

958 2409 1156 2444 conditoreque
1188 2409 1261 2436 velit.
1276 2408 1380 2435 Etenim
1397 2407 1500 2442 quaeris
1516 2413 1573 2438 res,
1588 2394 1658 2434 unde
1674 2404 1747 2431 unde

959 2456 1004 2490 sit,
1017 2456 1049 2483 ad
1064 2463 1173 2484 causam
1191 2455 1305 2490 primam
1320 2460 1463 2497 recurrere
1486 2453 1587 2488 gaudet
1602 2462 1608 2478 :
1628 2459 1678 2480 nec
1691 2451 1747 2478 ullo

960 2503 1039 2530 modo
1050 2510 1064 2529 a
1077 2501 1258 2536 prospiciente
1270 2500 1321 2528 sibi
1331 2507 1414 2534 seque
1426 2499 1582 2526 continente
1592 2499 1649 2525 vult
1666 2497 1747 2525 abes-

960 2555 999 2580 se,
1012 2548 1082 2582 quod
1097 2549 1200 2580 absque
1211 2546 1255 2572 illo
1270 2547 1374 2573 salvum
1388 2552 1449 2572 esse
1457 2544 1550 2579 nequit
1564 2543 1686 2577 :etquod
1703 2543 1747 2569 in-

962 2594 1044 2621 i'erius
1070 2597 1122 2625 est,
1137 2601 1197 2620 esse
1213 2600 1273 2618 cum
1303 2591 1488 2625 prtestantiori
1521 2591 1609 2624 cupit,
1650 2596 1665 2615 a
1691 2596 1746 2623 quo

963 2640 1077 2674 gradum
1119 2642 1145 2664 et
1174 2639 1263 2664 locum
1314 2637 1447 2671 ampliore
1460 2645 1474 2662 n
1516 2644 1546 2663 se
1578 2640 1747 2663 consecutu-

962 2692 1022 2712 rum
1051 2688 1140 2718 sperat
1155 2691 1163 2712 ;
1180 2689 1207 2710 et
1226 2683 1365 2717 particeps
1382 2690 1443 2710 esse
1472 2681 1630 2713 divinioris,
1646 2679 1717 2714 quod
1730 2687 1746 2706 e

960 2729 1096 2760 crassiore
1109 2728 1226 2755 materia
1237 2733 1356 2760 constat,
1373 2731 1402 2755 ut
1417 2727 1478 2762 ejus
1509 2726 1637 2753 fruitione
1652 2724 1745 2759 splene

958 2775 1047 2802 didius
1067 2774 1174 2801 evadat.
1189 2774 1229 2801 Ad
1242 2781 1389 2806 summam,
1417 2773 1550 2808 quidquid
1579 2772 1691 2799 omnino
1704 2775 1746 2798 te-

961 2821 1043 2850 nuius
1057 2824 1107 2854 est,
1125 2828 1157 2848 ex
1170 2827 1229 2848 sese
1250 2827 1359 2847 currere
1383 2819 1474 2847 studet
1490 2819 1522 2846 ad
1539 2818 1565 2846 id
1593 2818 1665 2854 quod
1676 2817 1743 2852 adji-
