1937 3078
153 77 206 111 lli

734 78 938 111 MANUEHS
957 78 1184 112 PALEOLOGI

1726 59 1783 118 ω

153 135 244 164 ciendl
256 139 282 163 et
294 135 452 171 perficiendi
466 136 621 164 facultatem
645 136 738 164 habet.
756 136 793 164 Ut
822 137 893 164 enim
908 144 940 164 ex

1003 139 1143 172 εωρισμοῖς
1155 128 1185 164 τί)
1197 137 1370 173 διεφθάρθαι,
1384 139 1432 166 καὶ
1442 139 1539 175 μηκέτ’
1552 137 1634 168 εἶναι.
1648 140 1685 168 To
1698 141 1727 168 δὲ
1742 142 1786 169 ul-

154 183 284 217 propiore
302 182 335 209 ad
356 182 439 209 Deum
455 190 566 210 accessu
582 187 609 210 et
625 183 811 210 familiaritate
824 183 940 210 salutem
955 181 966 192 "

154 236 180 257 et
193 229 423 262 incolumitatem,
437 237 500 257 cum
517 230 579 257 boni
605 230 825 265 participatione.
842 237 942 256 conse-

153 275 276 310 quimur,
295 275 391 302 eodem
403 275 484 302 modo
497 283 544 310 per
566 276 764 310 Sr'juuctionem
781 283 812 303 ac
824 276 944 309 diremp-

153 326 211 347 tum
226 321 381 352 interimus,
398 325 424 347 et
440 322 466 347 in
494 321 608 348 nihilum
629 321 790 357 redigimur.
821 321 885 356 Ejus
902 322 940 348 rei

153 370 237 390 causa
267 368 310 391 est
325 364 496 392 admirabilis
511 365 634 399 quaedam
659 366 801 393 harmonia
819 373 909 392 rerum
927 373 942 392 a

152 416 236 436 causa
261 408 447 444 profectarum
479 415 506 438 et
525 412 711 445 conditarum,
731 419 792 438 cum
814 412 874 446 ipso
891 419 942 439 au-

154 461 232 483 ctore
246 461 274 484 et
292 457 434 484 conditore
451 465 459 484 :
475 457 633 490 ineﬂabilis,
668 459 775 485 ratione
788 457 942 486 communi-

140 501 272 529 -cationis
286 505 312 529 et
332 501 466 530 ell'osione
481 503 634 537 bonitatis;
651 513 793 538 nunquam
810 514 943 541 rumpen—

155 546 201 579 da,
221 552 334 581 propter
350 552 492 576 auctorem
509 549 613 577 vinculi
629 555 656 577 ct
670 551 779 578 unionis
803 554 942 587 magnitu-

154 591 257 619 dinem.
275 593 375 620 Eadem
388 593 445 628 jam
462 595 572 629 paulum
590 596 763 631 intelligitur.
784 598 848 625 dum
861 599 942 634 spiri-

156 637 197 664 tui
209 638 407 673 contemplanti
423 640 509 666 lutum
522 641 632 673 obstat;
647 641 694 668 sed
720 641 816 676 purius
829 643 943 670 immor-

156 683 262 711 talitate
278 691 326 718 per
342 686 574 713 resurrectionem
603 687 711 715 donatis
727 688 847 722 pateﬁet.
865 688 941 721 Qua-

155 734 266 764 propter
281 738 403 758 amorem
420 733 520 759 mereri
548 733 621 765 dico,
649 741 703 760 non
732 734 814 761 modo
837 735 940 762 bonum

996 191 1053 209 τιον
1068 183 1210 218 θαυμαστή
1227 193 1270 216 τις
1281 184 1401 219 ἁρμονία
1415 185 1468 212 τῶν
1483 186 1613 213 αἰτιατῶν
1631 195 1661 213 τε
1678 187 1726 214 καὶ
1737 196 1787 222 γε-

994 228 1114 262 γονότων
1138 228 1206 260 πρὸς
1225 229 1270 255 τὺν
1295 229 1383 256 αἴτιον
1396 231 1442 257 καὶ
1463 231 1647 266 πεποιηκότα,
1661 232 1785 268 ἀῤῥητος

996 273 1047 308 μὲν
1059 273 1098 309 τῷ
1108 275 1202 309 τρόπῳ
1213 275 1263 307 τῆς
1276 276 1421 307 κοινωνίας
1433 276 1480 303 καὶ
1493 278 1526 312 τῇ
1537 278 1586 312 τῆς
1599 277 1783 314 ἀγαθωσύνης

995 319 1117 354 ὲκχὺσει,
1127 320 1262 356 ἄρρηκτος
1273 321 1301 348 δὲ
1313 321 1357 348 διὰ
1367 321 1413 348 τδν
1426 322 1609 358 συνδήσαντα,
1620 323 1705 350 καὶτὸ
1713 324 1782 350 πολὺ

994 363 1045 396 τῆς
1062 366 1187 398 ἑνώσεως
1199 374 1206 382 ν
1221 366 1310 401 ὀλίγον
1328 366 1391 402 ἄρτι
1406 367 1610 404 γινωσκομένη,
1629 367 1677 395 τοῦ
1695 367 1782 402 πηλοῦ

993 411 1210 446 προσισταμένου
1220 410 1257 446 τῷ
1267 411 1412 446 θεωροῦντι
1427 411 1580 447 πνεύματι·
1600 413 1777 448 φανησομένη

993 455 1023 482 δὲ
1054 455 1248 491 καθαρώτερον
1267 456 1510 484 ἀπαθανατισθεϊσι
1535 457 1579 484 διὰ
1601 457 1650 492 τῆς
1665 457 1784 486 ἀναστά-

997 508 1079 533 σεως.
1089 500 1203 535 Φιλητὺν
1211 500 1275 535 γοῦν
1286 498 1356 527 εἷναί
1368 510 1438 536 φημι
1451 502 1481 528 οὗ
1495 502 1575 537 μόνον
1585 511 1617 536 γε
1630 501 1659 529 τδ
1669 503 1784 537 ἄπειρον

992 546 1105 580 ἀγαθὸν,
1113 547 1160 573 καὶ
1168 547 1216 581 τὴν
1227 547 1369 582 ἀστραπὴν
1379 547 1424 574 τοῦ
1435 547 1562 580 κάλλους,
1573 548 1620 574 καὶ
1632 549 1682 582 τῆς
1695 547 1782 583 ὥρας,

994 592 1100 626 καὶτῆς
1113 593 1235 628 χάριτος,
1251 593 1313 628 ἥτις
1329 593 1425 628 ἐκείνῳ
1443 594 1632 628 ξυμπέφυκεν,
1652 593 1719 620 ἀλλά
1735 594 1785 621 καὶ

994 637 1059 670 πᾶν,
1074 634 1096 671 ᾧ
1113 638 1222 672 μέτεστι
1239 638 1322 664 καλοῦ
1341 647 1371 664 τε
1398 639 1445 665 καὶ
1467 638 1585 673 ἀγαθοῦ,
1603 639 1637 666 δι’
1659 639 1725 665 αὐτὸ
1754 639 1785 666 τὸ

992 682 1166 718 ὑπεράγαθον
1180 684 1228 709 καὶ
1246 683 1410 719 ὑπέρκαλον,
1430 684 1476 711 καὶ
1502 685 1532 711 τδ
1556 685 1625 720 πρὸς
1650 684 1715 711 αὒτδ
1733 685 1785 719 τῆς

993 728 1103 763 φΰσεως
1123 729 1200 764 ἡμῶν
1218 730 1360 763 συγγενές.
1378 729 1427 756 Διὰ
1442 729 1496 765 γὰρ
1511 729 1560 765 τὴν
1573 730 1667 765 κοινὴν
1683 730 1786 765 ἀναφο-

157 776 222 803 illud
235 776 375 803 inﬁnitum
401 781 429 803 et
448 776 540 811 fulgur
567 779 633 805 illud
649 779 871 813 pulchritudinis,
887 781 949 817 ele.‘

1003 774 1048 807 οάν
1069 783 1099 801 τι
1119 775 1166 801 καὶ
1191 774 1292 809 σχέσιν,
1307 775 1346 806 ὡς
1369 775 1401 802 ἀν
1420 783 1462 806 τις
1487 774 1571 808 εἴποι,
1587 775 1636 810 τὴν
1663 775 1732 810 πρὸς
1754 774 1785 801 τὸ

157 821 265 855 gantize,
281 823 387 855 gratia,
396 822 472 857 quod
488 823 538 858 ipsi
550 828 648 851 natura
659 825 743 858 inest,
755 833 851 853 verum
861 828 944 854 etiam

158 867 291 902 quidquid
308 868 521 901 pulchritudinis
538 874 579 897 est
596 877 628 897 ac
640 870 704 898 boni
721 871 868 906 particeps.
884 879 946 907 pro-

157 917 217 946 pter
230 921 387 948 supremum
415 914 482 942 illud
499 915 614 949 bonum,
644 925 859 953 supremamque
886 920 947 953 pul-

156 958 351 992 chritudinem,
362 967 394 987 ac
403 965 502 988 nostra!
511 969 573 991 cum
584 969 615 989 ea
633 969 738 991 natura:
748 959 947 996 cognationem.

157 1004 225 1032 Nam
243 1011 354 1040 propter
365 1014 539 1035 communem
553 1008 712 1037 relationem
724 1014 751 1038 et
764 1010 946 1042 aﬂ‘ectiouem,

160 1055 190 1077 ut
208 1051 244 1078 ita
258 1051 359 1085 dicam,
377 1052 410 1079 ad
440 1053 559 1087 primum
573 1054 649 1086 illud,
678 1063 842 1091 omnemque
866 1065 946 1090 supra

159 1097 355 1130 perfectionem
373 1099 492 1131 positum
505 1100 619 1132 bonum,
633 1102 725 1128 omnia
747 1107 774 1129 et
786 1102 856 1129 bona
871 1103 947 1136 iiunt.

160 1149 188 1171 et
197 1145 357 1180 diliguntur,
370 1150 461 1172 mutua
472 1145 588 1179 quadam
600 1145 741 1174 affectione
749 1148 799 1174 sibi
811 1148 948 1180 devincta,

161 1189 228 1223 Quae
246 1191 318 1217 enim
331 1191 412 1218 alicui
430 1191 468 1218 rei
484 1191 603 1226 simplici
625 1196 741 1224 cognata
756 1198 832 1225 sunt,
851 1201 947 1221 eorum

160 1240 188 1264 et
203 1237 317 1264 invicem
332 1239 454 1272 quaedam
465 1242 506 1265 ost
516 1239 653 1271 cognatio.
677 1239 796 1273 Cognata
822 1248 885 1266 vero
905 1241 947 1267 di-

161 1283 219 1318 ligi,
232 1291 266 1311 ne
280 1284 369 1311 verbis
379 1283 489 1318 quidem
503 1291 572 1317 opus
588 1288 639 1314 est,
653 1288 681 1310 ut
695 1286 834 1318 probetur.
848 1287 949 1314 Omnes

162 1338 228 1365 ergo
241 1331 339 1361 bonos,
352 1335 378 1357 et
393 1338 407 1356 a
421 1330 504 1361 bono,
515 1334 543 1356 et
556 1330 588 1356 ad
602 1330 702 1356 bonum
715 1332 849 1364 conditos,
866 1340 948 1358 unum

163 1375 196 1402 ad
215 1383 325 1409 scopum
345 1376 454 1402 tendere
471 1375 530 1402 dico
542 1375 553 1410 (
565 1383 637 1402 nunc
659 1376 730 1403 enim
747 1376 779 1403 ad
794 1377 958 1415 institutum,

164 1420 319 1453 revertor),
339 1421 385 1454 qui
400 1425 452 1451 est,
470 1427 563 1447 amare
574 1421 688 1451 bonum.
718 1423 885 1457 ctquidquid
898 1424 951 1450 tale

999 820 1106 854 πρῶτον
1124 820 1171 846 καὶ
1186 820 1360 854 ὑπερτέλειον
1376 820 1478 854 ἀγαθὸν
1494 821 1584 847 πάντα
1615 820 1786 855 ἀγαθύνεται

996 867 1044 893 καὶ
1060 867 1190 900 φιλεῖται,
1207 867 1303 902 ἔχοντα
1319 867 1386 902 πρὸς
1399 867 1501 903 ἄλληλα
1521 868 1663 903 σχετικῶς.
1679 868 1721 894 Τά
1729 867 1786 902 γὰρ

997 911 1076 946 ἁπλῷ
1098 920 1151 939 τινι
1172 913 1290 948 συγγενῆ
1316 914 1362 940 καὶ
1387 913 1511 949 ἀλλήλοις
1526 915 1558 941 ἂν
1577 915 1631 949 εἴη.
1646 914 1683 940 Τὸ
1696 914 1724 941 δὲ
1739 924 1786 949 φι-

998 958 1103 985 λεῖσθαι
1129 959 1164 985 τὰ
1183 959 1301 994 συγγενῆ
1331 959 1392 986 οὐδὲ
1417 960 1496 994 λόγου
1525 960 1610 987 δεῖται
1635 960 1784 988 δεικνύναι.

999 1004 1106 1035 Πάντας
1123 1003 1172 1038 μὲν
1187 1002 1233 1030 οὖν
1244 1005 1307 1036 τοὺς
1323 1004 1450 1038 ἀγαθοὺς,
1465 1007 1514 1032 καὶ
1533 1005 1580 1031 ὑπ’
1599 1005 1714 1038 ἀγαθοῦ,
1737 1006 1787 1031 και)⁸

999 1051 1042 1076 ἐπ’
1068 1050 1162 1085 ἀγαθῷ
1178 1051 1440 1086 δημιουργηθέντας,
1466 1052 1506 1081 εἰς
1526 1052 1576 1078 ἕνα
1600 1051 1673 1085 λέγω
1687 1051 1787 1077 τείνειν

1001 1095 1101 1122 σκοπὸν
1117 1096 1177 1130 (ήδη
1194 1097 1247 1130 γάρ
1261 1096 1411 1131 ἐπάνειμι),
1425 1097 1454 1123 ea
1467 1097 1555 1131 φιλεῖν
1568 1097 1597 1123 τδ
1614 1096 1726 1130 ἀγαθὸν,
1739 1097 1788 1123 καὶ

1002 1143 1092 1177 μισεῖν
1105 1143 1136 1169 τδ
1212 1141 1349 1168 τοιοῦτον⁸
1364 1143 1411 1168 καὶ⁵
1424 1142 1533 1169 διώκειν
1545 1142 1576 1169 τδ
1592 1143 1682 1173 καλὴν,
1697 1142 1743 1169 καὶ
1756 1142 1788 1168 τὺ

1000 1188 1086 1219 ἄλλως
1113 1188 1174 1223 ἕχον
1191 1188 1313 1223 φεύγειν.
1339 1189 1490 1223 Συμσαίνει
1513 1189 1540 1215 δὲ
1564 1189 1611 1216 καὶ
1632 1189 1788 1215 τούναντίον

1001 1235 1139 1266 πολλάκις.
1164 1235 1218 1262 Καὶ
1233 1234 1287 1270 γὰρ
1312 1235 1444 1270 φιλοῦμεν
1469 1234 1500 1261 τδ
1525 1235 1608 1262 κακον
1631 1235 1703 1261 ἐστιν
1731 1237 1787 1265 ὅτε,

1001 1281 1048 1307 καὶ
1063 1281 1093 1307 τὺ
1110 1281 1212 1315 ἀγαθὸν
1235 1281 1330 1315 ὥσπερ
1352 1281 1506 1316 φεύγομεψ
1540 1282 1587 1316 οὐχ
1613 1281 1653 1308 ὅτι
1689 1290 1730 1312 τις
1757 1282 1796 1321 τὸ,

1001 1327 1103 1360 ἀγαθὸν
1118 1327 1246 1360 ἐγνωκὼς
1274 1327 1303 1353 ὃν
1332 1327 1446 1362 ἀγαθὸν,
1524 1328 1625 1361 ἀγαθὸν
1653 1328 1788 1362 ἀποστρέ-

1002 1381 1098 1407 φεται·
1129 1373 1145 1407 ἢ
1174 1373 1246 1407 φιλεῖ
1273 1374 1302 1400 τὸ
1332 1374 1467 1408 πονηρὸν,
1545 1374 1673 1409 πονηρὸν,
1700 1374 1786 1400 *ποιοῦ⁴

1002 1428 1047 1445 τον
1069 1419 1133 1445 αὐτὸ
1155 1420 1350 1454 ἐπιστάμενος,
1367 1420 1468 1454 πόθεν;
1485 1420 1582 1447 πολλοῦ
1607 1429 1640 1453 γε
1665 1421 1712 1447 καὶ
1727 1421 1785 1446 δεῖ·

166 1475 220 1494 non
236 1471 289 1499 est,
306 1467 396 1494 odisse
411 1476 417 1494 :
434 1467 577 1494 honestum
600 1468 710 1498 sectari,
731 1469 860 1504 quodque
884 1469 949 1497 affe-

1003 1465 1060 1491 nr
1076 1466 1116 1491 ὅτι
1131 1465 1160 1492 τὸ
1176 1466 1259 1492 κακὸν
1272 1466 1374 1500 ἀγαθὸν
1387 1468 1503 1500 ἡγεῖται.
1513 1467 1545 1493 Ἠ
1560 1467 1641 1501 φύσις
1654 1467 1708 1501 γὰρ
1721 1466 1787 1502 ἡμῖν

165 1519 239 1541 ctum
252 1517 294 1540 est
303 1514 391 1545 aliter,
403 1513 507 1547 fugere.
521 1505 597 1547 Stepc
609 1521 672 1541 vero
685 1515 852 1542 contrarium
864 1517 953 1550 quod-

166 1567 220 1594 que
234 1558 366 1593 contingit
383 1569 390 1585 :
413 1559 514 1594 quippe
541 1568 736 1595 nonnunquam
751 1566 778 1588 et
796 1562 896 1589 malum
911 1563 954 1590 di-

167 1606 289 1641 ligimus,
309 1606 435 1640 quodque
446 1607 546 1632 bonum
576 1610 617 1633 est
646 1607 722 1641 quasi
737 1607 867 1642 fugimus,
892 1616 947 1636 non

166 1651 239 1686 quod
258 1652 355 1686 aliquis
371 1652 493 1686 agnitum
513 1652 627 1685 bonum,
651 1653 723 1686 quod
755 1654 855 1680 bonum
903 1655 952 1686 sit.

167 1703 302 1733 quatenus
319 1702 360 1725 est
373 1699 474 1725 bonum
487 1699 655 1730 adversetur,
665 1699 829 1726 autmalum
843 1700 951 1734 diligat,

167 1749 302 1778 quatenus
316 1745 415 1771 malum
431 1749 484 1775 est,
499 1751 562 1772 cum
578 1744 677 1771 malum
704 1752 764 1772 esse
789 1745 859 1772 sciat
874 1746 954 1781 (quo-

168 1797 229 1815 nam
247 1789 272 1815 id
291 1790 388 1823 pacto?
403 1789 513 1816 minime
530 1789 631 1825 sane),
648 1790 694 1817 sed
718 1790 781 1824 quia
794 1791 867 1826 quod
895 1799 954 1820 ma-

168 1836 224 1862 lum
236 1840 277 1862 est
287 1836 387 1863 bonum
399 1843 459 1863 esse
474 1840 560 1870 putat.
574 1836 702 1863 Naturam
715 1844 832 1870 namque
846 1838 951 1872 proba-

169 1881 258 1907 vimus
273 1888 304 1907 ex
320 1881 391 1907 bono
405 1886 433 1908 et
452 1881 551 1908 bonam
571 1889 643 1912 esse,
664 1881 792 1916 quodque
804 1887 951 1917 cognatum

169 1931 222 1958 est,
253 1933 391 1960 qumrere,
415 1927 545 1962 quidquid
575 1928 704 1960 alienum,
735 1928 839 1963 fugere.
878 1927 954 1954 Licet

170 1978 260 2000 autem
275 1980 338 2000 vere
350 1973 389 2000 sic
409 1978 564 2007 comparata
583 1981 628 2001 res
647 1974 693 2005 sit.
723 1979 813 2001 tamen
829 1974 954 2001 homines

171 2019 315 2054 plerosque
327 2019 420 2046 videas
433 2019 567 2046 deteriora
579 2027 634 2054 pra
648 2020 807 2047 melioribus
822 2020 954 2054 eligentes

170 2072 202 2092 ac
217 2065 325 2092 facilius
342 2073 354 2091 ιι
369 2064 449 2092 bouis
467 2063 500 2092 ad
518 2065 588 2091 mala
603 2073 684 2100 quam
698 2073 713 2092 a
732 2066 811 2093 malis
824 2066 856 2094 ad
883 2066 953 2093 bona

170 2111 343 2136 transeuntes
363 2117 370 2136 :
385 2109 486 2143 quique
513 2109 572 2136 illos
590 2115 616 2136 et
628 2110 801 2138 adn-irantur
816 2115 843 2138 et
858 2111 953 2138 beatos

171 2154 330 2188 praedicant,
344 2154 443 2181 horum
457 2160 560 2182 sortem
588 2156 758 2183 miserantur
786 2157 831 2190 qui
856 2164 953 2191 reapse
968 2140 991 2168 Β

172 2199 241 2227 bona
256 2208 308 2227 non
323 2205 397 2228 recte
420 2201 599 2235 degustarint,
621 2203 667 2229 sed
683 2202 803 2229 habitum
817 2203 950 2230 malorum

171 2246 358 2281 acquisierint.
377 2252 404 2275 et
421 2255 453 2275 ex
481 2256 576 2275 eorum
605 2248 786 2276 incbriatione
821 2249 952 2276 continua

171 2300 204 2320 ne
218 2293 325 2326 quidem
343 2294 374 2321 ad
391 2295 564 2321 sobrictatem
582 2295 669 2321 redire
692 2295 797 2322 sincere
823 2295 929 2329 possint
946 2305 953 2328 ;

171 2338 226 2365 imo
245 2340 296 2367 hac
326 2340 383 2375 ipsa
403 2349 513 2375 quoque
535 2342 643 2368 liberati
668 2341 843 2373 temulentia,
856 2349 954 2368 rursus

171 2385 205 2411 ad
220 2384 409 2418 offendendum
422 2388 505 2421 parati
522 2389 587 2420 sint,
604 2387 639 2414 ob
661 2395 788 2420 eam.qua
799 2386 887 2413 adhuc
906 2387 955 2413 de-

172 2431 320 2464 tincautur,
336 2433 474 2466 crapulam
487 2438 514 2460 et
534 2434 669 2468 profectas
684 2441 715 2460 ex
731 2433 878 2467 gravedine
894 2440 955 2460 ver-

171 2477 279 2511 tigines.
296 2476 376 2504 Iidem
385 2483 411 2505 et
426 2486 523 2513 pravos
539 2479 664 2506 homines
688 2478 774 2506 bonos
787 2486 848 2506 esse
858 2482 955 2513 putant

173 2527 200 2550 et
216 2524 332 2551 miseros
360 2523 451 2551 felices
466 2533 474 2551 :
489 2525 589 2559 quippe
615 2524 718 2559 judicio
736 2524 878 2557 falluntur,
906 2532 957 2551 nec

174 2577 267 2596 eorum
285 2561 391 2605 εροριιέ
411 2577 473 2596 cum
492 2577 574 2604 scopo
594 2574 697 2596 rectam
727 2569 869 2597 ferentium
897 2576 960 2596 SC"-

175 2615 297 2645 tentiam,
314 2615 340 2641 in
367 2613 471 2648 judicio
490 2614 523 2641 de
541 2614 655 2640 honesto
668 2619 693 2641 et
710 2614 782 2641 bono
810 2614 959 2641 consentit.

176 2659 254 2692 Apud
268 2660 329 2687 illos
343 2661 415 2687 cnim
433 2659 478 2694 qui
494 2659 549 2687 fuci
561 2661 691 2687 dicuntur
720 2660 778 2695 (eos
807 2664 898 2686 autem
915 2659 957 2685 in-

178 2705 270 2739 telligo
286 2705 332 2739 qui
362 2713 406 2732 res
437 2705 573 2733 secundas
602 2712 651 2739 pro
670 2704 798 2732 felicitate
824 2704 954 2736 ducunt),

177 2751 299 2777 omnium
327 2751 355 2777 hi
383 2751 531 2779 felicissimi
558 2756 774 2785 creterorumque
800 2749 957 2778 mortalium

178 2797 395 2829 praestantissimi
413 2797 571 2831 iudicantur
588 2804 659 2830 esse,
689 2796 789 2832 quibus
817 2797 958 2832 prosperi-

1003 1511 1191 1538 ἁπτιδέδεικται
1205 1512 1234 1544 ἐξ
1248 1511 1348 1545 ἀγαθοῦ
1361 1521 1390 1538 τε
1407 1513 1454 1539 καὶ.
1469 1513 1569 1547 ἀγαθὴ,
1586 1513 1634 1539 καὶ
1646 1513 1675 1539 τ’,
1690 1522 1789 1546 συγγεη

1004 1557 1062 1590 νὲς⁵
1077 1558 1205 1591 ζητοῦσα,
1225 1560 1269 1584 καὶ
1286 1559 1442 1593 τάλλότριον
1462 1559 1534 1585 ἅπαν
1550 1559 1698 1594 ῳεύγουτα.
1714 1560 1787 1593 Πλὴν

1005 1603 1049 1629 καὶ
1066 1602 1152 1634 οὕτως
1168 1604 1281 1638 ἐχούσης
1299 1605 1348 1638 τῆς
1364 1605 1501 1640 ἀληθείας,
1518 1606 1582 1636 ῐδοις
1599 1605 1632 1632 ἂν
1650 1606 1709 1637 τοὺς
1725 1606 1789 1632 πολ-

1003 1649 1065 1681 λοὺς
1082 1650 1136 1676 τῶν
1155 1650 1307 1686 ἀνθρώπων
1321 1651 1355 1678 τὰ
1369 1653 1452 1687 χείρω
1472 1653 1525 1680 τὼν
1541 1654 1704 1688 κρειττόνων
1720 1662 1788 1687 προς

1003 1695 1192 1730 αιρουμένους,
1204 1696 1250 1723 καὶ
1262 1697 1327 1731 ῥᾷον
1338 1698 1390 1723 ἀπδ
1405 1697 1508 1725 τούτων
1523 1699 1562 1731 είς
1571 1700 1605 1726 τὰ
1618 1701 1689 1726 κακά
1705 1709 1791 1734 μετα-

1005 1741 1151 1773 ϐάλλοντας
1168 1742 1184 1776 ἢ
1203 1742 1232 1774 ἐξ
1261 1742 1375 1770 ἐκείνων
1399 1745 1439 1776 ei;
1456 1744 1558 1772 ταῦτα·
1577 1746 1720 1777 κάκείνους
1739 1746 1789 1780 μὲν

1005 1787 1164 1822 ζηλοῦντας,
1178 1789 1223 1814 καὶ
1239 1789 1449 1824 μακαρίζοντας,
1464 1790 1575 1822 τούτους
1586 1791 1614 1818 δὲ
1629 1791 1789 1823 ταλανζον-

1004 1842 1065 1865 τας,
1084 1834 1121 1868 τῷ
1140 1834 1177 1870 μὴ
1193 1834 1283 1866 καλῶς
1299 1835 1446 1869 γεγεῦσθαι
1469 1836 1523 1863 τῶν
1542 1837 1650 1872 ἀληθῶς
1666 1838 1788 1872 ἀγαθῶν,

1004 1880 1063 1907 ἀλλ’
1082 1881 1111 1906 ἐν
1122 1880 1178 1912 ἕξει
1197 1880 1251 1906 τῶν
1266 1881 1358 1907 κακῶν
1374 1882 1554 1917 γεγενῆσθαι,
1569 1883 1615 1909 καὶ
1633 1885 1665 1918 τῇ
1683 1885 1791 1916 συνεχεῖ

1005 1925 1108 1952 τούτων
1129 1926 1200 1962 μέθῃ
1226 1927 1293 1961 μηδὲ
1316 1927 1399 1962 νῆψαι
1422 1928 1549 1963 καθαρῶς
1566 1928 1696 1955 δύνασθαι
1710 1937 1717 1945 ⁸
1733 1929 1791 1955 ἀλλ’

1006 1970 1118 1997 ἐπειδὰν
1132 1972 1179 1997 καὶ
1195 1971 1312 2006 ταυτησὶ
1328 1973 1378 2006 τῆς
1395 1973 1479 2007 μέθης
1496 1974 1689 2007 ἀπαλλαγεῖεν,
1706 1983 1791 2010 προσ-

1005 2017 1116 2044 κόπτειν
1132 2017 1209 2049 αὓθις
1228 2018 1354 2053 ἑτοίμους
1371 2016 1442 2045 εἷναι
1458 2019 1502 2045 διὰ
1517 2020 1567 2054 τὴν
1591 2021 1792 2054 ἐπικρατοῦσαν

1004 2062 1044 2089 ἔτι
1054 2063 1221 2098 κραιπάλην,
1233 2064 1280 2090 καὶ
1290 2064 1352 2095 τοὺς
1361 2065 1392 2091 ἐκ
1400 2065 1448 2099 τῆς
1457 2065 1643 2101 ἐωλοκρασῐας
1659 2065 1777 2099 ἰλίγγους
1784 2085 1792 2093 .

1005 2106 1084 2136 Οὗτοι
1093 2109 1210 2141 καὶτοὺς
1225 2110 1345 2144 φαύλους
1357 2110 1519 2145 ἀνθρώπους
1529 2111 1650 2145 ἀγαθοὺς
1666 2111 1794 2146 νομίζου-

1006 2162 1048 2180 σιν
1067 2151 1150 2187 εἶναι,
1171 2154 1219 2181 καὶ
1230 2156 1293 2186 τοὺς
1313 2155 1422 2186 ἀθλίους
1434 2155 1608 2190 εὐδαίμονας.
1629 2156 1796 2189 Σφάλλονται

1009 2200 1060 2235 μὲν
1067 2199 1122 2234 γὰρ
1135 2201 1200 2234 περὶ
1209 2200 1257 2234 τὴν
1263 2200 1363 2235 ψῆφον,
1375 2194 1405 2227 οὗ
1414 2201 1521 2237 συνᾴδει
1529 2201 1557 2228 δὲ
1568 2201 1702 2228 κάκείνων
1712 2202 1796 2229 6.7.9-

1008 2245 1069 2278 πδς,
1084 2246 1123 2280 τῷ
1139 2246 1193 2272 τῶν
1209 2246 1299 2281 ὀρθῶς
1311 2247 1481 2281 ποιουμένων
1496 2247 1544 2277 τὰς
1564 2247 1715 2280 ἀποφάσεις
1731 2247 1796 2280 περὶ

1008 2293 1057 2329 τὴν
1071 2293 1117 2321 τοῦ
1134 2293 1217 2320 καλοῦ
1233 2303 1261 2320 τε
1277 2294 1324 2320 καὶ
1338 2294 1440 2327 ἀγαθοῦ
1454 2293 1554 2329 κρίσιν.
1569 2293 1648 2328 Παρά
1666 2294 1718 2328 γὰρ
1741 2294 1797 2324 τοῖς

1007 2339 1187 2374 καλουμένοις
1202 2339 1317 2374 κηφῆσι,
1331 2339 1403 2372 λέγω
1417 2339 1449 2373 δὴ
1466 2340 1522 2371 τοῖς
1531 2339 1579 2374 τὴν
1596 2339 1740 2374 ῥᾳστώνην
1755 2346 1798 2364 τι-

1009 2386 1133 2418 θεμένοις
1146 2385 1326 2420 εὐδαιμονίαν,
1340 2386 1393 2412 οἵδε
1408 2386 1462 2412 τῶν
1472 2385 1579 2412 πάντων
1593 2384 1800 2419 εὐδαιμονέστε-

1013 2440 1055 2466 ροι
1068 2431 1220 2466 κρίνονται,
1232 2433 1279 2457 καὶ
1290 2432 1398 2459 πάντων
1411 2432 1515 2467 ἀνδρῶν
1524 2428 1684 2466 ἀριστοι,οἷς
1698 2430 1730 2458 ἂν
1742 2432 1799 2461 τοῖς

1015 2477 1087 2509 ὅλοις
1102 2475 1302 2512 εὖπράττουσιν
1317 2477 1445 2513 εὐμαρῶς
1461 2477 1493 2504 τὰ
1500 2478 1563 2512 τῇδε
1573 2477 1684 2512 φέροιτο
1695 2475 1782 2502 πάντα
1790 2483 1799 2492 ⁸

1014 2524 1062 2550 καὶ
1073 2522 1128 2550 εἷεν
1138 2523 1187 2557 μὲν
1201 2523 1327 2558 ἁπηλλαγ
1333 2523 1578 2565 μὲνοηῳροντίδων,
1587 2522 1734 2549 ὲσθιουσῶν
1750 2521 1802 2554 τὰς

1012 2569 1101 2604 ψυχας
1116 2569 1205 2604 σητῶν
1216 2569 1292 2595 οὐδὲν
1302 2566 1394 2605 ἦττον,
1402 2570 1426 2596 εἰ
1435 2569 1554 2595 τουτοισί
1567 2578 1619 2596 που
1629 2569 1802 2602 συγγένοιντο

1018 2615 1154 2650 συνεχῶς’
1183 2614 1238 2642 εἷεν
1262 2616 1290 2642 δὲ
1317 2617 1488 2650 πραγμάτιον
1514 2617 1616 2646 ἐκτὲς,
1646 2615 1804 2642 ἀποκναίειν

1017 2661 1177 2695 δυναμένων
1203 2662 1249 2688 καὶ
1273 2661 1346 2692 νοῦν,
1359 2661 1405 2688 καὶ
1428 2662 1518 2695 σῶμα·
1533 2652 1580 2688 καί
1591 2661 1638 2688 τοῦ
1651 2661 1700 2695 μὲν
1711 2660 1803 2686 πονεῖν

1015 2707 1146 2740 ἄγευστοι
1158 2714 1165 2721 ·
1186 2708 1200 2733 ὁ
1216 2706 1273 2740 βίος
1287 2707 1315 2734 δὲ
1331 2707 1421 2738 αὐτοῖς
1436 2707 1536 2742 τρυφὴ,
1552 2708 1598 2733 καὶ
1624 2707 1704 2733 πλέον
1716 2705 1803 2732 οὐδέν.

1017 2752 1096 2786 Μέγα
1114 2751 1141 2778 δὲ
1164 2752 1275 2779 κάκεῖνο
1294 2753 1457 2787 νομίζουσιν.
1469 2751 1747 2787 ὃτιθαυματοποιοῦς,
1757 2751 1805 2778 καὶ

1019 2797 1188 2832 μίμους,καὶ
1196 2797 1342 2831 ὀρχηστὰς,
1358 2797 1448 2830 σμήνη
1468 2806 1497 2824 τε
1517 2798 1652 2829 κολάκων,
1666 2796 1712 2824 καὶ
1727 2796 1804 2826 ὑϐρι-
