1937 3078
83 97 138 130 413
785 100 862 132 ΟΒᾹ

915 100 984 133 )ΙῘ.
1648 96 1703 129 ιιι

83 154 157 181 στῶν
174 153 251 200 ἔθνη,
266 153 314 181 καὶ
329 154 495 190 παρασίτων
511 154 608 191 ἑσμὸν,
621 154 670 182 καὶ
682 155 747 187 τοὺς
771 156 862 188 ἄλλους

921 161 976 185 tate
990 156 1156 190 l‘ruentibus,
1170 155 1306 184 universae
1318 163 1362 184 res
1390 154 1473 189 huius
1482 154 1546 182 vitae
1560 154 1704 181 commode

81 201 148 232 τοὺς
158 200 296 232 τοιούτους
309 200 340 227 εὒ
347 202 435 227 ποιεῖν
448 200 574 228 δύνανται
584 201 610 227 οἱ
622 201 687 236 παρ’
698 202 791 228 αὐτῶν
798 202 862 228 θαυ-

919 203 1072 231 succedunt
1087 203 1208 238 ;quique
1220 202 1299 229 liberi
1315 205 1379 229 sttnt
1395 206 1422 229 et
1435 203 1572 228 immunes
1583 207 1604 229 .a
1616 199 1702 229 curis,

82 246 244 281 μαζὸμενοι,
257 246 310 273 ἀπὺ
319 246 366 272 τοῦ
376 246 502 273 πλουτεῖν
513 247 543 273 τδ
551 246 681 273 δύνασθαι
689 247 862 283 κεκτημένοι.

922 255 976 276 non
992 248 1083 276 minus
1099 249 1204 276 animos
1218 247 1435 283 depascenlibus.
1446 254 1528 281 quam
1540 246 1617 272 tinem
1633 245 1706 272 sole-

80 295 138 324 ant,
158 291 180 318 si
193 291 350 326 frequenter
359 292 400 319 eis
412 293 585 326 adhaereant;
602 293 738 320 immunes
750 301 765 320 a
779 293 908 328 negotiis,
920 301 981 328 quae
996 299 1113 322 mentem
1129 299 1155 322 et
1170 302 1269 329 corpus
1280 293 1405 320 cruciare
1424 299 1557 327 possunt;
1578 294 1705 325 expertes

80 338 217 370 laborum,
226 346 312 372 eaque
324 338 445 367 fruentes
454 339 520 372 vita.
529 348 589 375 qua
602 340 670 367 nihil
684 341 720 368 sit
732 341 805 368 aliud
818 348 898 375 quam
911 349 992 369 mera!
1003 342 1247 377 deliciaeJlagnum
1260 346 1287 369 et
1302 341 1366 368 illud
1377 340 1515 375 quidpiam
1526 346 1586 366 esse
1597 342 1704 373 putant.

80 387 154 422 quod
177 387 386 421 praestigiatores
396 408 402 417 ,
414 392 441 414 et
459 387 558 415 mimos
573 393 601 416 et
616 388 771 421 saltatores.
783 392 811 415 et
826 388 998 416 adulatorum
1015 391 1153 422 examina,
1168 395 1195 417 et
1210 390 1406 425 ﬂagitiosorum
1423 388 1560 417 nationes,
1573 391 1600 413 et
1618 393 1699 418 Dara-

80 433 197 460 sitornm
213 441 332 468 gregem,
349 438 375 460 et
385 433 453 461 alios
470 434 536 462 tales
553 434 660 463 allicere
670 435 812 463 beneﬁciis
826 435 944 469 possint,
953 436 1048 471 quijeis
1062 436 1235 463 admirationi
1249 439 1323 468 sunt,
1340 441 1403 462 eum
1416 433 1441 460 id
1453 436 1581 468 prmstare
1591 435 1703 466 queant.

81 479 144 514 quia
158 479 259 505 divitiis
281 479 435 507 abundant.

114 521 202 552 Δῦται
219 526 269 560 μὲν
286 526 332 553 οὖν
358 527 386 552 αἱ
410 527 516 562 κρίσεις
536 528 590 554 τῶν
606 528 780 564 φαυλοτέρων
798 528 864 563 περὶ

79 571 125 598 τὸν
152 572 324 606 ἀνθρώπινον
349 572 416 607 βίον,
436 574 483 600 καὶ
510 573 582 601 οὕτω
600 575 660 609 -τὴν
685 574 863 609 εὐδαιμονίαν

79 616 230 650 ὁρίζονται·
251 617 369 649 ἐλεεινὸς
391 618 419 644 δὲ
435 617 591 653 ἄνθρωπος,
606 619 655 646 καὶ
669 619 864 652 ταλανίζεσθαι

79 661 185 693 δίκαιος
204 663 324 689 τουτοισὶ
342 664 398 694 τοῖς
425 664 563 700 μοχθηρίᾳ
589 665 708 697 σνζῶσιν
725 665 804 697 οὗτος
822 665 864 692 δο-

80 709 136 738 κεῖ,
158 703 179 742 ᾧ
203 708 240 743 μὴ
257 709 389 743 πράττειν
403 709 519 742 ἔξεστιν,
534 709 575 742 οἷς
592 711 626 737 ἂν
640 711 736 746 ἡσθείη
751 711 867 739 διαπαν-

80 753 138 786 τὸς,
158 753 175 788 ἢ
194 754 288 784 πενίας
308 755 337 780 οὑ
354 756 560 791 συγχωρούσης,
575 757 590 791 ἢ
607 757 657 792 τῆς
682 758 752 793 ἥϐης
774 767 865 794 παρα-

82 800 237 833 κμασάσηε,
247 800 263 835 ἦ
272 809 342 831 τινος
354 802 408 827 τῶν
419 801 536 836 θύραθεν
544 803 760 838 συμπτωμάτων
769 804 866 838 ἀπείρ-

81 853 187 877 γοντος.
204 846 281 881 Παρὰ
302 846 329 872 δὲ
352 847 409 878 τοῖς
426 847 604 882 ἡμιφαύλοις,
618 849 656 880 ὡς
674 849 707 876 ἄν
724 857 767 880 τις
779 849 863 882 εῐποι,

81 890 128 915 καί
148 898 220 921 τινος
235 890 392 925 φιλοτιμίας
409 892 566 926 μετέχουσι,
580 893 635 920 τῶν
651 895 684 929 τῇ
703 895 794 929 τρυφῇ
815 894 862 920 καὶ

82 934 206 969 ῥᾳθυμίᾳ
233 936 456 970 προσηλωμένων
475 938 684 974 μακαριώτερος
698 939 784 974 δήπου
800 940 864 973 φαί-

82 989 156 1006 νεται
169 981 183 1006 ὁ
198 981 242 1007 διὰ
256 982 353 1017 χοροὺς
369 983 554 1018 ἀνδραπόδων,
572 985 619 1010 καὶ
634 985 746 1011 οἰκετῶν
761 985 863 1019 πλήθη,

80 1027 126 1052 καὶ
145 1026 193 1061 τὴν
213 1027 297 1062 ἄλλην
314 1027 367 1054 τῶν
386 1029 558 1063 πραγμάτων
573 1029 714 1063 ἀφθονίαν,
731 1031 780 1057 καὶ
795 1031 863 1058 πολὺ

79 1072 213 1108 ἀργύριον
226 1073 345 1106 ἀφειδῶς
361 1073 585 1108 ἀναλισκόμενον,
599 1075 653 1102 τῶν
666 1076 772 1110 ἐχθρῶν
790 1077 858 1102 ἀνώ-

79 1125 158 1151 τερος
173 1118 328 1151 γινόμενος,
344 1119 391 1145 καὶ
409 1121 443 1154 τῇ
458 1119 571 1154 δυνάμει
587 1122 702 1147 τουτωνὶ
716 1122 867 1157 κατορχού-

80 1171 174 1197 μενος,
192 1164 263 1189 κατὰ
287 1163 350 1198 ῥοῦν
370 1165 445 1199 αὐτῷ
460 1166 624 1199 χωρούντων
644 1167 698 1193 τῶν
714 1166 867 1201 βουλευμά-

78 1217 145 1240 των,
170 1208 203 1235 δι’
228 1210 373 1243 ἡντιναοῦν
397 1211 484 1245 φοράν
511 1220 541 1237 τε
567 1212 614 1238 καὶ
635 1212 732 1247 τύχην,
750 1213 766 1247 ἢ
783 1214 811 1239 τὺ
828 1213 866 1248 μὴ

79 1256 205 1289 γενναῖον
218 1255 283 1286 ῐσως
300 1256 372 1290 ἔχειν
388 1257 547 1283 ἀντίπαλον.
560 1257 596 1283 Οὐ
615 1258 668 1292 γὰρ
686 1259 718 1284 ἐκ
731 1259 779 1293 τῆς
797 1259 867 1292 γνώ-

82 1311 136 1336 μης
152 1302 207 1329 τῶν
224 1303 405 1338 εὖροούντων,
427 1305 475 1329 καὶ
499 1304 546 1330 τοῦ
560 1304 686 1337 γενναίου
705 1306 782 1338 σφισι
797 1314 865 1340 φρο-

80 1349 213 1383 νήματος,
228 1348 282 1374 οὐδ’
303 1350 334 1375 ἐκ
349 1349 398 1382 τῆς
424 1349 527 1383 πολλῆς
551 1349 674 1384 ἀνδρίας,
696 1350 743 1376 καὶ
758 1350 807 1384 τῆς
822 1358 866 1376 το-

81 1395 184 1429 σαύτης
199 1395 370 1429 φρονήσεως,
384 1395 431 1421 καὶ
445 1395 493 1429 τῆς
509 1396 574 1428 περὶ
590 1395 624 1421 τὰ
638 1396 763 1430 πρακτέα
780 1404 865 1422 σπου-

79 1441 128 1475 δῆς
142 1449 172 1467 τε
193 1442 241 1468 καὶ
257 1441 460 1475 γενναιότητος,
473 1440 521 1466 καὶ
539 1440 689 1475 ωλλὴὗδην
703 1442 752 1476 τῆς
768 1441 864 1475 λοιπῆς

79 1487 198 1521 ἀρετῆς·
221 1485 318 1513 οὔκουν
338 1486 392 1512 οὐδ’
417 1487 470 1513 ἀπὸ
498 1487 553 1512 τῶν
576 1486 723 1520 πράξεων,
746 1487 794 1513 καὶ
814 1486 862 1513 τοῦ

948 528 1012 557 Hmc
1040 537 1135 557 eorum
1164 528 1211 564 qui
1225 528 1330 556 caeteris
1357 531 1422 554 sunt
1437 525 1589 560 praviores.
1604 525 1637 551 de
1647 524 1701 551 vita

914 575 1141 610 bumanajndicia
1151 579 1225 607 sunt,
1244 579 1325 609 atque
1339 574 1373 600 ita
1385 572 1540 600 felicitatem
1556 570 1700 598 deﬁniunt.

912 620 1011 648 Iisdem
1029 621 1055 647 in
1070 620 1143 647 omni
1173 620 1293 653 nequitia
1320 619 1405 646 vitam
1432 617 1701 651 exigentibushomo

913 667 994 694 miser
1011 670 1038 694 et
1052 665 1219 694 miserabilis
1233 672 1293 693 esse
1308 665 1424 697 videtur,
1443 664 1490 698 qui
1503 671 1534 690 ea
1551 660 1699 697 peragendi

914 713 1072 741 facultatem
1098 720 1152 740 non
1173 713 1266 745 habet,
1285 720 1317 742 ex
1335 712 1436 746 quibus
1452 717 1559 744 semper
1577 709 1699 742 volupta-

914 763 968 786 tem
983 762 1109 793 caperet,
1127 757 1167 785 vel
1183 757 1274 792 inopia
1288 764 1342 784 non
1357 758 1542 792 permittente,
1556 755 1596 782 vel
1610 754 1699 781 a-tajs

914 806 1016 833 amisso
1031 804 1106 838 llore,
1124 804 1165 831 vel
1179 804 1299 832 extrario
1312 810 1376 830 casu
1387 803 1505 837 quodam
1522 801 1698 835 impediente.

881 865 901 893 Β
916 852 950 878 At
961 858 1026 878 vero
1037 850 1210 884 Semipravis,
1227 849 1264 876 uti
1297 849 1358 883 quis
1374 855 1421 875 eos
1437 847 1625 882 appellaverit,
1638 845 1700 880 qui-

916 905 968 931 que
982 896 1074 930 glorim
1087 895 1204 931 quadam
1217 895 1366 928 cupiditate
1377 893 1525 924 ducuntttr,
1545 892 1567 918 is
1579 899 1638 918 esse
1651 899 1700 917 vo-

915 943 1039 977 luptariis
1067 947 1094 969 et
1121 941 1236 976 ignavia:
1265 940 1362 967 deditis
1388 939 1494 967 beatior
1511 938 1698 970 existimatur,

916 989 961 1023 qui
992 988 1187 1022 mancipiorum
1206 987 1333 1021 gregibus
1346 1005 1353 1018 ,
1364 990 1391 1013 el
1404 985 1488 1020 copiis
1504 991 1658 1016 servorum,
1674 988 1701 1011 et

919 1039 1019 1061 caetera
1034 1041 1124 1060 rerum
1142 1032 1319 1063 abundantia,
1337 1031 1477 1064 multoque
1491 1035 1604 1064 argento
1617 1029 1703 1063 largi-

918 1085 958 1107 ter
975 1086 1108 1113 expenso,
1126 1079 1185 1105 suis
1209 1078 1334 1111 superior
1350 1077 1475 1104 hostibus
1492 1075 1595 1105 evadit.
1610 1079 1638 1101 et
1652 1081 1700 1107 po-

918 1128 1042 1152 testatem
1064 1131 1157 1150 eorum
1177 1123 1302 1157 proterit,
1318 1122 1442 1150 consiliis
1458 1129 1588 1156 prospere
1599 1120 1702 1147 ceden-

917 1170 989 1198 tibus
1005 1177 1069 1197 casu
1085 1169 1224 1204 quopiam,
1245 1169 1285 1195 vel
1298 1168 1367 1195 forte
1383 1169 1501 1199 lortuna,
1517 1167 1558 1194 vel
1572 1166 1642 1201 quod
1657 1167 1704 1192 ad-

917 1216 1066 1243 versarium
1098 1215 1213 1242 fortasse
1224 1222 1319 1248 parum
1346 1218 1487 1241 strenuum
1518 1213 1626 1239 haheat.
1646 1211 1704 1239 Non

916 1262 988 1288 enim
1008 1269 1040 1289 ex
1067 1261 1156 1288 indole
1172 1261 1391 1293 strenuitateque
1414 1259 1552 1294 prosperis
1567 1258 1703 1284 utentium

917 1307 1101 1338 successibus,
1120 1314 1169 1333 nec
1186 1314 1282 1341 magna
1300 1306 1470 1338 fortitudine,
1487 1313 1535 1331 nec
1548 1305 1703 1339 prudentia,

916 1361 966 1380 nec
982 1353 1008 1379 in
1022 1353 1134 1387 agendis
1160 1354 1241 1379 rebus
1256 1351 1297 1378 vel
1311 1352 1413 1383 studio,
1433 1352 1473 1377 rel
1488 1348 1634 1382 industria,
1653 1357 1705 1376 nec

916 1398 1030 1431 reliquis
1052 1398 1100 1428 (ut
1130 1397 1285 1424 summatim
1321 1396 1431 1432 dicam)
1458 1396 1619 1423 virtutibus:
1649 1403 1703 1423 non

915 1444 997 1471 etiam
1020 1451 1051 1470 ex
1071 1442 1160 1474 lactis.
1192 1447 1272 1477 atque
1304 1442 1444 1475 moribus;
1471 1451 1520 1469 nec
1542 1443 1576 1469 de
1592 1441 1705 1468 materie

918 1490 1086 1524 negotiorum
1105 1497 1164 1524 qua:
1176 1490 1204 1516 in
1217 1489 1342 1516 manibus
1356 1493 1430 1522 suntl
1445 1497 1492 1516 nec
1507 1489 1540 1515 de
1555 1487 1704 1515 adversarii

80 1533 190 1568 τρόπου·
207 1532 261 1558 οὐδ’
276 1531 331 1559 ὰπδ
359 1533 408 1566 τῆς
429 1531 498 1566 ὕλης
520 1533 574 1560 τῶν
589 1533 641 1559 ἀνὰ
664 1535 759 1568 χεῖρας
775 1542 862 1569 πραγ-

915 1536 1115 1570 exploratione,
1145 1543 1262 1570 quanam
1290 1536 1316 1562 in
1334 1536 1434 1562 virtute
1449 1542 1480 1561 ac
1513 1534 1639 1564 scientia.
1662 1534 1703 1560 vel

82 1580 176 1613 μάτων
189 1586 197 1593 ·
214 1578 268 1605 οὐδ’
287 1579 318 1605 ἐκ
334 1577 382 1604 τοῦ
404 1578 450 1604 τὸν
464 1579 679 1614 ¹ἀντοιγιιινιειτιίσιν
694 1580 864 1614 βασανίζειν,

79 1625 155 1655 ὅπως
180 1625 281 1659 ἀρετῆς
298 1632 327 1649 τε
345 1624 392 1651 καὶ
410 1624 577 1658 ἐπιστήμης,
596 1624 612 1659 ἢ
630 1625 801 1659 φαυλότητος
817 1627 865 1653 καὶ

78 1671 259 1702 ἀπαιδευσίας
285 1670 412 1705 μετέχει·
432 1669 491 1696 ἀλλ’
508 1670 540 1696 ἐκ
556 1670 607 1704 τῆς
622 1671 762 1702 ἐκϐάσεως
779 1671 864 1706 μόνης

78 1718 199 1744 τουτοισὶ
228 1717 261 1743 τὰ
288 1716 440 1751 πράγματα
468 1715 601 1750 κρίνεται,
628 1717 678 1751 τὴν
697 1711 797 1752 ἀρετὴν
817 1725 864 1751 με-

78 1764 174 1800 τροῦσι
191 1764 246 1793 τοῖς
256 1763 455 1798 εὐτυχήμασιν,
470 1763 566 1798 ἄκροις
586 1763 611 1797 (ὅ
625 1763 702 1797 φασι)
720 1763 864 1794 δακτύλοις

78 1811 132 1837 τῶν
151 1810 324 1845 πραγμάτων
341 1811 554 1843 ἑφαπτομὲνοις.
573 1809 632 1835 Κᾶν
646 1808 717 1836 οὕτω
732 1810 781 1845 τὴν
797 1819 865 1836 σαυ-

77 1858 125 1884 τοῦ
139 1857 229 1892 ψυχὴν
244 1856 411 1891 ἀσύγκριτον
431 1857 584 1892 ἀποφήνῃς,
600 1857 637 1888 ὡς
661 1855 732 1883 εἶναι
752 1857 801 1890 μὲν
816 1858 864 1892 τῆς

78 1904 218 1938 Νέστορος
237 1904 284 1929 καὶ
304 1903 479 1936 Σολομῶντος
498 1904 708 1938 φρονιμωτέραν
720 1924 726 1936 ,
746 1901 817 1930 εἶναι
835 1904 863 1930 δὲ

77 1952 127 1985 τῆς
149 1949 293 1985 ’Δχιλλέως
312 1950 357 1975 καὶ
372 1949 491 1983 Σαμψὼν
506 1950 705 1984 ἀνδρειοτέραν,
725 1950 864 1984 γέμουςάν

76 2007 106 2024 τε
121 1997 237 2032 ἀρετῶν,
252 1993 288 2021 ὧν
302 1995 418 2030 ἡρκεσεν
437 1995 539 2029 ἑκάστη
553 1997 691 2031 κοσμῆσαι
703 1996 748 2022 τὸν
764 2005 863 2029 κεκτη-

79 2044 170 2078 μένον·
186 2042 237 2068 xiv
260 2040 331 2067 οὓτω
349 2041 382 2067 τὰ
403 2042 530 2076 πρακτέα
547 2041 702 2077 διενεργῇς,
719 2042 756 2074 ὡς
778 2044 863 2077 φοϐῆ-

78 2099 122 2116 σαι
141 2089 192 2124 μὲν
211 2088 343 2119 ἐναντίον,
363 2087 497 2122 εὐφρᾶναι
522 2088 550 2114 δὲ
568 2088 656 2122 φίλον,
677 2088 817 2124 θαυμάσαι
833 2089 861 2115 δὲ

78 2136 197 2166 πάντας·
222 2134 318 2160 ἔπειτα
338 2134 388 2165 τῆς
411 2133 496 2168 τύχης
512 2134 746 2169 ἁντιπιπτούσης,
768 2135 784 2170 ἢ
811 2122 862 2161 τιτε-

78 2183 135 2212 νίας
155 2180 301 2214 πειραθῇς,
324 2180 340 2214 ἢ
357 2180 406 2214 τῆς
429 2180 606 2214 ὑπαρχούσης
620 2181 742 2216 ὲκπέσῃς
763 2182 855 2216 δόξης,

78 2228 94 2262 ἡ
109 2235 180 2257 τινος
197 2226 289 2261 ἥττων
305 2225 391 2260 ὀφθῇς
405 2225 501 2260 (πολλὰ
524 2226 551 2252 δὲ
576 2227 609 2252 ἂν
623 2226 730 2260 γένοιτο
747 2228 860 2254 τοιαῦτα

78 2275 140 2308 περὶ
156 2273 202 2298 τὸν
218 2271 332 2306 εὔριπον
352 2271 425 2297 τόνδε
446 2271 512 2306 βίον,
529 2273 574 2298 καὶ
589 2273 684 2306 γέγονέ
702 2281 744 2304 τις
759 2274 859 2301 πολλά-

77 2327 118 2345 κις
136 2318 274 2352 κρείττων
293 2317 389 2350 ἀνδρὸς
417 2317 563 2343 σπουδαίου
590 2318 636 2344 καὶ
655 2318 718 2344 νοῦν
739 2319 858 2354 ἔχοντος,

79 2364 139 2398 μηδ’
155 2364 297 2398 ἀνδριᾶσιν
314 2363 411 2395 ἐοικὼς
438 2363 637 2398 ἀπεξεσμένοις
665 2366 706 2396 είς
726 2365 795 2397 εἶδος
812 2366 860 2391 ἀν-

76 2410 136 2442 δρὶις
150 2409 298 2443 γενναίου),
317 2410 330 2435 ὁ
348 2410 461 2443 εὐήθης,
475 2409 490 2435 ὅ
510 2409 608 2442 δειλὺς,
625 2411 638 2436 ὁ
656 2411 753 2445 μιαρδς
766 2431 774 2442 ,
789 2411 860 2446 ἀκή-

77 2463 142 2486 κοας
159 2454 303 2498 παρὰξῶν
320 2455 358 2486 ὡς
378 2455 486 2490 ἀληθῶς
504 2456 634 2482 τοιούτων
652 2457 816 2492 ἀνθρώπων,
836 2450 861 2484 οἳ

76 2500 106 2535 δή
123 2508 183 2527 τινα
201 2500 387 2535 θαυμάζοντες
406 2501 601 2535 κατορθοῦντα,
617 2503 726 2537 καὶτῆς
737 2504 861 2537 γενναιὸ-

76 2556 157 2581 τητος
174 2547 308 2581 ἀγάμενοι
325 2547 437 2581 σφόδρα,
455 2548 502 2574 καὶ
521 2547 647 2582 ἐγκώμια
676 2551 772 2584 μακρὰ
797 2550 860 2581 κατ’

76 2593 160 2619 αὐτοῦ
173 2593 412 2628 ὂημιουργοῦντεε,
430 2594 566 2628 ὀστράκου
585 2594 673 2628 (φασὶ)
688 2599 860 2629 μεταπεσόν-

76 2646 138 2671 τος,
158 2638 377 2672 μεταϐαλόντες,
400 2639 544 2671 κακίζουσι
568 2641 627 2674 μεθ’
649 2640 804 2675 ὑπερὸολῆς
829 2641 859 2667 οὔ

77 2683 315 2718 μεταϐεϐλημένον
338 2685 388 2718 τὴν
416 2685 537 2721 ἀρετὴν,
554 2685 583 2712 ὃν
607 2686 708 2721 μικρὸν
741 2686 858 2721 πρόσθεν

75 2729 205 2764 ἐπῄνουν,
231 2729 278 2755 καὶ
299 2729 339 2756 ὅτι
370 2730 406 2765 μὴ
440 2732 486 2757 καὶ
502 2731 648 2765 οὐρανίους
674 2731 750 2766 αὐτῷ
775 2732 858 2766 τιμὰς

75 2774 225 2808 ἀπονέμειν
250 2774 309 2807 ἐξὸν
334 2772 368 2809 ἦν
390 2777 494 2808 αὐτοῖς,
518 2771 858 2812 ἐδυσχέραινον.’ῐ]ένοους

916 1582 1040 1608 soconlia
1058 1587 1083 1608 et
1102 1581 1210 1609 inscitia
1225 1581 1259 1608 sit
1273 1581 1412 1615 praeditus,
1424 1581 1470 1608 sed
1488 1588 1518 1607 ex
1534 1585 1630 1608 eventu
1643 1581 1703 1607 solo

904 1627 949 1654 'de
970 1628 1051 1654 rebus
1071 1631 1205 1659 statuunt,
1232 1627 1296 1653 dum
1324 1627 1451 1653 virtutem
1477 1634 1508 1652 ex
1528 1627 1702 1654 successibus

916 1673 1074 1705 metiuntur,
1087 1678 1114 1700 et.
1130 1674 1260 1700 extremis
1285 1673 1368 1707 (quod
1388 1672 1475 1706 aiunt)
1494 1672 1585 1707 digitis
1603 1680 1644 1699 res
1660 1677 1703 1698 at—

916 1719 1034 1753 tingunt.
1058 1718 1135 1745 Licet
1153 1718 1275 1744 animum
1292 1722 1367 1744 tuutn
1384 1718 1452 1744 adeo
1463 1718 1582 1752 positum
1594 1725 1700 1746 onmem

914 1770 991 1792 extra
1017 1764 1250 1798 comparationem
1278 1764 1386 1798 probes,
1412 1769 1440 1790 ut
1455 1763 1547 1790 animo
1576 1762 1703 1790 Nestoris

914 1815 996 1845 atque
1009 1809 1162 1838 Salomonis
1179 1810 1338 1845 prudentior
1353 1811 1399 1842 sit,
1413 1815 1440 1836 et
1453 1809 1566 1836 Achillis
1583 1816 1614 1836 ac
1625 1808 1703 1835 Sam-

915 1857 990 1884 sonis
1006 1858 1097 1884 animo
1113 1857 1220 1888 fortior,
1233 1857 1319 1891 iisipte
1331 1857 1449 1883 refertus
1463 1856 1621 1887 virtutibus,
1636 1863 1701 1889 qua-

915 1912 974 1931 rum
1004 1903 1132 1938 qumlibet
1156 1895 1279 1930 ornando
1296 1901 1447 1937 possessori
1472 1910 1523 1928 suo
1539 1901 1701 1928 sufﬁceret:

915 1950 977 1978 licet
1005 1950 1108 1984 agenda
1124 1949 1163 1976 sic
1183 1949 1320 1984 pellicias,
1343 1953 1371 1975 ut
1392 1949 1551 1975 adversario
1569 1952 1700 1975 terrorem

915 1996 1040 2026 iucutias.
1059 1995 1222 2030 voluptatem
1252 1995 1341 2028 parias
1364 1995 1473 2024 amico,
1486 2001 1582 2022 omnes
1599 1995 1625 2020 in
1654 1994 1702 2020 ad-

915 2042 1084 2069 mirationem
1116 2041 1152 2067 tni
1182 2042 1271 2074 rapias
1295 2049 1301 2067 :
1331 2041 1376 2067 sed
1399 2045 1499 2067 mutata
1522 2040 1620 2066 deinde
1647 2040 1702 2066 lnr-

915 2092 991 2118 tuna,
1017 2086 1057 2113 vel
1088 2086 1115 2113 in
1133 2089 1320 2121 paupertatem
1350 2085 1490 2116 incideris.
1523 2085 1564 2112 Vel
1598 2091 1700 2119 partam

912 2134 1025 2168 gloriam
1051 2133 1185 2164 amiseris,
1198 2133 1240 2159 vel
1266 2132 1353 2158 vietus
1371 2132 1404 2158 ab
1421 2133 1513 2166 aliquo
1525 2132 1607 2158 lueris
1624 2131 1701 2166 (qua-

915 2180 948 2206 lia
983 2180 1065 2206 multa
1095 2179 1121 2205 in
1156 2178 1207 2205 hac
1225 2178 1398 2205 volnbilivila
1423 2179 1532 2204 evenire
1566 2182 1699 2212 possunt.

914 2226 941 2252 in
972 2232 1025 2259 qua
1050 2225 1148 2259 stt-pius
1172 2225 1292 2256 accidit,
1311 2230 1338 2251 ut
1355 2225 1491 2251 hominem
1516 2229 1570 2250 tum
1590 2223 1697 2256 virtute,

916 2276 971 2298 tum
988 2276 1076 2298 tuente
1089 2271 1230 2305 praeditum
1247 2271 1338 2297 vincat
1356 2271 1466 2304 aliquis,
1478 2278 1510 2296 ne
1525 2271 1621 2296 statuis
1637 2269 1698 2304 qui-

914 2319 974 2345 dem
1000 2318 1114 2352 sculptis
1129 2318 1161 2344 ad
1179 2317 1294 2343 formam
1324 2317 1426 2343 strenui
1441 2316 1488 2342 viri
1508 2316 1698 2349 respondens),

914 2370 939 2392 et
949 2365 1074 2396 stultum,
1089 2367 1116 2390 et
1132 2359 1268 2394 timidum.
1286 2368 1312 2390 et
1330 2365 1464 2396 impurum
1480 2363 1516 2389 illi
1534 2367 1559 2389 le
1580 2362 1699 2396 appella-

913 2412 980 2438 btlnt
1005 2410 1141 2442 homines,
1164 2411 1211 2444 qni
1238 2417 1332 2442 reapse
1357 2409 1424 2435 tales
1448 2415 1524 2442 sunt,
1539 2409 1640 2443 quique
1653 2416 1696 2434 rus

913 2457 1057 2492 praeclaras
1074 2461 1211 2491 gerentem
1244 2457 1360 2490 aliquem
1386 2455 1566 2486 admirantes,
1589 2459 1614 2481 et
1630 2459 1698 2480 stre—

912 2496 1046 2530 nuitatein
1061 2502 1138 2528 valde
1153 2502 1343 2536 suspicientes,
1355 2501 1528 2535 prolixasque
1539 2500 1632 2527 laudes
1650 2501 1697 2526 ho-

913 2548 977 2574 mini
990 2547 1150 2578 condeutes,
1163 2550 1230 2573 testa
1247 2545 1330 2579 (quod
1343 2545 1430 2579 aiunt)
1443 2551 1575 2571 conversa
1590 2545 1696 2575 ιιιιιιςιιὶ,

913 2600 994 2627 supra
1011 2592 1122 2618 modum
1140 2592 1210 2618 male
1231 2595 1347 2617 tractant
1361 2591 1473 2617 minime
1492 2595 1627 2616 mutatum
1643 2590 1697 2615 vir-

913 2643 969 2666 tute
989 2638 1087 2669 virum,
1118 2639 1198 2671 quem
1223 2636 1303 2670 paulo
1323 2641 1385 2662 ante
1401 2635 1597 2667 laudabant,et
1622 2635 1694 2668 quod

914 2686 1035 2712 hnnmes
1044 2684 1067 2710 ei
1095 2682 1222 2710 cmlesles
1236 2681 1342 2708 deferre
1361 2689 1412 2708 non
1430 2684 1556 2715 possent,
1579 2681 1693 2707 moli-ste

910 2730 1041 2758 furebant.
1055 2729 1136 2756 Iidem
1151 2727 1296 2761 lugendum
1310 2733 1422 2754 censent
1437 2734 1498 2752 eum
1516 2715 1568 2760 qui
1579 2726 1692 2760 gloriam

909 2777 1018 2807 amittit,
1032 2783 1084 2802 non
1098 2774 1169 2801 illam
1188 2772 1369 2805 verissimam,
1383 2777 1410 2799 et
1423 2772 1583 2804 durabilem,
1600 2777 1627 2799 et
1639 2781 1692 2800 una

76 2819 97 2846 δ’
112 2820 188 2852 ἄξιον
205 2819 298 2847 τοῦτον
323 2821 479 2856 κρίνουσιν,
501 2822 531 2854 ὃς
548 2823 580 2849 ἂν
593 2823 673 2858 δόξης
689 2823 794 2858 ἕρημος
812 2823 857 2859 γέ-

915 2831 958 2850 um
976 2821 1073 2857 spiritu
1094 2820 1155 2847 hinc
1171 2820 1343 2855 migrantcm,
1358 2819 1404 2846 sed
1418 2819 1488 2846 hanc
1497 2825 1604 2852 vanam,
1617 2826 1690 2854 quat:-

518 2862 523 2878 l
