1937 3078
64 195 116 228 517

750 189 892 219 ORATIO
914 189 956 220 ΙΙ.

1632 187 1684 218 MS

62 252 90 278 δι
106 250 201 278 κλάδοι
217 248 265 282 τῆς
293 247 394 282 ἀρετῆς
407 267 415 279 ,
433 247 450 281 ἢ
476 247 531 278 τοῖς
557 244 741 279 μιτασχοῢσιν
764 244 848 278 αὐτῆς

903 251 990 278 neque
1009 242 1170 278 corporibus
1185 247 1338 278 parcerent.
1366 249 1416 270 nec
1431 249 1494 277 opes
1511 243 1683 271 admirarer.-

63 295 185 330 γνησίως
214 294 326 324 είκότως
356 293 389 319 ἂν
418 292 549 327 τηρήσειε
573 291 627 317 τῶν
647 291 767 326 ἱδρώτων
783 291 848 321 τοὺς

62 341 191 376 καρποὺς
206 340 369 371 ἀθανάτους,
384 339 453 374 αὐτή
469 347 501 372 γε
520 337 628 373 πρῶτον
642 335 710 364 οὖσα
723 337 846 372 τοιαύτη.

62 387 170 422 Χρῆμα
187 386 243 421 γὰρ
264 376 410 412 ὰθᾶνατον.

105 510 232 545 ’Δνδράσι
251 509 342 535 τοίνυν
369 507 492 542 ἀγαθοῖς,
506 499 556 538 ὀἷς
572 515 602 541 γε
624 507 641 542 ἡ
663 505 796 542 ἐπιθυμία
818 506 849 532 τὸ

63 557 116 591 ζῇν
142 555 184 589 εὖ,
212 555 366 590 προσούσης
384 564 415 589 γε
443 555 537 588 σοφίας
562 554 609 581 καὶ
635 553 772 588 γνώσεως,
800 553 848 588 τὴν

62 603 215 638 ἐπιθυμίαν
229 602 322 633 αὐτοῖς
345 601 436 633 καλῶς
455 601 572 636 περᾶναι
586 601 756 635 δυναμένων,
773 599 849 634 εὐχε-

64 649 120 682 ρῶς
145 648 177 675 τὸ
203 648 335 682 συγγενὲς
353 648 402 674 καὶ
421 647 452 674 τὸ
473 647 510 682 μὴ
532 645 651 673 τοιοῦτον
673 645 847 681 γνωρίζεται.

63 695 129 725 Τοῖς
147 695 177 721 δὶ
197 695 235 729 μὴ
252 694 414 729 μετέχουσιν
427 692 533 727 ἀγαθοῦ
551 693 598 720 καὶ
617 692 635 726 ὴ
654 692 731 718 τοῦδε
746 690 849 724 γνῶσις

63 741 114 766 οὐκ
132 738 271 772 εὔκριτος.
290 739 372 766 Ὅθεν
387 739 417 765 ὃν
433 737 511 765 αὐτοὶ
527 737 738 773 μακαρίζουσιν,
755 735 848 762 ἄθλιον

65 787 168 812 ἐκεῖνοι
185 785 326 820 ἡγοῦνται*
340 785 386 811 καὶ
402 785 416 811 ὃ
435 784 563 818 ζηλοῦσιν
576 784 686 815 ἐκεῖνοι,
702 782 849 816 φεύγουσιν

63 831 132 858 οἶδε.
158 829 230 857 Εἶεν.
251 830 360 857 Πολλῶν
374 830 402 856 δὲ
419 830 528 864 θρήνων
543 828 616 861 ἄξιος
632 829 739 859 τούτοις
756 828 849 861 φαίνε-

64 885 109 902 ται
134 877 238 907 ἐκεῖνος
258 876 378 910 μάλιστα
405 875 524 908 πάντων,
551 875 566 901 ὁ
589 875 659 909 μήτε
685 873 721 900 ὣν
747 872 848 907 ἀγαθὸς

65 921 159 951 αὐτὸς,
172 922 219 947 καὶ
237 922 294 951 τοῖς
314 921 422 951 πολλοῖς
439 920 655 954 λυμαινόμενος,
670 919 716 944 καὶ
728 918 761 944 δι’
775 919 848 944 ὲντε-
865 911 884 937 Β

65 966 174 1000 λέχειαν
201 966 328 1001 πράξεων
356 965 502 1000 μοχθηρῶν
523 966 586 1000 μήτ’
611 965 711 990 ἐθέλων
729 963 847 998 χρηστὸς

63 1013 203 1045 γενέσθαι,
223 1013 292 1048 μήτε
316 1013 466 1046 δυνάμενος
491 1012 605 1046 ἀμεῖψαι
629 1010 707 1045 τήνδε
722 1010 769 1044 τὴν
791 1009 847 1041 ἕξιν

63 1060 135 1093 πρός
150 1068 178 1084 τι
193 1059 247 1085 τῶν
263 1057 466 1092 ὲὴαινουμένων
486 1065 515 1082 τε
533 1057 581 1082 καὶ
589 1055 692 1082 καλῶν.
709 1052 792 1085 Οὗτος
803 1063 848 1080 κο-

66 1104 132 1139 μιδῇ
148 1103 234 1138 κακίᾳ
258 1102 408 1136 σύντροφος
421 1100 468 1133 ὢν,
490 1101 565 1136 παρὰ
580 1101 630 1134 μὲν
643 1099 697 1125 τῶν
715 1099 846 1125 ἐλεεῖται*

62 1150 137 1183 λέγω
160 1150 203 1183 δὴ,
221 1149 275 1175 τῶν
297 1148 347 1174 οὐκ
364 1148 455 1178 ἐλέους
480 1147 573 1178 ἀξίων,
600 1146 659 1172 ἀλλ’
680 1145 826 1179 ἐγκωμίων
841 1152 847 1159 ·

63 1195 141 1230 παρὰ
166 1194 196 1220 δὲ
219 1194 274 1220 τῶν
290 1194 429 1227 μισεῖται·
444 1192 500 1218 τῶν
516 1191 632 1226 μισητέα
648 1189 850 1225 διαπραττομέ-

63 1251 130 1275 νων,
154 1241 203 1268 καὶ
230 1240 383 1275 μισούντων
411 1239 544 1271 ἑαυτοὺς,
567 1238 592 1263 εί
612 1237 664 1263 καὶ
692 1235 846 1270 παραδοξον

65 1287 167 1313 εἰπεῖν.
191 1284 222 1312 ’0
246 1284 300 1319 γὰρ
323 1278 452 1315 καθάπαξ
481 1282 597 1317 πονηρὸς
612 1281 754 1316 ἄνθρωπος
781 1281 849 1313 πρὸς

65 1332 105 1366 τῷ
130 1332 188 1362 τοῖς
210 1331 310 1358 ειδόσιν
337 1330 418 1356 αὐτὸν
442 1329 581 1364 μισεῖσθαι
597 1329 644 1355 καὶ
657 1326 848 1354 διαϐάλλεσθαι

66 1378 114 1404 καὶ
129 1376 218 1412 ἑαυτῷ
235 1376 350 1412 μισητός
366 1376 437 1409 ἔστι,
453 1375 552 1411 τρόπον
569 1375 601 1410 δή
623 1382 685 1401 τινα
703 1373 848 1408 μισήσαντι

66 1423 106 1458 τῷ
134 1422 268 1449 συνειδότι
293 1421 344 1456 τὴν
361 1421 514 1456 βδελυρίαν.
530 1420 620 1452 "Am;
637 1420 693 1454 γὰρ
707 1418 849 1453 ἄνθρωπος

64 1469 97 1495 τὸ
116 1468 244 1503 πονηρὸν,
271 1469 309 1499 ὡς
337 1467 476 1502 ἀλλότριον
492 1467 519 1502 (ὴ
535 1467 587 1502 γὰρ
607 1465 691 1492 κακία
707 1463 849 1500 θύραθεν),

67 1515 100 1542 οὺ
113 1515 226 1542 δύναται
243 1513 280 1549 μὴ
298 1514 399 1549 μισεῖνθ
420 1513 513 1549 ὥσπερ
525 1513 573 1539 καὶ
587 1512 636 1548 τὴν
650 1511 760 1548 ἀρετὴν,
775 1512 850 1537 ἐπει-

901 296 957 321 tur,
983 297 1034 316 nec
1050 288 1236 322 voluptatibus
1262 287 1410 320 iuliiareut,
1429 295 1479 314 nec
1496 287 1577 313 vitam
1597 288 1684 322 ipsam

901 336 1023 362 honestae
1049 333 1128 361 fama:
1144 337 1350 368 anteponerent.
1369 333 1406 360 Ea
1419 340 1483 360 vero
1492 333 1600 360 virtutis
1615 329 1694 359 raini‘

901 381 1010 416 quidam
1035 385 1110 413 sunt,
1125 387 1185 415 qua:
1207 387 1336 414 germane
1361 387 1391 407 se
1405 379 1496 413 politis
1511 387 1565 407 non
1584 379 1632 406 abs
1655 388 1683 405 ie

901 427 1028 455 sudorem
1040 426 1144 454 fruetus
1152 425 1318 453 immortales
1327 426 1538 458 conservaverit,
1549 433 1610 451 cum
1627 426 1684 459 ipsa

903 474 978 507 prius
990 473 1024 500 sit
1037 473 1182 507 ejusmodi.
1195 471 1368 500 Virtusenim
1384 479 1427 499 res
1442 471 1606 498 immortalis
1626 477 1680 497 esi.

937 519 958 545 Α
974 518 1053 545 bonis
1067 525 1132 552 ergo
1143 517 1209 544 viris
1221 519 1268 552 qui
1284 517 1352 544 bene
1366 517 1457 544 vivere
1472 518 1593 551 cupiunt,
1610 525 1686 543 acce-

901 563 982 591 dente
998 563 1130 597 sapientia
1145 567 1171 588 et
1186 563 1320 594 doctrina,
1335 570 1395 597 quae
1410 568 1481 589 recte
1492 563 1543 589 hoc
1560 563 1683 595 ipsorum

901 608 1067 636 desiderium
1086 608 1118 635 ad
1141 608 1221 635 finem
1242 612 1365 642 optatum
1396 610 1542 642 perducere
1555 612 1685 642 possunt,

901 653 983 680 facile
1009 654 1081 688 quod
1099 658 1244 687 cognatum
1261 659 1316 686 est,
1335 658 1382 680 aut
1409 662 1498 683 secus,
1516 656 1681 688 agnem-itur.

900 700 935 726 At
954 700 999 733 qui
1019 700 1164 734 participes
1185 700 1254 731 boui.
1269 707 1321 727 non
1348 706 1423 732 sunt,
1452 700 1484 727 iis
1511 700 1567 727 ha-c
1582 700 1684 735 agnitio

901 752 996 778 parum
1015 744 1101 771 facilis
1116 749 1156 771 est
1171 748 1197 771 et
1211 745 1336 778 expedita
1353 753 1360 772 :
1374 752 1429 778 quo
1448 745 1475 771 fit
1491 749 1520 771 ut
1535 752 1616 779 quem
1633 745 1682 778 ipsi

901 790 1011 817 beatum
1041 791 1199 825 pia‘dicant.
1227 791 1299 817 hunc
1328 791 1366 817 illi
1382 791 1512 818 miserum
1529 795 1642 824 putent;
1657 795 1684 817 et

900 837 972 870 quod
1002 837 1038 863 illi
1063 837 1243 867 admirantur.
1269 837 1295 863 hi
1320 837 1433 870 fugiant.
1451 838 1488 863 .\c
1503 837 1537 863 sit
1554 837 1590 863 ita
1606 844 1682 863 sane.

900 882 992 910 Multis
1005 888 1096 909 autent
1112 883 1238 918 lacrymis
1254 883 1351 916 dignus
1369 883 1410 909 his
1426 883 1547 908 oniniuui
1563 883 1682 910 maxime

901 929 1006 955 videtur
1017 936 1086 960 esse,
1098 929 1145 963 qui
1162 935 1211 955 nec
1223 929 1280 962 ipsi:
1298 929 1384 955 lt-inttS
1397 935 1448 961 est,
1467 933 1493 954 et
1506 929 1606 954 inultos
1617 935 1683 954 eor-

901 974 1012 1008 runipit,
1025 981 1056 1000 ac
1073 979 1184 1008 propter
1199 974 1351 1000 facinorum
1366 974 1522 1000 vitiosoi-um
1539 973 1686 1000 assiduita-

900 1024 965 1050 tem,
994 1027 1081 1054 neqite
1109 1020 1165 1046 fieri
1191 1020 1247 1046 vult
1262 1020 1358 1052 bonus,
1379 1027 1465 1053 neque
1494 1024 1598 1046 iutitare
1610 1019 1685 1046 hunc

899 1065 1024 1092 ltabituut
1041 1066 1067 1091 iit
1085 1065 1250 1092 laudabilem
1275 1074 1305 1091 ac
1320 1065 1479 1098 pi'mclaruin
1509 1069 1606 1098 potest.
1635 1063 1685 1091 llic

899 1106 1039 1136 vitiositati
1051 1117 1166 1144 prorsus
1180 1109 1341 1141 innutritus,
1357 1110 1390 1135 ah
1406 1109 1447 1136 his
1459 1103 1680 1137 commiseratio-

900 1162 960 1182 nem
975 1155 1101 1190 impetrat
1114 1155 1157 1190 (de
1173 1155 1225 1182 illis
1238 1155 1344 1189 loquor,
1364 1155 1409 1189 qui
1426 1163 1480 1182 non
1497 1155 1684 1185 miseratione,

907 1201 954 1228 sed
970 1201 1095 1228 laudibus
1116 1201 1189 1236 digiti
1203 1201 1289 1235 sunt),
1308 1201 1360 1227 illis
1374 1201 1401 1228 in
1420 1202 1482 1227 odio
1494 1206 1545 1233 est,
1560 1202 1604 1235 qui
1622 1202 1686 1226 oiiio

903 1247 1032 1273 nimirum
1054 1247 1137 1281 digna
1161 1252 1303 1281 peragunt.
1319 1256 1349 1273 ac
1364 1247 1467 1280 seipsos
1483 1247 1606 1277 oderunt,
1621 1247 1685 1272 licet

900 1292 951 1321 hoc
974 1293 1046 1319 dictu
1061 1294 1188 1327 quiddam
1218 1301 1316 1319 novum
1347 1293 1381 1320 sit
1394 1298 1419 1320 et
1435 1293 1565 1319 insolens.
1595 1291 1682 1318 llonio

901 1345 1017 1372 namque
1038 1346 1152 1372 prorsus
1181 1339 1331 1372 ltllpl'olms,
1359 1343 1537 1373 prmterquazn
1564 1337 1635 1372 quod
1650 1337 1686 1364 iis

900 1384 1000 1418 quibus
1010 1389 1052 1412 est
1063 1389 1154 1418 notus,
1166 1385 1192 1411 in
1203 1385 1265 1412 odio
1279 1389 1320 1411 est
1331 1389 1357 1412 et
1370 1385 1586 1419 reprelienditur,
1599 1384 1682 1410 etiam

901 1430 958 1465 ipse
984 1438 1012 1457 se
1038 1431 1118 1457 modo
1142 1431 1258 1465 quodam
1278 1431 1347 1462 oditI
1360 1438 1420 1457 cum
1433 1431 1492 1464 ejus
1514 1430 1686 1457 conscientia

901 1476 1081 1504 sceleritatein
1106 1477 1169 1503 (talio
1190 1483 1381 1511 persequatur.
1404 1477 1426 1503 Ο
1439 1478 1499 1503 unis
1516 1477 1586 1503 enim
1601 1477 1682 1503 homo

895 1523 973 1558 .quod
986 1523 1139 1557 improbum
1152 1527 1205 1555 est,
1230 1524 1303 1550 velut
1320 1524 1438 1549 alieniu-
1469 1523 1595 1555 quiddam
1611 1522 1687 1557 (nam

66 1562 117 1589 δὰν
131 1561 218 1596 αὐτὴν
233 1560 325 1592 καλῶς
339 1559 488 1596 καταμάθῃ
510 1558 613 1594 ἀγαθὸν
626 1558 673 1585 καί
687 1556 711 1584 οῐ
727 1558 848 1592 γνήσιον,

902 1569 1019 1596 extraria
1033 1569 1166 1596 vitiositas
1177 1569 1240 1602 est),
1255 1577 1307 1595 non
1323 1573 1410 1602 potest
1422 1576 1473 1594 non
1485 1568 1576 1594 odisse
1590 1576 1597 1595 :
1611 1568 1682 1594 sicut

67 1608 98 1634 οὐ
124 1606 242 1634 «δύναται
267 1605 305 1640 μὴ
322 1603 423 1640 φιλεῖν.
445 1605 476 1632 '0
492 1605 581 1632 τοίνυν
605 1603 742 1639 μοχθηρίᾳ
761 1603 850 1635 συζῶν
871 1622 875 1626 .

67 1653 181 1684 ἀτόπως
201 1652 272 1687 ἄγαν
293 1651 442 1683 διάκειται,
459 1653 519 1683 ταῖς
540 1651 662 1686 γνώμαις
678 1649 738 1686 δίχα
753 1649 850 1684 rapve-

70 1709 162 1736 μενος,
175 1699 225 1726 καὶ
243 1698 395 1726 κινδυνεύει
416 1698 446 1725 τὸ
460 1698 519 1724 κατ’
537 1696 617 1724 αὐτὸν
635 1697 776 1731 αἰνίγματι
797 1697 851 1723 ἔοι-

67 1746 157 1778 κιναι,
173 1745 289 1780 φιλεῖτε
306 1745 360 1779 γὰρ
378 1744 437 1779 ἃμα
451 1743 544 1777 αὑτὸν,
568 1742 607 1778 τῷ
637 1742 676 1777 μὴ
695 1742 745 1777 τὴν
768 1742 850 1776 φύσιν

67 1792 244 1830 ἀρνήσασθαι
259 1790 403 1824 δύνασθαι,
424 1790 472 1818 καὶ
486 1789 587 1825 τρόπον
600 1788 694 1824 ἓτερον
712 1789 787 1823 μισεῖ
805 1788 851 1815 διὰ

66 1841 118 1876 τὴν
132 1838 241 1874 φαύλην
254 1836 429 1873 προαίρεσιν,
446 1837 494 1864 καὶ
510 1835 583 1871 ζωὴν
606 1835 758 1870 μετάμελον
781 1835 853 1861 ἑκεί-

67 1895 106 1922 νῳ
123 1884 316 1920 παρεχομινην
339 1883 413 1910 ἕλκει
428 1882 572 1917 διηνεκῶς.
591 1881 627 1908 Tit
646 1881 707 1916 γὰρ
721 1880 759 1915 μὴ
779 1881 852 1909 κατὰ

69 1931 165 1967 καιρὸν
184 1931 280 1966 χάριεν
303 1929 400 1956 λυπεῖν
425 1928 534 1962 ἀνάγκη
553 1926 711 1963 μετέπειτα.
729 1926 851 1960 Λήξαντι

69 1979 122 2012 γὰρ
148 1975 292 2003 ἀκολουθεῖ
308 1973 474 2006 τούναντίον,
488 1972 559 1999 κατὰ
574 1972 716 2000 Πλάτωνα,
732 1971 787 1998 Καὶ
803 1970 850 1997 τοῦ

70 2023 147 2058 ἡδέος
159 2022 190 2049 τδ
204 2021 327 2056 λυπηρὸν
340 2019 545 2055 διαρκέστερον.
555 2019 658 2044 Ἐκεῖνο
674 2018 724 2052 μὶν
743 2017 795 2052 γὰρ
810 2017 851 2052 τῷ

71 2068 121 2103 βίῳ
136 2066 225 2102 τούτῳ
239 2065 412 2100 συντελευτᾷ,
434 2064 467 2100 ἣν
483 2065 530 2091 ἐπὶ
549 2064 682 2099 μήκιστον
705 2062 772 2098 ἔλθῃ
784 2063 849 2098 χρό·

71 2122 124 2141 νον·
138 2113 169 2140 τὸ
187 2113 215 2140 δὶ
238 2112 342 2139 λυποῦν
366 2111 578 2146 συμπαραμένει
593 2111 626 2145 τῇ
653 2109 737 2144 ψυχῇ.
758 2110 851 2141 Οὕτως

71 2160 230 2195 ἀσύμφορον
254 2159 284 2185 τὸ
305 2158 401 2191 κακὸν,
418 2158 490 2191 λέγω
504 2157 536 2192 δὴ
550 2157 582 2183 τὸ
599 2157 654 2187 τοῖς
669 2157 762 2187 κακοῖς
778 2157 852 2191 ἡμᾶς

72 2206 168 2237 αὐτοὺς
187 2204 330 2232 ὲκδιδὸναι.
351 2204 382 2230 El
404 2203 441 2238 μὴ
466 2203 520 2238 γὰρ
538 2202 655 2237 ἐμαυτὸν
671 2201 779 2236 ἐκδοίην
794 2202 852 2231 τοῖς

70 2252 118 2279 οὐκ
132 2251 286 2286 ὀνήσουσιν,
302 2249 352 2275 οὐκ
375 2248 408 2275 ἂν
421 2249 512 2274 ἐκεῖνα
527 2248 637 2274 δύναιτο
660 2247 802 2282 βλάπτειν.
819 2246 850 2273 '0
864 2240 886 2268 (Ῐ

73 2299 162 2332 μέντοι
176 2296 294 2332 χρηστὸς
309 2295 452 2329 ἄνθρωπος
468 2294 538 2327 φιλεῖ
557 2293 605 2328 μὲν
626 2293 754 2328 καθαρῶς
770 2292 852 2320 αὑτὸν

70 2344 118 2378 τῆς
131 2343 197 2378 περὶ
212 2342 246 2368 τὰ
268 2341 422 2376 πράγματα
446 2339 568 2373 γνώμης,
590 2339 720 2374 ἡδόμενος
743 2338 774 2365 δὲ
789 2339 850 2365 δια-

70 2390 142 2415 τελεί
155 2387 254 2423 ἡδονὴν
271 2388 320 2413 σὺν
335 2386 374 2420 τῷ
390 2385 466 2420 καλῷ
483 2385 539 2416 τοῖς
558 2385 605 2419 τῆς
621 2384 772 2419 εὐθύτητος
787 2385 850 2420 τρό-

71 2443 143 2465 ποις.
157 2435 193 2460 Οὐ
206 2433 352 2467 διαιρεῖται
365 2433 428 2462 τοὺς
444 2431 602 2466 λογισμοὺς,
614 2430 708 2465 ὥσπερ
721 2432 735 2456 ὁ
750 2430 852 2464 φαῦλος

71 2481 182 2510 ἐκεῖνος·
200 2477 257 2504 ἀλλ’
273 2477 345 2503 ἐστιν
363 2477 377 2502 ὁ
390 2475 471 2506 αὐτος
484 2475 538 2508 ἀεὶ,
561 2475 606 2501 καὶ
621 2475 721 2510 ἑαυτῷ,
735 2475 852 2507 καὶτοῖς

71 2523 153 2550 είδὸσῑ
169 2523 314 2558 σύμφωνος
340 2522 388 2548 ὢν.
413 2519 460 2552 Οἷς
487 2521 541 2555 γὰρ
558 2520 730 2555 θαυμάζουσι
743 2521 850 2553 τοῦτον,

70 2569 119 2603 τὴν
132 2567 212 2599 δόξαν
228 2566 302 2601 αὐτῷ
315 2566 485 2593 πιστοῦνται.
503 2566 558 2591 Καὶ
578 2566 631 2600 μὴν
646 2566 659 2592 ὁ
675 2566 763 2592 πάντα
783 2567 852 2601 ἀγα-

70 2614 115 2646 θὸς
137 2613 236 2648 φθόνου
264 2613 313 2648 μὲν
335 2611 470 2645 ἁνώτερος
486 2612 598 2646 ἕστηκε,
618 2611 713 2646 μίσους
728 2612 756 2638 δὲ
773 2612 850 2644 ὲχτὸς

71 2662 140 2693 ἐστι,
161 2660 209 2687 καὶ
231 2659 339 2686 οίανοῦν
359 2659 508 2693 ἀπέχθειαν
530 2659 595 2693 παρ’
610 2658 699 2685 οὐδέσι
722 2659 851 2694 κέκτηται

70 2705 124 2732 τῶν
145 2706 356 2740 σωφρονούντων
382 2704 552 2738 ἀνθρώπιον·
581 2705 641 2731 ἀλλ’
665 2704 721 2739 ἔχει
748 2705 852 2736 πάντας

70 2750 134 2786 ἑξῆς
149 2750 270 2781 ἐκείνους
285 2750 330 2776 καὶ
348 2750 526 2785 βουλομένους
538 2751 585 2776 καὶ
599 2751 765 2784 εὐχομένους
778 2751 851 2786 αὐτῷ

69 2798 103 2822 τὰ
120 2794 252 2822 κάλλιστὰ
273 2803 302 2821 τε
318 2797 365 2822 καὶ
383 2795 536 2830 τιμιώτατα
552 2796 596 2822 διὰ
613 2796 663 2830 τὴν
680 2796 728 2830 τῆς
748 2798 852 2832 ἀρετῆς

71 2842 240 2876 τελειότητα,
267 2842 284 2877 ἡ
313 2850 344 2869 τε
368 2842 456 2877 τούτῳ
472 2843 595 2876 γίγνεται
616 2844 728 2877 κόσμος,
745 2845 792 2870 καὶ
806 2845 851 2879 ὑφ’

73 2883 103 2913 ὦ
114 2886 144 2914 τδ
160 2887 217 2914 ⁸ἔσον
233 2886 301 2923 αὕτη
315 2887 461 2923 λαμὸἀνει.
484 2888 538 2916 Καὶ
551 2889 580 2915 τὸ
599 2889 632 2924 δὴ
648 2889 778 2924 μέγιστον
801 2891 849 2917 καὶ

902 1619 929 1642 et
942 1615 1054 1645 virtute,
1082 1618 1259 1648 posteaquam
1277 1619 1349 1640 recte
1366 1613 1525 1647 cognoverit
1548 1622 1606 1640 eam
1622 1620 1683 1639 esse

900 1661 1001 1688 bonum
1015 1660 1165 1695 quidpiam.
1178 1660 1284 1693 sibique
1295 1663 1450 1692 cognatum.
1464 1666 1516 1692 non
1527 1663 1612 1692 potest
1629 1666 1682 1684 non

900 1714 994 1733 aniore
1022 1705 1161 1740 prosequi.
1179 1705 1230 1738 Qui
1247 1712 1313 1739 ergo
1328 1703 1487 1731 vitiositatis
1512 1708 1553 1730 est
1565 1704 1637 1730 velut
1655 1703 1681 1729 in
1710 1709 1713 1711 '
1754 1705 1760 1711 ‘

899 1752 1092 1784 contubernio,
1120 1751 1190 1778 miro
1210 1751 1328 1785 quodam
1342 1756 1366 1778 et
1381 1750 1500 1776 absurdo
1518 1748 1631 1776 affectus
1645 1754 1686 1775 est

901 1797 993 1830 modo,
1019 1805 1080 1824 cum
1099 1796 1242 1824 sententiis
1274 1796 1357 1823 animi
1383 1795 1508 1822 bifariam
1523 1795 1682 1822 seindatur:

901 1842 1024 1876 adeoque
1039 1849 1133 1876 parum
1146 1842 1232 1874 abest,
1243 1845 1312 1876 quod
1328 1841 1415 1875 ipsum
1428 1841 1534 1870 attinet.
1544 1840 1608 1874 quin
1621 1840 1686 1867 aeni—

902 1888 982 1922 gmati
998 1887 1094 1914 similis
1109 1888 1153 1914 sit.
1167 1886 1232 1914 Nam
1245 1886 1326 1914 simul
1341 1886 1458 1920 seipsuui
1477 1891 1502 1912 et
1514 1885 1681 1920 diligit,cutn

902 1937 1026 1960 naturam
1039 1932 1152 1959 inficiari
1164 1937 1289 1966 nequeat,
1302 1937 1328 1958 et
1339 1931 1392 1958 alio
1404 1931 1483 1961 modo
1492 1931 1607 1965 quodam
1616 1931 1683 1962 odit,

902 1978 1050 2007 voluntatis
1062 1985 1153 2013 pravze
1169 1986 1271 2011 causa;
1289 1978 1426 2012 vitamque
1451 1981 1580 2012 perpetuo
1596 1977 1686 2011 pinni-

902 2026 1013 2054 tentiam
1026 2026 1050 2053 ei
1066 2025 1216 2059 parientem
1231 2025 1327 2060 exigit.
1341 2023 1408 2050 Nam
1426 2024 1495 2057 quod
1513 2024 1611 2050 bonum
1630 2031 1685 2049 non

902 2078 953 2105 est,
981 2079 1034 2106 quo
1053 2076 1174 2105 tempore
1200 2071 1348 2104 peragitur,
1366 2070 1392 2096 id
1416 2070 1544 2103 deinceps
1561 2069 1684 2096 dolori-ut

902 2118 994 2152 gignat
1017 2123 1129 2144 necesse
1147 2121 1207 2148 est;
1228 2121 1370 2150 postquam
1387 2115 1458 2142 eitim
1483 2114 1574 2147 desiit,
1594 2112 1683 2141 δῖνοι-’-

903 2170 962 2189 sunt
980 2162 1112 2196 sequitur,
1131 2166 1160 2188 ut
1177 2161 1216 2187 ait
1241 2160 1326 2188 Plato.
1345 2160 1379 2187 Et
1398 2160 1474 2186 dolor
1489 2160 1626 2193 voluptate
1636 2161 1686 2186 du-

904 2207 1017 2234 rabilior
1027 2210 1078 2234 est.
1094 2206 1155 2233 llzee
1172 2206 1244 2232 enim
1259 2213 1320 2233 eum
1333 2206 1384 2232 hac
1396 2205 1450 2232 vita
1468 2205 1577 2237 desinit,
1591 2205 1613 2232 si
1625 2213 1684 2231 ma-

905 2249 976 2276 xime
1000 2250 1161 2276 diuturnum
1189 2253 1296 2284 tempus
1310 2249 1443 2284 attingat;
1473 2253 1500 2275 at
1517 2256 1580 2276 vero
1608 2249 1687 2275 dolor

903 2303 964 2322 cum
978 2295 1035 2330 ipso
1049 2296 1129 2322 durat
1139 2294 1239 2322 animo.
1250 2293 1342 2329 Usque
1354 2294 1422 2321 adeo
1435 2293 1544 2320 noxium
1560 2298 1600 2321 est
1611 2295 1683 2328 quod

903 2341 1003 2368 malum
1014 2341 1063 2368 hoc
1072 2346 1124 2372 est,
1141 2341 1214 2367 vitiis
1231 2343 1335 2367 nosmet
1360 2340 1485 2367 addicere
1500 2347 1507 2366 :
1521 2339 1619 2373 quippe
1631 2341 1684 2366 nisi

903 2388 1036 2421 meipsum
1052 2387 1207 2414 addicerent
1221 2394 1274 2413 non
1292 2386 1453 2421 profuturis,
1464 2385 1507 2412 illa
1529 2393 1572 2412 me
1587 2386 1683 2412 lilde'l't)

904 2432 978 2459 ttullo
992 2432 1077 2459 modo
1093 2435 1215 2466 possent.
1231 2431 1322 2458 Bonus
1334 2437 1423 2458 autent
1441 2431 1517 2457 tiret
1529 2431 1617 2465 diligit
1628 2432 1683 2458 sino

904 2484 966 2503 cere
984 2476 1114 2510 seipsunt.
1135 2481 1247 2510 propter
1262 2475 1288 2501 id
1304 2475 1337 2502 de
1363 2475 1444 2502 rebus
1459 2474 1611 2509 judicium.
1628 2484 1684 2510 quo

906 2522 1034 2557 pra‘ditus
1055 2526 1106 2554 est,
1120 2526 1147 2548 et
1159 2522 1295 2555 voluptate
1312 2524 1440 2555 perpetua
1452 2519 1549 2547 fruitur
1560 2527 1620 2548 cuin
1636 2522 1686 2548 lin-

904 2573 992 2599 ucsto,
1007 2574 1056 2593 nec
1073 2567 1132 2594 sine
1155 2567 1221 2594 recti
1239 2566 1361 2598 ratione;
1382 2572 1435 2592 non
1462 2565 1536 2592 illius
1568 2567 1685 2600 improbi

903 2620 980 2640 more
1005 2612 1216 2647 cogitationibus
1241 2612 1382 2645 dividitur,
1416 2611 1462 2639 sed
1490 2618 1598 2646 semper
1611 2612 1682 2639 idem

903 2663 953 2690 est.
970 2665 1051 2693 atque
1064 2663 1118 2685 tant
1141 2665 1233 2685 secum
1250 2657 1310 2692 ipse
1330 2665 1411 2693 quam
1424 2665 1497 2685 'cum
1514 2658 1566 2689 iis.
1585 2659 1686 2693 quibus

903 2710 944 2732 est
959 2710 1049 2736 notus,
1067 2703 1214 2736 consentit,
1229 2704 1331 2739 quippe
1344 2705 1407 2731 dum
1424 2704 1562 2731 hominem
1584 2704 1621 2731 illi
1636 2705 1685 2732 ad-

905 2744 1048 2783 mirantur,
1061 2750 1221 2785 opinionem
1239 2749 1300 2784 ejus
1320 2750 1494 2777 confirmant.
1512 2749 1582 2783 Quin
1602 2751 1702 2777 etiam.

903 2798 1016 2824 omnino
1030 2797 1117 2824 bonus
1141 2796 1186 2823 ille
1217 2804 1301 2831 supra
1319 2804 1427 2824 omnem
1439 2797 1545 2831 positus
1561 2802 1602 2824 est
1616 2797 1687 2824 iovi—

904 2843 988 2875 diam,
1003 2847 1029 2869 et
1039 2843 1103 2870 odio
1115 2847 1202 2875 caret,
1222 2849 1274 2870 nec
1291 2843 1451 2870 inimicitias
1469 2843 1552 2870 ullius
1563 2843 1640 2878 probi
1656 2852 1689 2871 ac

905 2889 1022 2917 modesti
1045 2888 1164 2917 ltouilnis
1177 2889 1328 2924 experitur:
1347 2889 1395 2917 sed
1408 2896 1503 2917 omnes
1518 2890 1606 2918 bonos
1624 2898 1688 2925 erga
