1937 3078
268 206 322 240 419

854 205 1053 239 MANUELIS
1070 201 1295 236 PAL‘.£OI.OGI

1843 202 1897 237 42)

270 273 300 293 se
321 264 361 293 sic
377 263 489 292 aﬂectos
508 263 601 297 habet,
625 263 689 291 utei
707 268 762 290 tum
773 267 887 298 optima,
906 268 961 290 tum
975 263 1051 290 hone-

1112 263 1263 298 ὕπερφυὲς,
1279 261 1441 298 φιλούμενός
1452 262 1526 289 ἐστιν
1538 261 1617 294 οὗτος
1629 261 1679 296 οὐχ
1694 261 1783 297 ἐαυτῷ
1801 262 1896 298 μόνον,

270 310 392 337 stissima
407 316 522 344 quaeque
540 309 625 336 velint
637 313 664 336 et
679 312 790 343 optent,
805 307 841 335 ob
854 307 1051 343 perfectionem

269 357 390 387 virtutis,
413 363 473 390 quae
489 360 518 383 ιιι
532 355 570 382 illi
595 359 758 382 ornamento
769 359 821 388 est,
835 355 876 381 sic
893 359 920 381 et
938 354 996 389 ipsa
1011 354 1054 380 vi-

268 401 362 428 cissim
377 401 411 427 ab
423 407 456 427 eo
476 408 524 435 par
548 405 736 427 ornamentum
751 399 859 434 accipit.
885 399 964 432 Quod
978 399 1056 426 deni-

269 454 322 480 que
335 446 486 472 maximum
504 449 530 472 et
546 445 788 480 insignequiddam
808 449 860 478 est,
874 453 928 472 non
941 445 985 472 hic
998 453 1014 472 a
1025 452 1055 472 se

269 492 329 526 ipso
342 497 447 518 tantum
479 491 612 525 diligitur.
625 496 652 518 et
672 491 751 518 bonis
772 491 851 523 viris,
865 498 959 518 verum
972 492 1054 518 ctiam

268 538 363 570 malis;
393 546 444 564 nec
464 537 490 563 id
518 545 584 564 sane
609 537 958 569 ιηἰωηιρυειιιθᾱιιιοᾱιιιιι
973 537 1046 564 enim

270 584 350 610 homo
364 591 464 617 pravus
481 587 562 609 etiam
579 583 628 617 ipsi
646 583 699 610 sibi
712 587 753 610 est
765 584 828 610 odio
843 589 955 618 propter
969 583 1056 610 vitio-

268 630 387 661 sitatem,
398 630 494 656 eodem
506 629 587 656 modo
603 629 692 656 bonus
704 629 737 656 ab
749 630 881 664 improbis
890 637 999 664 quoque
1011 629 1053 656 di-

267 677 368 711 ligitur,
382 685 443 703 cum
460 677 494 703 ab
505 677 545 704 eis
561 677 622 704 talis
642 683 702 704 esse
718 677 885 711 conspicitur
902 677 990 711 qualis
1000 680 1053 704 est.

267 723 368 756 Nequit
383 726 475 749 autem
498 722 555 749 ﬁeri
573 727 603 749 ut
632 723 714 750 situm
740 730 821 757 supra
838 727 958 750 montem
974 723 1054 756 oppi-

268 769 331 795 dum
356 768 549 794 abscondatur.
571 766 630 793 Non
646 767 718 794 enim
745 767 880 802 permittit
894 767 965 793 Deus
980 770 1010 792 ut
1026 765 1053 792 in

268 813 376 840 occulto
404 813 491 840 virtus
511 812 643 847 patefacta
671 812 775 840 nemini
800 816 918 845 maneat,
941 819 1002 839 cum
1025 815 1055 838 ut

269 861 355 893 ipsum
367 859 471 885 honore
482 858 591 890 alliciat,
606 863 635 884 ut
644 858 772 893 equidem
785 858 915 890 arbitror,
925 863 953 886 et
966 857 1054 885 alum-

253 913 331 932 tnum
354 905 425 939 ejus,
445 909 501 932 tum
519 909 548 931 ut
561 912 657 932 omnes
685 905 718 932 ad
736 905 837 932 bonum
850 905 960 931 excitet.
974 904 1054 938 Cogit

266 952 339 978 enim
356 951 444 977 modis
457 950 585 977 omnibus
608 955 637 976 ut
651 950 763 991 domum
781 957 859 977 suam
877 950 999 976 convivis
1010 957 1054 976 re-

267 999 348 1033 pleat,
370 1005 404 1024 ne
424 997 457 1023 ab
483 996 530 1023 illo
545 996 644 1023 eximio
670 996 815 1030 quisquam
831 996 909 1030 epulo
926 995 1054 1023 exclusus

267 1044 349 1070 absit.
367 1043 450 1077 Atqui
468 1042 491 1068 si
507 1042 593 1068 virtus
613 1041 675 1069 aliis
689 1041 839 1076 pateﬁeret,
856 1049 906 1068 nec
924 1041 1054 1076 diligere-

266 1093 310 1116 tur
324 1097 339 1116 a
355 1095 503 1123 quoquam,
520 1095 569 1114 nec
578 1087 752 1114 admirationi
764 1090 848 1119 esset,
864 1087 950 1114 instar
960 1087 1055 1122 splen-

265 1135 355 1162 dentis
379 1134 450 1164 auri,
470 1133 541 1168 quod
561 1133 652 1159 adhuc
675 1137 755 1159 terra:
776 1133 939 1166 permistum
959 1136 1011 1164 est,
1027 1135 1054 1159 et

265 1188 378 1215 gemmae
393 1179 545 1214 pellucid.e,
559 1179 586 1205 in
604 1179 724 1205 tenebris
735 1179 794 1205 sita:
809 1187 815 1205 ε
839 1178 894 1205 imo
907 1178 999 1212 potius
1015 1185 1048 1205 ex

264 1234 306 1259 ea,
334 1233 507 1260 nequaquam
526 1225 554 1251 in
568 1224 686 1251 medium
703 1224 847 1258 producta,
867 1231 947 1250 nemo
966 1231 1045 1258 pror-

267 1279 316 1298 sus
329 1271 395 1298 lucri
411 1270 560 1305 quidquam
576 1277 674 1304 capere
687 1274 798 1304 posset;
810 1269 910 1303 quippe
921 1269 1054 1296 virtusin-

264 1317 358 1345 eﬂicax
375 1317 533 1344 omnicaret
546 1321 722 1348 ornamento,
737 1316 848 1351 quando
866 1323 899 1342 ne
911 1315 976 1350 lyrae
989 1315 1052 1350 qui—

264 1363 325 1390 dem
342 1367 414 1389 recte
428 1364 570 1389 instructae
586 1362 660 1388 ullus
675 1366 717 1388 est
738 1369 815 1393 usus.
830 1362 854 1389 si
869 1369 948 1389 nemo
959 1361 995 1389 sit
1007 1361 1052 1396 qui

264 1407 384 1434 chordas
411 1407 497 1441 perite
513 1406 612 1440 pulset.
631 1405 697 1432 Nam
709 1406 817 1441 egregia
835 1414 879 1434 res
894 1406 981 1434 virtus
998 1412 1050 1440 est,

264 1453 404 1486 egregith
420 1452 551 1486 quiddam
564 1452 672 1479 \‘irtulis
685 1452 793 1484 cultor;
816 1452 863 1479 sed
881 1452 999 1479 alterum
1013 1453 1052 1479 al-

267 1498 352 1525 terius
365 1499 468 1533 indiget
480 1517 487 1530 ,
501 1499 533 1526 ad
550 1507 646 1526 manus
663 1504 744 1533 atque
756 1499 876 1526 dolabrae
891 1499 1052 1527 similitudi~

267 1552 339 1572 nem.
357 1545 404 1572 Est
414 1550 503 1572 autem
517 1546 624 1580 proprie
633 1545 718 1572 virtus
730 1546 831 1572 bonum
843 1545 915 1580 quod
924 1553 938 1572 a
949 1546 1052 1574 sciente

1105 307 1152 333 καὶ
1172 308 1230 338 τοῖς
1249 307 1366 343 ἀνδράσι
1391 308 1448 338 τοῖς
1464 306 1590 340 ἀγαθοῖς,
1615 306 1683 334 ἀλλὰ
1708 307 1741 342 δὴ
1763 307 1812 334 καὶ
1838 309 1898 339 τοῖς

1105 354 1211 385 κακοῖς.
1239 354 1294 380 Καὶ
1317 353 1398 381 τοῦτο
1421 354 1452 381 οὺ
1470 353 1640 388 θαυμαστόν.
1661 354 1797 390 Καθάπερ
1811 354 1868 390 γὰρ
1881 356 1896 382 ὁ

1106 399 1227 433 πονηρός
1242 399 1388 434 ἄνθρωπος
1405 399 1454 426 καλ¹
1476 399 1566 434 ἐαυτῷ
1581 400 1696 435 μισητός
1711 401 1769 426 ἐστι
1781 400 1826 427 διὰ
1841 400 1894 435 τὴν

1104 445 1216 478 κακίαν,
1232 445 1338 472 τουτονὶ
1362 446 1409 472 τὸν
1431 444 1534 480 τρόπον
1547 445 1561 471 ὸ
1576 445 1680 479 ἀγαθὸς
1700 446 1747 472 καὶ
1764 445 1819 472 ὑπὸ
1836 446 1892 471 τῶν

1106 492 1217 525 φαύλων
1232 492 1352 526 φιλεῖται
1366 512 1372 524 ,
1391 492 1487 526 φανεὶς
1503 491 1619 523 ἐκεινοις
1632 489 1688 523 οἷός
1701 493 1786 519 ἐστιν.
1809 491 1892 519 Ἀδύ-

1105 545 1184 563 νατον
1204 536 1232 563 δέ
1256 537 1391 572 κρυϐῆναι
1412 536 1506 568 πόλιν,
1525 537 1619 563 ἐπάνω
1641 537 1721 572 ὅρους
1746 537 1889 571 κειμένην.

1112 582 1142 609 '0
1157 583 1212 617 γὰρ
1227 583 1294 615 Θεὸς
1308 584 1357 618 τὴν
1372 583 1473 619 ἀρετὴν
1487 584 1537 611 οὐκ
1553 584 1740 611 ἀνεπίδεικτον
1753 582 1892 617 συγχωρεῖ

1106 629 1211 664 μένεινο
1227 629 1313 664 αὐτήν
1323 638 1364 662 τε,
1380 628 1467 664 οἴμαι,
1480 629 1580 665 τιμῶν,
1598 630 1646 656 καὶ
1664 630 1710 656 τὸν
1723 629 1810 664 αὐτῆς
1828 629 1889 663 τρό-

1106 683 1201 710 φιμον,
1232 675 1280 701 καὶ
1303 675 1372 709 πρός
1391 683 1423 709 γε
1444 675 1484 702 ἐτι
1500 675 1669 710 παρακαλῶν
1683 675 1724 706 είς
1738 675 1768 701 τδ
1782 675 1888 708 ἀγαθὶν

1105 721 1239 752 ἅπαντας.
1264 720 1427 754 Ἀναγκάζει
1456 721 1511 756 γὰρ
1536 722 1626 748 πάντα
1643 722 1756 754 τρόπον,
1783 721 1817 746 ἶν’
1833 721 1884 754 ἐμ-

1104 765 1196 800 πλήσῃ
1209 765 1380 799 δαιτυμόνων
1392 765 1467 800 αὐτῷ
1491 766 1537 792 τὸν
1562 764 1647 799 οἷκον,
1661 766 1699 796 ὡς
1715 765 1816 800 μηδένα
1832 773 1893 791 στε-

1106 810 1226 846 ρηθῆναι
1259 811 1309 845 τῆς
1326 811 1411 846 καλῆς
1430 811 1532 846 θοίνης.
1548 812 1603 838 Καὶ
1623 812 1676 847 μὴν
1704 811 1728 837 εἰ
1754 811 1892 837 ave-1:165:—

1108 864 1173 887 κτος
1198 854 1271 891 ἦν’-ἡ
1287 856 1382 891 ἀρετὴ,
1397 855 1453 882 οὔτ’
1476 856 1509 883 ἂν
1531 857 1602 888 ὅλως
1628 857 1757 890 ἐφιλεῖτο,
1783 856 1842 882 οὔτ’
1859 856 1891 882 ἄν

1107 899 1279 934 ἐθαυμάζετο
1301 903 1367 935 παρ’
1380 900 1535 927 οὑτινοσοῦν
1561 901 1616 927 τῶν
1645 901 1891 935 ἀπάντων·ῶσπερ

1070 934 1089 961 Β
1105 946 1154 971 καὶ
1170 946 1274 981 χρυσὸς
1300 934 1428 981 λαμπρὸς
1441 966 1449 979 ,
1473 948 1507 981 τῇ
1532 948 1567 982 γῇ
1594 947 1748 981 φυρόμενος
1766 946 1827 978 ἐτι,
1845 934 1893 972 καὶ

1104 991 1241 1026 διαφανής
1260 1000 1303 1023 τις
1326 991 1411 1024 λίθος,
1428 993 1457 1018 ἐν
1481 992 1571 1018 σκότει
1585 993 1723 1027 κείμενος.
1742 992 1852 1019 Μᾶλλον
1865 991 1894 1018 εδ

1104 1037 1161 1063 οὐδ’
1180 1037 1212 1063 ἂν
1231 1034 1271 1069 εἷς
1290 1035 1364 1072 εἶχεν
1384 1037 1412 1070 ἐξ
1435 1038 1543 1073 ἐκείνης
1564 1038 1593 1064 τὸ
1616 1038 1747 1073 παράπαν
1761 1037 1893 1072 κερδᾶναί

1104 1090 1141 1114 τι,
1172 1083 1304 1118 μηδαμῶς
1328 1083 1564 1119 ὲπιδεδειγμένης.
1583 1084 1680 1119 Ἀρετὴ
1704 1084 1760 1118 γὰρ
1779 1084 1892 1119 ἀνενέρο

1104 1137 1187 1163 γητος
1202 1130 1377 1164 ἁμωσγέπως
1398 1129 1537 1164 ίᾶκοσμος.
1560 1130 1621 1157 Ὀτι
1640 1130 1686 1156 καὶ
1702 1130 1793 1161 καλῶς
1805 1131 1892 1165 ἡρμο-

1105 1173 1210 1208 σμένης
1237 1174 1323 1209 λύρας
1352 1173 1429 1200 οὐδὲν
1446 1174 1553 1208 ὄφελος,
1577 1174 1626 1201 τοῦ
1647 1175 1695 1206 τὰς
1719 1175 1818 1210 χορδὰς
1833 1174 1891 1210 μετ’

1104 1219 1263 1254 ἐπιστήμης
1281 1219 1441 1254 κινήσοντος
1461 1219 1597 1255 μηδαμῶς
1615 1220 1702 1251 ὄντος.
1724 1220 1816 1247 Καλὸν
1842 1220 1892 1256 μὲν

1104 1266 1158 1300 γὰρ
1177 1266 1194 1300 ἡ
1212 1265 1307 1301 ἀρετὴ,
1325 1265 1408 1292 καλὸν
1419 1259 1447 1292 δὲ
1459 1265 1587 1300 όταύτης
1601 1266 1721 1302 ἐργάτης
1733 1273 1740 1282 ·
1756 1266 1845 1293 δεῖται
1862 1266 1891 1293 δὲ

1103 1310 1229 1345 ἀλλήλων
1251 1311 1381 1347 ἑκάτερα,
1402 1311 1473 1338 κατὰ
1486 1311 1537 1347 τὴν
1548 1312 1600 1346 τῆς
1615 1312 1711 1347 ἀξίνης
1729 1321 1758 1338 τε
1773 1312 1823 1339 καὶ
1834 1321 1893 1347 χει-

1105 1356 1150 1392 ρὸς
1172 1356 1275 1384 εἰκόνα.
1297 1357 1384 1384 Τοῦτο
1398 1357 1428 1385 δέ
1444 1358 1503 1385 ἐστι
1523 1358 1627 1394 κυρίως
1642 1359 1659 1394 ἡ
1675 1359 1777 1395 ἁρετὴ,
1800 1360 1833 1386 τδ
1851 1360 1892 1386 δι-

1104 1403 1306 1438 ενεργούμενον
1319 1403 1421 1437 ἀγαθὸν
1435 1405 1507 1431 κατά
1515 1412 1548 1438 γε
1565 1404 1678 1439 γνῶσιν,
1690 1405 1736 1432 καὶ
1747 1404 1890 1440 πρόθεσιν,

1103 1450 1152 1476 καὶ
1165 1449 1234 1482 ἐξιν-
1250 1450 1299 1476 xui.
1318 1449 1445 1484 ἐνάρετος
1464 1450 1534 1485 ἀνὴρ
1552 1451 1566 1476 ὁ
1583 1449 1632 1485 τὴν
1651 1450 1753 1486 ἀρετὴν
1771 1451 1890 1486 νομίζων

1102 1495 1213 1523 πάντων
1240 1494 1353 1530 ἄριστον
1372 1492 1455 1528 εἶναι,
1478 1495 1528 1521 καὶ
1544 1495 1629 1530 φιλῶν
1647 1495 1679 1521 τὸ
1700 1496 1823 1530 ἄριστον,
1841 1497 1890 1522 καὶ

1103 1541 1190 1567 ποιῶν
1204 1541 1218 1567 ὅ
1234 1549 1265 1575 γε
1285 1541 1370 1579 φιλεῖ,
1390 1541 1436 1568 καὶ¹
1451 1541 1534 1577 ἡδέως
1548 1541 1628 1569 τοῦτο
1647 1542 1786 1577 πράττων.
1805 1540 1891 1575 οὗτος

264 1598 297 1617 ac
326 1591 461 1626 prudente
477 1599 510 1618 ex
532 1591 614 1618 animi
641 1591 781 1626 proposito
796 1596 822 1618 et
836 1592 927 1619 habitu
942 1592 1050 1627 perﬁci—

1106 1586 1244 1622 εὐδαίμων
1268 1587 1307 1619 ὡς
1327 1587 1444 1623 ἀληθῶς·
1464 1584 1542 1620 οὗτος
1559 1587 1679 1623 ζηλωτὸς
1704 1586 1734 1615 εὖ
1749 1589 1890 1623 φρονοῦσι·

264 1639 325 1667 tur;
344 1635 494 1670 itidemque
512 1636 551 1662 \‘ir
567 1635 699 1670 praeditus
720 1636 829 1668 t'irlule,
858 1636 905 1670 qui
922 1637 1049 1664 virtutem

263 1681 400 1708 existimat
433 1689 496 1709 esse
529 1689 586 1708 rem
619 1682 743 1708 omnium
781 1682 1049 1716 praestantissimam,

264 1728 392 1763 quodque
409 1728 672 1763 praestantissimum
689 1732 742 1760 est,
764 1728 862 1762 diligit,
878 1729 988 1762 etquod
1008 1728 1050 1755 di-

263 1775 333 1810 ligit,
360 1776 424 1802 facit
454 1782 487 1802 ac
510 1774 628 1802 libenter
652 1774 761 1809 quidem
792 1774 868 1801 facit.
895 1773 945 1801 llic
956 1781 1051 1802 revera

258 1821 363 1860 beatus
379 1825 432 1855 est,
450 1822 495 1849 hic
510 1826 584 1848 recte
597 1821 785 1856 judicantibus
799 1820 979 1848 admirabilis.
993 1821 1051 1848 Hoc

258 1872 304 1903 est
316 1875 377 1895 esse
388 1868 477 1894 virum
489 1875 497 1901 ;
516 1867 568 1894 hoc
582 1871 675 1895 nostra
689 1872 731 1895 est
743 1867 884 1902 perfectio,
894 1866 945 1894 hoc
954 1865 1047 1901 hujus-

263 1921 295 1939 ce
324 1913 387 1939 vitae
410 1913 544 1945 beatitas,
575 1913 704 1948 quoniam
729 1917 875 1948 augustum
899 1912 1050 1948 quiddam,

262 1958 393 1992 quoniam
424 1954 648 1992 tnagnuthuae
666 1959 688 1986 si
705 1966 769 1986 vera
788 1963 863 1990 sunt,
898 1967 954 1994 quo
970 1963 1051 1993 pacto

263 2011 318 2031 non
330 2004 461 2032 eximium
474 2005 602 2039 quiddam
619 2010 661 2032 est
674 2006 766 2036 homo,
779 2013 919 2032 sacrarum
930 2005 1052 2034 utLitte-

262 2058 356 2077 rarum
367 2050 460 2077 verbis
473 2055 545 2080 utar.
556 2050 602 2085 qni
613 2050 693 2077 bonis
701 2058 729 2078 se
738 2050 816 2078 factis
826 2051 954 2085 oblectat,
968 2059 1000 2079 ac
1010 2052 1051 2078 vi-

260 2097 366 2127 cissim.
387 2104 499 2131 pravum
517 2096 658 2131 quiddam,
683 2097 729 2131 qui
749 2097 925 2125 vitiositatem
934 2105 982 2132 pro
993 2096 1051 2132 ipsa

260 2143 337 2170 ducit
349 2144 412 2174 vita,
428 2149 490 2169 cum
503 2142 609 2169 invisus
632 2143 667 2170 sit
680 2148 706 2169 et
718 2143 909 2171 abominabilis
921 2144 1051 2171 omnibus

261 2189 307 2224 qui
319 2196 381 2216 eum
398 2193 554 2220 noverunt,
580 2193 607 2215 et
619 2194 741 2215 suasmet
758 2189 936 2224 cogitationes
952 2190 1052 2217 habeat

260 2235 336 2263 velut
359 2234 475 2267 indices,
495 2235 637 2269 ipsamque
658 2235 868 2266 conscientiam,
889 2235 1051 2270 incorrupte

1102 1633 1175 1660 τοῦτ’
1191 1634 1272 1668 ἀνὴρ,
1289 1633 1368 1660 τοῦτο
1387 1633 1526 1669 τελειότης
1548 1635 1565 1668 ἡ
1584 1634 1649 1670 παρ’
1663 1635 1741 1670 ἡμῖν,
1757 1637 1774 1671 ἡ
1800 1644 1891 1670 μακα-

1103 1680 1197 1715 ριότης
1214 1679 1261 1705 τοῦ
1277 1679 1341 1715 τῇδε
1362 1680 1420 1715 βίου
1431 1687 1438 1695 ·
1455 1681 1496 1707 ὅτι
1514 1681 1624 1716 σεμνὸν,
1639 1681 1679 1707 ὅτι
1698 1682 1780 1716 μέγα.
1797 1682 1892 1709 Καὶίεί

1102 1725 1189 1751 ταῦτα
1213 1725 1301 1760 ἀληθῆ
1314 1743 1323 1756 ,
1346 1725 1404 1757 πῶς
1432 1726 1463 1751 οὐ
1492 1726 1564 1760 μέγα
1581 1726 1738 1761 ἄνθρωπος,
1755 1728 1826 1754 κατὰ
1840 1728 1892 1762 τὴν

1102 1771 1227 1806 Γραφὴν,
1252 1770 1366 1806 ἀγαθοῖς
1388 1771 1480 1807 ἔργοις
1503 1773 1609 1807 χαίρων
1631 1781 1638 1805 ;
1657 1773 1713 1799 Καὶ
1732 1773 1890 1800 τούναντίον

1102 1815 1206 1852 ῳαῡλόν
1233 1825 1272 1849 τι,
1295 1817 1308 1843 ό
1335 1817 1387 1852 τὴν
1408 1817 1516 1844 κακίαν
1530 1818 1696 1853 ποιούμενος
1711 1819 1802 1854 ἐαυτῷ
1819 1819 1889 1854 βίονδ

1101 1862 1150 1900 ὢν,
1167 1863 1218 1898 μὲν
1245 1863 1468 1899 ἀπεχθανόμενος
1483 1865 1529 1892 καὶ
1551 1864 1694 1900 βδελυκτδς
1712 1866 1769 1896 τοῖς
1789 1865 1890 1892 ειδόσιν

1101 1909 1183 1935 αὑτὸν
1195 1908 1311 1943 ἅπασιν,
1324 1908 1364 1936 ὢν
1377 1909 1406 1936 δὲ
1418 1909 1466 1936 καὶ
1478 1910 1542 1942 τοὺς
1553 1909 1702 1945 λογισμοὺς
1718 1911 1889 1945 κεκτημένος

1102 1954 1198 1990 ὥσπερ
1215 1955 1358 1990 ἐλέγχους,
1383 1956 1430 1982 καὶ
1444 1955 1473 1982 τὸ
1490 1956 1610 1988 συνειδὸς
1626 1957 1738 1989 δικάζον
1751 1957 1889 1984 ἁδέκαστά

1101 2009 1131 2028 τε
1145 2001 1195 2028 καὶ
1208 2001 1398 2036 ἀπαραίτητα.
1418 1993 1483 2028 Ὀτε
1516 2001 1606 2028 τοίνυν
1619 2003 1698 2029 ταῦθ’
1715 2001 1802 2034 οὕτως
1817 2002 1887 2037 ἔχει,

1101 2047 1225 2082 δηλονότι
1243 2047 1351 2081 πέφυκε
1373 2046 1446 2079 ἅπας
1462 2047 1608 2082 ἄνθρωπος
1622 2044 1692 2075 εἶναι
1709 2047 1757 2082 μὲν
1774 2048 1889 2083 μισοπό-

1101 2100 1197 2127 νηρος,
1218 2089 1289 2119 εἶναι
1308 2092 1336 2119 δὲ
1353 2092 1500 2127 φιλόκαλος
1516 2101 1521 2109 ·
1542 2093 1588 2119 καὶ
1603 2093 1756 2128 συμφώνως
1779 2093 1888 2128 ἔχουσιν

1101 2137 1232 2169 ἅπαντες,
1247 2137 1289 2164 ὅτι
1305 2137 1388 2164 καλὸν
1407 2138 1423 2173 ἡ
1442 2137 1540 2172 ἁρετὴ,
1556 2139 1604 2164 καὶ
1619 2139 1705 2165 κακὸν
1719 2140 1736 2174 ὴ
1756 2139 1888 2174 πονηρία.

1103 2182 1170 2218 Περὶ
1185 2182 1215 2209 δὲ
1241 2183 1290 2214 τὰς
1307 2183 1412 2218 κρίσεις
1436 2182 1666 2218 διαμαρτάνουσι,
1685 2184 1733 2210 καὶ
1748 2184 1889 2219 διαιροῦν-

1102 2237 1148 2255 ται
1162 2229 1227 2260 τοὺς
1250 2229 1336 2263 βίους,
1359 2229 1438 2256 ἐνίων
1461 2230 1623 2264 ήγιυμένων
1638 2230 1669 2256 τὺ
1686 2231 1771 2257 κακὸν
1787 2232 1890 2264 ἀγαθὸν

261 2288 410 2316 severaque
423 2281 615 2315 iudicantem?
636 2280 765 2307 llzcccum
781 2281 817 2307 ita
835 2282 901 2315 sint,
918 2281 1046 2309 nimirum

1104 2273 1182 2308 εἶναι,
1197 2275 1236 2310 τῷ
1247 2276 1296 2306 τὰς
1318 2275 1418 2307 κακίας
1440 2277 1500 2307 ταῖς
1516 2278 1628 2310 ἀρεταῖς
1642 2278 1886 2312 παραπεπηγέναι,

260 2335 275 2354 a
289 2332 385 2354 natura
399 2329 439 2354 sic
450 2327 539 2354 omnis
554 2327 635 2354 homo
645 2331 820 2361 comparatus
833 2331 875 2353 est
889 2332 918 2353 ut
946 2327 1048 2362 impro-

259 2373 371 2400 bitatem
388 2373 489 2404 oderit,
502 2377 529 2399 et
549 2372 655 2399 honesti
672 2373 763 2399 studio
780 2377 921 2405 teneatur;
935 2380 1047 2400 omnes-

260 2426 315 2453 que
326 2419 514 2452 consentiunt,
529 2418 655 2444 virtutem
665 2425 726 2444 esse
738 2425 793 2444 rem
802 2417 901 2444 bonam
916 2422 942 2444 ει
951 2417 1052 2452 impro-

259 2463 382 2495 bitatem,
391 2465 501 2490 malam.
510 2461 693 2497 lnjudicando
703 2468 766 2488 vero
776 2460 919 2492 falluntur,
930 2460 1049 2487 diversa-

259 2516 314 2544 que
323 2509 428 2536 vivendi
439 2516 537 2544 genera
547 2508 726 2539 constituunt,
743 2507 806 2533 dum
817 2506 901 2541 aliqui
913 2506 986 2540 quod
996 2514 1053 2532 ma-

1100 2322 1149 2348 καὶ
1164 2322 1203 2357 τῷ
1219 2323 1253 2349 τὰ
1276 2322 1433 2356 φαυλότατα
1453 2323 1579 2357 μετέχειν
1604 2322 1725 2356 ἀγαθοῦ,
1741 2322 1779 2355 ὡς
1796 2324 1888 2350 θεόθεν

1101 2369 1281 2403 ὑπηργμένα.
1301 2369 1390 2403 ’Ὀπερ
1415 2369 1509 2404 ἀπατᾷ
1531 2371 1595 2400 τοὺς
1618 2369 1746 2401 πολλοὺς,
1761 2371 1810 2396 καὶ
1825 2371 1889 2402 τοὺς

1105 2414 1142 2449 μὴ
1157 2414 1341 2448 προσέχοντας
1357 2413 1462 2448 θέλγει,
1476 2414 1524 2440 καὶ
1548 2414 1616 2448 πρὸς
1632 2413 1682 2448 τὴν
1703 2414 1793 2440 αὐτῶν
1810 2414 1889 2440 ἀπώ-

1104 2460 1178 2485 λειαν
1192 2460 1282 2492 ἕλκον,
1300 2460 1458 2497 παρασύρει
1482 2468 1511 2485 τε
1541 2461 1589 2486 καὶ
1610 2459 1744 2493 λωϐᾶται,
1762 2459 1890 2496 καθάπερ

1105 2506 1170 2540 ἡμῖν
1189 2506 1298 2540 εἴρηται
1314 2507 1454 2542 καταρχὰς
1479 2506 1570 2536 εὐθὺς.

259 2557 317 2584 lum
328 2561 383 2586 est.
393 2555 493 2583 bonum
505 2562 566 2582 esse
576 2558 720 2589 propterea
737 2557 843 2588 putant,
852 2552 924 2586 quod
933 2552 1001 2579 vitia
1010 2552 1156 2579 virtutibus
1167 2553 1334 2585 adhaereant,
1347 2560 1378 2580 ac
1388 2553 1512 2587 pessimae
1523 2561 1632 2588 quoque
1645 2560 1688 2580 res
1699 2553 1760 2580 boni
1775 2553 1889 2588 partici-

257 2612 306 2639 pes
319 2604 384 2636 sint,
393 2604 465 2630 velut
474 2610 487 2628 a
498 2602 553 2629 Deo
562 2602 676 2629 condita
688 2610 693 2628 :
704 2600 777 2635 quod
793 2607 858 2628 sane
868 2599 1024 2634 complures
1037 2599 1147 2633 decipit,
1160 2600 1345 2634 animumqua:
1362 2607 1415 2626 non
1429 2599 1602 2627 advertentcs
1612 2600 1756 2633 demulcet,
1765 2608 1797 2628 ac
1811 2601 1890 2635 pelli-

259 2654 336 2681 ciens
357 2652 391 2679 ad
414 2652 534 2686 ipsorum
558 2650 697 2677 interitum
719 2654 890 2676 transversos
916 2648 987 2682 rapit
1010 2652 1037 2675 et
1046 2647 1188 2682 depratat,
1212 2648 1444 2682 quemadmodum
1458 2648 1492 2674 ab
1507 2648 1585 2676 initio
1600 2648 1690 2676 statim
1714 2657 1728 2675 a
1745 2649 1825 2676 nobis
1846 2654 1890 2677 est

259 2699 420 2726 indicatum.

570 2729 699 2757 ORATIO
717 2728 764 2757 Ill.

257 2780 296 2807 De
336 2779 490 2810 electione,
531 2778 613 2812 deque
649 2776 822 2807 voluntario,
871 2780 926 2801 tum
974 2775 1044 2809 quod

293 2817 379 2841 malus
412 2821 462 2839 non
485 2811 581 2838 natura
605 2820 651 2839 nec
674 2811 848 2844 extrinsecus,
881 2813 925 2837 sed
945 2815 1046 2836 suamet

290 2851 346 2884 ipse
361 2849 438 2882 culpa
450 2849 484 2874 sit
494 2851 591 2874 malus.

293 2895 375 2927 Satis,
385 2894 494 2930 opinor,
505 2897 643 2920 ostensum
659 2892 782 2926 estquod
811 2891 979 2926 propositum
995 2898 1046 2918 no-
1065 2892 1070 2896 '

256 2942 299 2971 bis
323 2945 403 2974 erat.
432 2940 568 2974 ﬁnemque
605 2938 657 2967 sibi
690 2938 897 2967 convenientem
922 2942 1047 2967 assecuta

1418 2726 1526 2753 ΛΟΓΟΣ
1540 2727 1576 2754 Γτ.

1100 2775 1170 2809 Περὶ
1197 2773 1399 2809 προαιρέσεως
1419 2773 1486 2809 ﬂxal
1508 2773 1653 2800 ἑκουσίου
1665 2782 1672 2788 ·
1687 2774 1737 2800 καὶ
1769 2774 1813 2802 ὅιι
1831 2776 1890 2802 οὐκ

1134 2807 1168 2836 ἐκ
1184 2811 1316 2844 φύσεως,
1331 2807 1402 2835 οὐδὲ
1415 2808 1528 2840 ἔξωθεν
1543 2810 1558 2835 ό
1578 2810 1684 2842 κακὸς,
1702 2811 1795 2843 αὐτὸς
1813 2810 1889 2838 au'

1135 2844 1231 2876 ἐαυτῷ
1245 2845 1341 2871 αιτιοι*
1355 2844 1481 2876 γίνεται.

1136 2891 1274 2916 Δέδεικται
1299 2890 1359 2923 μὲν.
1375 2888 1411 2919 ὡς
1429 2889 1560 2923 ἡγοῦμαι,
1572 2889 1602 2916 τὸ
1622 2891 1807 2925 προκείμενον
1820 2892 1889 2926 ἡμῖν

1101 2937 1215 2970 ἱκανῶς,
1230 2936 1277 2963 καὶ
1298 2936 1384 2970 πέρας
1400 2934 1413 2961 ό
1430 2933 1508 2968 λόγος
1524 2935 1619 2970 εἴληφε
1635 2936 1773 2972 προσῆκον
1797 2935 1886 2971 αὐτῷ·
