1937 3078
108 195 159 226 EH

761 189 904 220 ORATIO
925 188 982 218 ill.

1681 188 1732 220 422

104 251 166 277 ἐστι
186 250 214 278 δὲ
232 251 325 278 λοιπον
354 251 448 285 φάναι,
477 251 548 278 διατι
575 251 599 277 οἱ
627 251 678 285 μὲν
704 251 801 280 τοῦτο.
817 250 842 276 οἱ
861 248 890 274 δὲ

944 243 1040 272 oratio.
1063 244 1167 276 Restat,
1181 248 1209 270 ut
1223 251 1391 278 exponamus
1412 243 1588 279 quamobrem
1616 244 1647 272 de
1671 246 1736 280 qui-

106 298 198 324 ἐκεῖνο
214 297 360 332 γινόμεθα,
382 298 447 332 μιᾶς
466 298 550 332 τιμῆς
571 297 619 324 καὶ
645 297 753 331 φύσεως
770 296 894 331 ἠξιωμέ-

107 351 161 370 νοι.
174 343 228 370 Kal
247 343 348 377 φαμὲν,
364 343 409 370 διὰ
420 344 470 379 τὴν
487 344 651 378 προαίρεσιν
666 343 762 377 μόνην.
778 341 824 376 Τῷ
840 342 894 376 γὰρ

107 388 206 422 ἀγαθῷ
220 388 339 415 ἐθέλοντι
359 386 443 421 εἶναι,
466 390 514 415 καὶ
529 389 647 422 τάγαθὸν
664 388 801 419 διώκοντι,
818 386 895 413 οὐδέν

107 443 135 460 τι
152 434 208 460 τῶν
230 435 339 461 πάντων
354 434 471 469 κώλυμα
490 435 578 466 ἔσται,
590 434 627 464 ὡς
644 434 680 468 μὴ
696 431 768 459 εἶναι
784 432 892 468 ἀγαθῷ.

113 478 186 506 Ἀλλ’
200 479 231 505 οὐ
247 478 340 505 δικαία
349 479 516 514 παραίτησις
527 478 566 512 τῷ
580 477 618 513 μὴ
633 478 896 512 σπουδαίῳγεγενη-

110 526 197 559 μένῳ.
223 524 310 551 Ἐκὼν
327 525 381 560 γὰρ
402 523 472 551 εἶναι
500 525 530 551 οὔ
557 525 690 558 γίγνεται.
715 524 747 551 El
773 524 826 558 γὰρ
847 523 896 550 καὶ

109 571 198 598 πολλὰ
210 572 275 606 ἡμῖν
288 571 497 605 ἐπιφύεταιτῶν
515 571 621 602 δεινῶν,
637 570 732 604 ὥσπερ
752 570 895 604 αὐτόματοι

108 618 157 644 καὶ
177 616 327 649 αὐτόμολα·
343 617 402 643 ἀλλ’
415 617 491 643 οὐδὲν
507 617 598 642 αὐτῶν
611 616 644 643 ἂν
657 617 700 652 εῐη
716 615 788 642 οὕτω
808 615 894 650 βιαιό-

105 671 191 689 τατον
219 663 265 689 καὶ
293 663 544 696 τυραννικώτατον,
570 662 607 692 ὡς
627 662 739 696 καὶτῆς
757 661 894 696 θελήσεως

106 709 187 744 ἡμῶν
199 708 292 742 ἄρξαι.
308 708 357 742 Εἴη
369 707 424 743 γὰρ
439 707 472 734 ἂν
484 707 570 742 ταύτῃ
581 716 613 741 γε
631 708 662 742 δή
677 716 734 739 πως
751 706 895 742 ἀνῃρημέ-

105 763 154 781 νον
175 754 241 788 ἡμῖν
255 753 302 780 καὶ
316 753 346 780 τὸ
363 753 550 785 αὐτεξούσιον,
570 753 606 784 ὡς
621 753 672 779 κὰν
688 752 727 788 τῷ
745 753 796 787 πρὸ
816 751 893 779 τοῦδε

72 828 75 831 Α
109 800 178 834 ἡμῖν
198 799 308 834 εἴρηται
330 799 412 834 λόγῳ.
429 799 484 832 Τῆς
501 798 528 824 δὲ
545 798 732 833 προαιρέσεως
750 798 787 833 μὴ
804 797 894 824 νοσούε

108 853 178 879 σης.
206 844 276 879 μηδέ
304 844 485 879 δουλωῡεισης
511 843 648 876 καθάπαξ,
666 844 719 870 κᾶν
735 844 749 870 ὃ
769 852 794 869 τι
812 842 893 870 πάθοι

105 891 194 917 κακὸν
207 891 237 916 τὸ
254 890 332 924 σῶμα
343 910 349 921 ,
371 890 447 916 οὐδὲν
470 890 549 924 ἡμῶν
567 889 693 923 ἐμποδὼν
709 889 797 921 ἔσται,
820 888 892 915 ὥστε

105 935 220 970 ἀγαθοῖς
243 933 325 962 εἶναι.
349 934 400 961 Καὶ
418 934 494 970 δηλοῖ
511 934 545 960 τὰ
568 935 622 961 τῶν
640 934 726 968 ἁγίων
742 935 892 969 σκάμμαται

107 981 273 1016 νενικηκότα
291 982 346 1008 πᾶν
369 981 466 1014 βίαιον.
482 981 628 1014 Συνίστησι
640 981 668 1007 δέ
688 989 733 1014 μοι
749 980 796 1007 τὸν
815 980 893 1014 λόγον

105 1028 155 1053 καὶ
174 1027 343 1054 τούναντίον.
360 1027 397 1053 Τὸ
415 1026 470 1060 γὰρ
487 1026 623 1056 ἀκουσίως
647 1026 729 1052 καλὸν
751 1018 839 1052 ποιεῖν
862 1026 893 1052 οὐ

105 1062 237 1106 στεφανοῗ
257 1072 320 1102 τοὺς
358 1071 571 1106 ἐργαζομένους.
606 1071 643 1097 Τὸ
672 1071 761 1098 τοίνυν
793 1071 894 1098 ἄκοντα

109 1119 209 1149 πο.εἶν,
231 1118 246 1152 ἢ
266 1118 382 1151 πάσχειν
395 1125 421 1142 τι
445 1116 481 1151 μὴ
497 1116 672 1151 βουλόμενον,
689 1116 751 1142 οὗτε
773 1117 893 1150 ἀγαθοὺς

108 1161 195 1196 ἡμᾶς,
215 1162 270 1188 ἀλλ’
286 1161 479 1195 οὐδὲηφιύλους
492 1162 641 1196 ἐργάζεται
653 1168 661 1176 '
679 1161 717 1196 τῷ
732 1161 754 1188 δ’
771 1162 891 1197 ἑκουσίῳ

109 1208 258 1242 ὓελήματι,
282 1207 350 1242 ὅπερ
366 1208 432 1241 ἐστὶ,
444 1207 498 1234 τῶν
512 1207 555 1241 ἐφ’
568 1208 644 1242 ἡμῖν,
662 1207 709 1234 καὶ
721 1207 771 1234 οὐκ
785 1208 892 1243 ἠργμέ-

107 1262 152 1279 νον
169 1253 279 1286 ἔξωθεν,
297 1253 352 1279 οὐδ’
370 1253 540 1287 ἐπαγόμενον
572 1253 694 1286 ὁθενοῦν,
723 1254 824 1287 ἀγαθὸς
845 1255 894 1281 καὶ

110 1298 149 1333 μὴ
165 1297 286 1329 τοιοῦτος
313 1298 430 1329 ἕκαστος
445 1298 563 1332 γίνεται.
581 1299 662 1325 Ὥστε
678 1299 709 1325 τὸ
730 1301 784 1326 πᾶν
801 1300 832 1325 ὲκ
843 1300 892 1334 τῆς

107 1343 307 1378 προαιρέσεως.
325 1343 399 1379 Πλὴν
428 1345 442 1370 ὁ
464 1343 565 1377 φαῦλος
588 1344 671 1371 οέλων
688 1342 771 1376 εἶναι,
781 1345 892 1379 γέγονεν

108 1387 190 1418 amb;
212 1388 246 1422 τῇ
266 1387 387 1422 θελήσει,
408 1388 460 1415 κᾶν
476 1388 561 1424 μηδὲν
586 1389 737 1424 ἐργάσηται
763 1390 817 1416 τῶν
839 1399 891 1416 κα-

107 1433 174 1460 κῶν.
201 1433 343 1468 Ἀρκέσειε
369 1433 423 1469 γὰρ
455 1434 488 1461 ἂν
513 1431 583 1461 εἶναι
610 1435 714 1468 κακὸν,
741 1435 892 1470 τῷιοέλειν

107 1480 217 1507 ἀπεῖναι
233 1479 281 1506 τοῦ
296 1479 411 1513 ἀγαθοῦ.
429 1481 482 1506 Καὶ
501 1480 581 1508 τοῦτο
600 1481 710 1515 εῠλογον
726 1479 814 1516 οἶμαι.
837 1483 892 1509 Kal.

107 1526 162 1560 γὰρ
176 1525 240 1552 αὐτὸ
258 1525 288 1552 τὸ
303 1525 388 1552 κακὸν
406 1527 439 1561 τῇ
453 1526 576 1562 ἀπουσίᾳ
591 1527 637 1553 τοῦ
653 1527 737 1554 καλοῦ
755 1528 890 1563 ὑπάρχειν

946 291 1061 318 busdam
1077 299 1091 318 e
1106 291 1183 318 nobis
1196 291 1246 318 hoc
1256 291 1311 323 ﬁat,
1332 290 1396 318 illud
1413 299 1446 318 ex
1459 291 1531 324 aliis,
1549 299 1610 319 cunt
1634 296 1724 318 tamen
1759 298 1766 303 ·

946 336 1028 363 unius
1048 337 1188 370 dignitatis
1200 341 1227 363 et
1242 341 1345 363 natura:
1360 337 1458 364 simus.
1475 337 1514 364 Ac
1544 337 1659 364 dicimus
1683 337 1736 364 hoc

946 381 1006 408 ﬁeri
1038 383 1123 409 solius
1157 383 1296 410 electionis
1329 383 1442 410 ratione.
1473 382 1540 410 Nam
1570 384 1616 418 qui
1649 383 1737 410 bonus

945 435 1006 456 esse
1017 429 1083 460 vult,
1102 429 1229 464 quodque
1256 429 1358 456 bonum
1377 434 1419 456 est
1443 434 1574 461 sectatur,
1602 429 1639 456 illi
1669 429 1737 461 nihil

944 473 1055 500 omnino
1069 480 1130 500 esse
1143 473 1334 507 impedimento
1346 478 1434 508 potest
1459 474 1605 508 quomintts
1630 474 1664 500 sit
1688 473 1737 499 bo-

946 525 1008 545 nus.
1021 517 1077 545 Nec
1089 519 1114 545 ei
1139 519 1185 552 qui
1198 526 1250 545 non
1272 519 1358 545 evasit
1372 518 1399 545 in
1421 518 1509 545 virum
1537 519 1648 554 bonum,
1663 518 1737 552 jusla

944 564 1214 597 superatcxcusatio.
1232 563 1298 589 Nam
1311 564 1361 591 hoc
1374 564 1473 590 volenti
1487 564 1630 597 contingit.
1646 564 1738 595 Quatt—

945 616 1027 643 quam
1043 609 1114 635 enim
1133 610 1216 635 multa
1232 609 1289 636 dira
1306 609 1464 644 graviaque,
1480 610 1554 636 velut
1566 617 1598 636 ex
1613 617 1641 636 se
1651 609 1737 635 ultro—

944 662 998 689 que
1013 655 1157 686 venientia,
1180 662 1230 682 nos
1243 655 1415 688 adoriuntur,
1428 659 1517 682 tamen
1534 655 1637 681 nullutn
1648 662 1680 681 ex
1695 654 1737 681 eis

944 701 1012 728 adeo
1029 701 1177 727 violentum
1195 706 1277 735 alque
1300 701 1474 736 tyrannicunt
1496 701 1588 733 fuerit,
1613 701 1734 727 utetiam

945 746 972 773 in
989 745 1156 773 voluntatem
1181 751 1303 773 nostram
1333 747 1476 780 imperium
1504 751 1649 779 exerceat;
1671 753 1735 772 nam

948 792 1098 826 ceteroqui
1115 793 1195 819 nobis
1228 793 1286 826 ipsa
1302 792 1414 819 libertas
1436 786 1584 819 voluntatis
1596 798 1733 819 evertere.

944 843 999 870 tur,
1026 838 1098 865 sicut
1125 837 1152 865 in
1186 839 1311 865 oratione
1343 839 1394 865 hae
1428 838 1598 873 praecedente
1629 838 1735 865 dictum

944 888 995 912 est.
1010 883 1088 916 Quod
1105 883 1128 911 si
1157 884 1242 911 animi
1261 884 1360 912 electio
1375 884 1450 911 nullo
1473 885 1577 911 laboret
1592 885 1668 917 vitio,
1685 892 1735 912 nec

945 937 1057 964 prorsus
1071 929 1098 956 in
1116 930 1274 957 servitutem
1290 930 1398 957 redacta
1415 931 1460 962 sit,
1475 931 1656 965 quodcunque
1672 936 1735 957 tan-

943 975 1004 1002 dem
1020 976 1120 1002 ntalum
1149 976 1277 1003 acciderit
1304 975 1424 1015 corpori,
1444 976 1556 1002 tuiuime
1585 975 1664 1004 nobis
1683 978 1735 1004 erit

944 1021 1141 1056 impedintcnto
1172 1022 1322 1056 quominus
1352 1022 1415 1048 boni
1446 1022 1543 1050 simus.
1568 1023 1736 1057 Argumento

946 1069 1011 1092 sunt
1027 1066 1149 1093 virorum
1166 1071 1321 1093 sanctorum
1343 1071 1502 1097 scammata,
1536 1074 1595 1099 quae
1625 1073 1734 1092 omnem

944 1112 1100 1138 violentiam
1114 1115 1287 1146 superarunt.
1299 1110 1394 1137 ltidetn
1412 1111 1484 1145 quod
1500 1111 1573 1143 dico,
1588 1110 1732 1137 conﬁrmat

943 1164 972 1187 et
985 1159 1010 1186 id
1024 1159 1096 1194 quod
1114 1159 1136 1186 ei
1163 1158 1330 1185 contrariunt
1352 1162 1409 1184 est:
1427 1157 1527 1192 quippe
1559 1164 1612 1183 non
1636 1162 1734 1191 sponte

944 1204 1017 1238 quod
1029 1204 1130 1231 bonum
1138 1208 1179 1230 est
1191 1203 1290 1234 facere,
1302 1202 1373 1229 nulla
1385 1202 1514 1229 facientes
1528 1209 1626 1228 corona
1638 1201 1732 1228 donat.

944 1249 1037 1283 itaque
1062 1249 1103 1275 vel
1117 1248 1231 1275 invitum
1260 1247 1361 1280 facere,
1392 1248 1435 1275 vel
1465 1248 1602 1274 nolentem
1629 1247 1733 1281 aliquid

943 1295 999 1330 pati
1012 1302 1100 1330 neque
1113 1303 1162 1322 nos
1179 1294 1265 1322 bonos
1282 1302 1372 1328 neque
1391 1294 1477 1321 malos
1494 1293 1583 1321 efﬁcit.
1597 1293 1731 1321 Nimirum

943 1341 1081 1368 volui.tate
1095 1346 1254 1374 spontanee,
1269 1348 1329 1375 qua:
1359 1344 1456 1368 nostra
1480 1339 1560 1367 estin
1588 1344 1732 1374 potestate,

943 1394 993 1413 nec
1007 1386 1131 1421 provenit
1142 1387 1323 1416 extrinsecus,
1343 1394 1392 1413 nec
1408 1386 1479 1413 unde
1493 1386 1563 1412 unde
1585 1386 1732 1420 ingeritur,

946 1433 1063 1468 quisque
1077 1432 1165 1459 bonus
1180 1436 1205 1459 et
1231 1439 1285 1458 non
1305 1432 1392 1459 bonus
1408 1431 1521 1459 edicitur
1534 1440 1541 1465 ;
1553 1431 1674 1465 adeoque
1691 1438 1734 1458 res

943 1479 977 1506 ab
990 1479 1123 1506 electione
1136 1483 1190 1506 tota
1208 1479 1317 1513 pendet.
1336 1478 1387 1506 Sed
1401 1483 1488 1505 tamen
1502 1478 1547 1512 qui
1557 1474 1653 1505 'ntaius
1670 1486 1731 1505 esse

942 1525 1010 1557 vult,
1024 1525 1116 1552 statim
1138 1525 1277 1551 voluntate
1295 1525 1324 1551 ﬁt
1349 1524 1448 1556 malus;
1464 1523 1570 1551 etiamsi
1589 1523 1656 1550 nihil
1668 1524 1731 1551 ntali

107 1572 215 1603 πάντως
226 1572 310 1603 δοκεῖ,
323 1571 370 1598 καὶ
390 1572 473 1599 οἱονεὶ
487 1572 647 1600 συνίσταται
662 1574 790 1610 στερήσει
809 1576 888 1611 μόνῃ,

944 1575 1063 1605 peragat,
1076 1571 1175 1605 quippe
1187 1571 1252 1597 satis
1264 1570 1346 1597 fuerit
1359 1571 1392 1597 ad
1402 1570 1453 1597 hoc
1470 1573 1499 1597 ut
1512 1570 1547 1596 sit
1559 1569 1644 1597 malus
1656 1571 1728 1605 quod

107 1617 157 1652 οὐχ
183 1617 253 1648 ἕξει.
275 1616 305 1644 Ὀ
326 1617 355 1650 δὲ
372 1617 475 1651 ἀγαθὸς
498 1618 586 1653 ἀνὴρ.
612 1619 708 1654 ἐπειδὴ
731 1619 761 1645 τὸ
789 1620 892 1655 ἀγαϐὺν

106 1663 209 1690 τέλειον
229 1663 342 1698 (ἀγαθὸς
360 1663 415 1698 γὰρ
428 1664 443 1690 ὁ
457 1663 534 1695 Θεὸς,
548 1664 576 1690 ἐν
590 1660 612 1697 ᾦ
629 1664 712 1699 μηδὲν
725 1665 843 1699 ἀτελὲς),
861 1666 891 1692 οὺ

108 1699 239 1743 στήσεται
258 1708 339 1743 μέχρι
367 1708 414 1734 τοῦ
444 1708 543 1740 θέλειν,
564 1709 634 1735 ἀλλὰ
654 1709 702 1736 καὶ
733 1711 892 1745 περαιτέρω

108 1753 286 1789 προϐήσεται,
311 1753 359 1780 καὶ
381 1753 465 1786 δείξει
490 1754 536 1780 τὸν
553 1754 639 1790 ἄνδρα
666 1755 759 1787 αὐτοῖς
788 1756 891 1790 ἔργοις,

109 1798 246 1825 συνιστῶν
271 1798 328 1829 τοῖς
347 1798 522 1834 πράγμασιν,
544 1799 582 1830 ὠς
595 1799 626 1826 τὺ
643 1800 732 1827 θέλειν
747 1801 847 1836 ἀληθὲς
862 1803 891 1828 ἐν

108 1843 196 1881 αὐτῷ,
214 1843 351 1879 μηδεμίαν
380 1844 567 1880 meantem“
582 1846 762 1882 κεκτημένον.
786 1846 890 1879 ’Δλλως

108 1890 163 1924 γὰρ
181 1889 214 1916 ἂν
227 1888 328 1922 δόξειεν
340 1889 455 1924 ἀγαθὸς,
481 1891 532 1918 οὐκ
546 1890 605 1918 ἔστι
620 1891 649 1918 δέ
663 1892 784 1923 πάντως.
801 1893 846 1920 Δεῖ
859 1893 891 1929 δὴ

109 1936 172 1966 τοὺς
188 1934 309 1968 ἀγαυοὺς
333 1932 405 1963 εἶναι
429 1935 632 1969 σπουδάζοντας
662 1938 795 1973 μηδαμῶς
823 1939 892 1974 πρὸς

108 1981 229 2015 τάγαθὸν
248 1981 367 2013 ἐλλιπῶς
387 1981 484 2018 ἔχεινι
497 1983 556 2009 ἀλλ’
579 1981 651 2010 εἶναι
674 1984 725 2019 μὲν
750 1985 891 2019 ἀκμάζου-

110 2024 159 2053 σαν
177 2027 206 2053 ἐν
222 2027 314 2058 αὐτοῖς
339 2028 388 2054 καὶ
402 2028 491 2063 ὁρμὴν
507 2028 557 2063 τὴν
579 2029 647 2064 πρὸς
664 2030 741 2063 αὐτὸ,
757 2031 804 2057 καὶ
822 2039 889 2066 προσ

109 2073 220 2107 θυμιαν,
237 2074 285 2100 καὶ
297 2072 438 2107 βούλησιν,
454 2073 526 2101 εἶναι
545 2074 573 2101 δὲ
587 2076 634 2101 καὶ
646 2075 748 2110 τρόπον
767 2076 892 2104 δεικνύν-

109 2126 158 2148 τας
172 2117 261 2149 αὐτοῖς
281 2118 338 2149 τοῖς
356 2117 448 2152 ἔργοις
467 2118 582 2154 ἀδελφὴν
597 2121 630 2155 τῇ
651 2121 891 2156 προαιρέσει,,ῐνα

111 2163 148 2197 μὴ
175 2162 214 2198 τῷ
240 2163 378 2197 κρείττονι
398 2164 540 2198 χωλεύωσι
566 2164 656 2200 μέρει.
671 2165 753 2191 Ὥστε
772 2165 802 2192 τὸ
827 2166 890 2201 βού-

109 2208 203 2235 λεσθαι
217 2208 297 2243 μόνον
313 2209 361 2244 οὐχ
389 2209 481 2236 ἱκανὸν
499 2209 622 2244 ἀγαθοὺς
645 2211 797 2246 ἀποφῆναι.
819 2211 890 2238 Ἀλλ’

944 1626 958 1644 a
974 1619 1045 1644 bono
1062 1622 1182 1645 remotus
1211 1625 1271 1645 esse
1289 1617 1364 1645 velit.
1376 1617 1464 1653 Atque
1486 1617 1537 1644 hoc
1549 1618 1648 1644 rationi
1666 1625 1732 1645 con—

943 1669 1101 1691 sentaneum
1121 1669 1204 1698 puto:
1225 1671 1287 1690 nam
1312 1663 1412 1690 ntalum
1437 1663 1523 1698 ipsum
1550 1672 1581 1691 ex
1607 1665 1730 1692 absentia

943 1707 1006 1735 boni
1019 1709 1130 1735 omnino
1153 1708 1259 1735 videtur
1291 1709 1436 1741 exsistere,
1458 1710 1591 1744 quasique
1623 1716 1732 1737 constat

942 1754 1307 1789 privationetantummodo,
1328 1762 1383 1782 non
1409 1755 1513 1783 habitu.
1540 1757 1576 1783 At
1600 1765 1664 1784 vero
1689 1758 1731 1784 vit-

943 1801 1042 1833 bonus,
1056 1808 1117 1828 cuin
1136 1801 1207 1836 quod
1235 1801 1337 1828 bonum
1360 1805 1401 1829 est
1425 1801 1575 1836 perfectum
1599 1802 1634 1830 sit
1647 1803 1731 1838 (Deus

942 1847 1016 1874 enim
1032 1847 1119 1874 bonus
1131 1852 1182 1879 est,
1197 1847 1224 1874 in
1241 1855 1295 1882 quo
1311 1847 1378 1875 nihil
1397 1847 1573 1882 imperfecti),
1592 1856 1644 1875 non
1659 1849 1728 1876 velle

942 1892 1024 1919 modo
1038 1892 1156 1926 debebit,
1180 1893 1226 1920 sed
1241 1893 1355 1921 ulterius
1368 1901 1478 1929 quoque
1490 1894 1688 1928 progredictur,
1701 1900 1728 1922 et

941 1937 1029 1964 virum
1042 1937 1120 1965 factis
1135 1939 1271 1970 ostendet,
1284 1938 1366 1966 rebus
1382 1939 1448 1974 ipsis
1461 1940 1652 1975 comprobans,
1667 1949 1731 1968 esse

942 1991 1035 2011 verum
1054 1984 1081 2010 in
1097 1990 1129 2010 eo
1145 1983 1224 2017 velle,
1243 1984 1408 2019 minimeque
1427 1985 1547 2013 l'ucatunt
1562 1994 1570 2013 :
1598 1994 1660 2013 nam
1677 1995 1729 2014 ea:-

942 2029 1046 2063 teroqui
1058 2029 1144 2056 bonus
1155 2029 1302 2062 videbitur,
1313 2037 1374 2057 cum
1391 2031 1502 2058 omnino
1513 2039 1565 2058 non
1579 2032 1615 2059 sit
1625 2032 1726 2060 borius.

941 2072 1116 2108 Nequaquam
1147 2079 1230 2108 certe,
1262 2074 1307 2110 qui
1334 2075 1397 2103 boni
1421 2083 1481 2104 esse
1509 2076 1630 2109 student,
1655 2078 1729 2112 qttod

941 2117 1043 2145 bonum
1058 2123 1099 2146 est
1114 2118 1272 2154 imperfecte
1283 2120 1383 2148 debent
1393 2121 1530 2156 amplecti,
1543 2122 1589 2149 sed
1603 2127 1728 2156 vegetum

941 2163 970 2191 in
985 2164 1026 2192 eis
1042 2169 1070 2192 et
1087 2172 1177 2192 acrem
1198 2166 1233 2193 ad
1258 2166 1359 2194 bonum
1380 2175 1440 2195 esse
1458 2171 1564 2203 oportet
1584 2168 1728 2203 impetum,

943 2215 969 2237 et
1003 2211 1171 2239 alacritatem
1201 2216 1228 2240 et
1257 2213 1444 2247 voluntatem;
1481 2213 1619 2249 simulque
1649 2214 1730 2243 factis

109 2254 135 2280 ei
151 2253 201 2289 μὲν
214 2254 313 2289 ἀληθές
326 2261 355 2280 τε
373 2255 419 2280 καὶ
435 2254 557 2290 καθαρὸν
572 2255 626 2290 εἴη,
644 2255 789 2290 ἀρκέσειεν
805 2255 839 2283 ἂν
861 2256 890 2283 εὖ

944 2256 1011 2292 ipsis
1025 2252 1115 2285 mores
1135 2257 1258 2285 instituto
1273 2259 1356 2286 animi
1368 2267 1514 2294 germanos
1539 2261 1656 2295 probare
1678 2261 1727 2288 de-

109 2300 256 2335 φρονοῦσιν
283 2301 403 2334 ἀγαθοὺς
433 2301 615 2336 ιργάσασοαι.
640 2302 697 2329 Καὶ
724 2302 770 2328 τὸν
788 2302 890 2336 ἀγαθὸν

110 2345 273 2381 βουλόμενον
290 2343 369 2378 εἶναι,
396 2346 492 2373 τοῦτον
510 2346 538 2372 δὲ
567 2346 604 2381 μὴ
634 2345 722 2381 εἶναι,
749 2347 890 2376 ἀδύνατον.

111 2391 225 2425 Ἕψεται
250 2390 304 2426 γὰρ
329 2391 376 2417 καὶ
399 2391 431 2418 τδ
451 2393 585 2426 ἐνεργεῖν.
607 2393 636 2419 '0
653 2392 681 2419 δὲ
697 2393 780 2424 κακὸς
796 2393 890 2428 βουλό-

110 2443 196 2471 μενος.
211 2433 282 2462 εἶναι
304 2436 329 2471 (ὁ
344 2436 424 2470 λόγος
441 2436 469 2463 δὲ
491 2437 558 2471 ἡμῖν
575 2436 605 2463 οὐ
621 2437 686 2472 περὶ
702 2437 893 2473 μελαγχολών-

108 2490 164 2509 των
174 2483 221 2509 καὶ
228 2482 427 2516 τετυφωμένων
437 2481 600 2518 ἀνθρώπων)
616 2483 690 2518 αὐτῷ
701 2483 739 2519 τῷ
749 2483 877 2519 βεϐουλεῦ
885 2498 893 2504 -

110 2527 172 2554 σθαί
187 2535 217 2554 τε
232 2529 280 2556 καὶ
290 2528 404 2562 θελῆσαι
418 2529 519 2555 αὐτίκα.
534 2528 656 2563 γέγονεν
672 2529 796 2565 ἀτεχνῶς
812 2532 841 2557 ὲν
860 2531 893 2566 τῇ

109 2574 208 2610 καρδίᾳ
225 2574 320 2608 αὑτοῦ,
345 2575 428 2609 φησὶν
451 2575 465 2601 ὁ
485 2575 594 2610 Σωτήρ.
622 2575 672 2609 Εῐη
692 2575 747 2611 γὰρ
763 2577 795 2603 ἂν
811 2576 893 2603 τοῦτό

111 2629 153 2656 γε,
169 2620 263 2656 ὥσπερ
280 2621 314 2648 ἂν
329 2620 352 2647 εί
370 2621 406 2648 τὰ
420 2621 493 2647 κακὰ
515 2629 590 2652 ουτος
604 2621 684 2653 αὐτὸς
700 2622 892 2657 προύκαλεῖτο,

113 2667 161 2693 καὶ
180 2667 411 2702 προσερχομένοις
435 2667 562 2702 ὑπήντα,
583 2667 630 2693 καὶ
659 2668 754 2702 χερσὶν
783 2669 893 2700 ὑπτίαις

112 2712 271 2747 ὑπεδέχετο.
287 2713 323 2739 Τὸ
340 2712 395 2748 γὰρ
417 2713 553 2748 ἐμϐλέψαι
569 2713 637 2748 πρὸς
660 2714 690 2740 τὸ
706 2714 890 2750 ἐπιῠυμῆσαι,

111 2756 189 2784 τοῦτό
205 2759 279 2785 ἐστιν
293 2758 425 2794 ἄντικρυς
439 2759 469 2785 τὸ
485 2759 573 2786 οὲλειν
588 2756 659 2786 εἶναι
677 2759 773 2787 κακόν.

941 2302 1014 2335 bent,
1031 2311 1065 2329 tte
1079 2309 1156 2337 parte
1175 2303 1274 2338 potiori
1293 2304 1457 2332 claudicent.
1484 2305 1561 2333 Unde
1582 2307 1729 2341 colligitur,

941 2346 1030 2374 solum
1042 2346 1109 2375 velle
1122 2355 1176 2374 non
1194 2347 1317 2376 sullicere
1335 2348 1368 2376 ad
1380 2349 1431 2377 hoc
1444 2355 1472 2377 ut
1488 2350 1552 2378 boui
1568 2350 1727 2385 elliciamur,

941 2393 988 2421 sed
1002 2393 1026 2421 si
1041 2401 1133 2421 verum
1154 2394 1348 2430 sincerumque
1363 2395 1431 2424 velle
1460 2395 1505 2429 sit,
1522 2396 1589 2424 satis
1617 2396 1731 2425 habebit

942 2439 1122 2471 ellicacitatis.
1138 2444 1168 2466 ut
1181 2439 1305 2468 homines
1320 2447 1403 2468 sanos
1418 2448 1450 2469 ac
1477 2441 1625 2476 prudentes
1640 2442 1728 2471 bonos

944 2483 1042 2513 efficiat
1054 2494 1061 2512 :
1072 2490 1099 2513 et
1111 2489 1163 2512 hoc
1173 2485 1253 2513 modo
1267 2486 1313 2521 qui
1329 2486 1417 2515 bonus
1443 2494 1505 2515 esse
1514 2487 1581 2519 vult.
1596 2488 1656 2516 ﬁeri
1673 2497 1728 2516 non

943 2537 1030 2567 potest
1043 2532 1109 2567 quin
1123 2532 1209 2560 bonus
1224 2532 1331 2564 evadat,
1345 2540 1407 2560 nant
1418 2538 1445 2560 et
1463 2533 1520 2568 ipsa
1545 2533 1614 2562 facta
1635 2536 1730 2563 subsc-

943 2583 1071 2613 quentur.
1086 2577 1138 2611 Qui
1153 2584 1243 2605 autent
1261 2578 1317 2605 vult
1332 2585 1393 2615 esse
1409 2579 1497 2607 malus
1515 2579 1663 2615 (IOquiniur
1680 2588 1731 2607 au-

944 2628 997 2650 tetn
1017 2631 1070 2651 non
1084 2623 1117 2650 de
1133 2623 1290 2651 hominibus
1302 2623 1407 2652 insanis
1421 2630 1448 2653 et
1462 2625 1658 2661 lyntphaticis),
1672 2626 1729 2661 ipsa

945 2669 1144 2696 consultatione
1164 2676 1195 2696 ac
1210 2668 1349 2698 voluntate
1367 2671 1454 2698 mulus
1469 2673 1560 2699 statim
1585 2671 1674 2699 factus
1688 2677 1730 2699 est

944 2715 1027 2742 dubio
1041 2714 1133 2749 procul
1143 2714 1169 2741 in
1181 2714 1262 2742 corde
1281 2724 1340 2749 suo,
1354 2717 1582 2751 quemadmodum
1599 2717 1656 2753 ipse
1669 2717 1729 2746 Sal-

946 2765 1023 2788 vator
1041 2761 1090 2787 ait.
1109 2760 1214 2788 Etenim
1229 2761 1280 2789 hoc
1299 2762 1412 2797 perinde
1429 2762 1512 2790 fuerit
1524 2767 1605 2798 atque
1618 2763 1640 2791 si
1659 2764 1729 2791 tnala

111 2801 226 2838 ipsemet
242 2809 401 2837 arcesseret,
416 2809 442 2833 et
456 2806 650 2834 accedentibus
674 2813 829 2835 occurreret
849 2809 1029 2844 manibusque
1052 2808 1158 2844 supinis
1183 2815 1213 2836 ea
1231 2810 1390 2845 susciperet.
1420 2809 1486 2838 Nam
1515 2811 1542 2838 in
1571 2813 1621 2838 hoc
1657 2814 1730 2847 aspi-

112 2850 181 2881 dre,
199 2853 227 2875 ut
242 2849 432 2883 concupiscas,
457 2851 482 2877 id
500 2859 564 2879 vero
592 2859 705 2886 prorsus
725 2857 766 2880 est
799 2854 900 2881 malum
921 2862 982 2882 esse
998 2855 1075 2882 velle.
1598 2849 1603 2853 ’

151 2894 220 2921 1ΑΗ·
239 2895 298 2922 οὑδὲ
315 2896 401 2923 ἐκεῖνο
416 2896 594 2933 ἀνέγκλητον,
612 2897 685 2932 ἔχειν
704 2897 753 2933 μὲν
767 2899 796 2926 ἐν
810 2899 847 2935 νῷ
864 2900 893 2926 τὸ

984 2900 1038 2929 Nec
1058 2901 1123 2928 illud
1139 2909 1247 2937 quoque
1281 2903 1490 2938 teprtbcnsione
1521 2910 1605 2940 caret,
1632 2905 1730 2934 habere
