1937 3078
201 199 253 231 ίΞὶ

785 199 982 230 MANUELIS
1007 202 1075 232 PAL
1089 203 1225 233 EtiLOGi

1774 205 1829 239 ιρι

202 261 312 294 quidem
330 258 356 285 in
370 256 462 285 animo
480 255 592 286 bonum,
606 254 651 281 sed
669 253 737 280 adeo
764 253 860 288 fragile
871 262 943 288 esse,
961 261 984 282 ul

1040 258 1153 290 ἀγαθὸν,
1170 255 1240 284 εἶναι
1257 258 1284 284 δὲ
1299 258 1369 286 οὕτω
1383 259 1493 296 σαθρὸν,
1504 259 1542 292 ὡς
1558 261 1613 292 τοῖς
1630 261 1828 298 ἐπιχειρήσου-

203 306 275 332 hanc
293 306 357 332 boui
376 301 569 336 cogitationem
584 300 742 326 subvertere
760 299 902 326 conaturis
914 299 985 334 idip-

172 369 176 372 ~
203 359 263 380 sum
276 351 353 378 facile
368 349 438 375 factu
449 346 624 375 θεν-παιδιαῖς
638 345 679 372 vel
690 353 704 372 e
715 344 851 372 contrario
860 353 913 372 non
926 353 986 373 esse

203 402 327 431 paratum
344 394 376 421 nti
394 391 578 420 resistendum
594 388 700 416 fortiter
714 389 752 416 rei
780 389 921 420 nociturae,
936 395 987 416 nec

203 443 291 470 factus
313 440 458 468 ostendere
477 446 537 472 qua:
562 441 655 463 nostra
675 435 701 462 in
719 439 855 469 potestate
879 435 934 462 sint
959 441 986 462 et

201 487 346 517 electione,
363 483 531 519 plushabere
550 482 647 508 virium
659 488 740 516 quam
757 480 849 507 omnia
866 487 927 514 qum
941 488 988 507 ex-

201 534 338 560 trinsedhs
360 530 547 558 intenduntur.
569 528 635 554 Nam
650 527 673 554 si
689 526 750 561 quis
764 526 866 553 bonum
882 525 987 559 simpli.

200 580 267 606 eiter
281 579 318 604 ita
345 577 418 609 velit,
445 582 563 609 cumque
585 573 683 601 deinde
701 573 780 601 factis
800 573 985 608 prastandum

199 629 251 654 est,
274 623 391 657 segniter
416 629 447 648 ac
474 621 640 655 negligenter
667 619 780 647 allectus
807 621 853 651 sit,
872 620 894 647 is
922 627 986 647 vero

200 673 278 704 longe
306 673 426 695 remotus
454 674 468 693 a
497 665 663 700 perfectione
686 673 740 692 non
762 666 880 701 amplius
900 665 986 693 estin

199 718 280 746 bono,
296 715 368 749 quod
385 721 451 740 sane
465 713 615 747 perfectum
635 717 688 739 est.
716 712 843 740 Sedenim
866 720 985 747 quonam

199 762 248 787 hoc
272 767 351 794 νηί-ιο
385 759 463 786 facile
498 758 599 792 possim
623 757 753 792 effugere,
779 758 850 786 dicet
877 757 991 793 aliquis.

198 807 265 833 Nam
280 814 322 832 res
340 813 378 831 cm
391 813 450 838 qum
465 812 511 839 per
527 804 678 838 voluptates
697 804 776 831 nobis
806 805 987 838 irnponuutet

199 852 384 882 ldamliuntnr,
405 850 516 876 onmino
533 857 585 876 non
614 850 750 876 mediocre
765 849 849 876 rohur
877 849 986 882 habent,

199 897 237 924 uli
252 897 285 924 de
304 898 384 922 rebus
400 895 466 927 ipsis
479 903 644 929 cognoscere
664 895 735 922 lieet.
754 895 830 921 Alius
841 895 912 922 enim
927 895 988 922 aliis

197 947 314 974 capitur,
343 944 556 974 quantacunque
574 940 657 966 animi
679 940 852 967 contentione
875 944 985 973 litatur;

197 997 247 1015 nee
259 974 404 1022 quisquam
432 988 560 1014 omnibus
586 992 627 1013 est
656 987 788 1021 superior.
807 987 845 1013 Ne
875 987 983 1021 quidem

197 1034 254 1067 ipse
275 1034 345 1062 dico,
373 1041 452 1067 posse
465 1032 533 1058 mala
557 1032 635 1058 facile
662 1033 752 1063 vitari,
785 1033 830 1059 sed
851 1041 903 1059 non
932 1033 984 1060 nisi

197 1079 316 1105 maximo
337 1083 390 1104 latri
406 1077 497 1104 studio
522 1085 603 1111 quam
617 1077 770 1110 tolerantia,
788 1083 919 1112 quantum
935 1078 985 1105 ho-

196 1125 262 1152 mini
281 1124 321 1151 fas
340 1127 391 1150 est.
414 1123 495 1158 quue
527 1123 595 1150 adeo
619 1131 713 1149 verum
742 1128 793 1154 est,
814 1128 843 1150 ut
870 1123 933 1151 licet
960 1123 983 1151 ei

196 1171 259 1197 mali
275 1170 338 1204 quid
363 1169 510 1202 aliquando
539 1168 679 1200 acciderit,
712 1177 764 1196 non
792 1175 932 1203 propterea
949 1169 985 1196 sit

196 1217 295 1244 malus.
308 1216 426 1246 Atenim,
443 1215 508 1242 dicit
525 1215 633 1249 aliquis,
651 1215 790 1249 complura
816 1216 891 1250 quasi
917 1223 985 1256 quoa

195 1263 257 1290 dam
275 1262 338 1289 fuco
358 1262 438 1289 nobis
467 1262 644 1295 imponentia,
677 1269 783 1296 nosque
805 1261 984 1288 demulcendo

195 1308 326 1338 fallentia,
346 1307 469 1334 fortassis
482 1307 632 1338 evitavero,
653 1307 673 1333 si
694 1307 832 1341 perpetuis
848 1314 890 1333 me
918 1314 981 1334 eer-

195 1354 344 1381 taminibns
357 1353 507 1379 addixere:
525 1361 616 1379 verum
634 1353 655 1379 si
681 1360 724 1379 res
737 1353 883 1379 admodum
912 1360 986 1379 mor-

196 1402 285 1429 daces.
301 1403 486 1425 etcxtrcmum
501 1397 527 1424 in
543 1398 652 1424 modum
671 1398 804 1426 violentas
819 1403 928 1432 tamque
936 1405 984 1425 na-

196 1450 256 1471 tura
272 1444 468 1476 formidabiles,
485 1448 513 1470 ut
527 1444 634 1471 animos
651 1443 732 1470 etiam
760 1444 816 1471 sola
832 1444 874 1471 sui
893 1451 984 1471 recor—

196 1490 305 1516 (latione
318 1490 486 1522 concutiant,
507 1497 555 1524 per
581 1496 648 1523 quas
669 1496 776 1530 uxores,
793 1490 905 1524 liberos,
920 1490 985 1518 eba-

199 1536 308 1562 rissima
325 1542 450 1570 quaeque,
465 1536 547 1563 vitam
572 1535 658 1570 ipsam
686 1535 837 1563 amittimus
853 1545 861 1564 :
880 1537 922 1564 lite
942 1545 985 1565 res

1040 311 1082 328 σιν
1106 303 1181 338 αὐτῷ
1201 304 1247 330 τὸν
1272 303 1401 339 λογισμὸν
1419 305 1585 341 περιτρέψαι
1606 306 1716 334 εὔκολον
1732 308 1827 341 αὐτοῖς

1038 348 1266 376 ἀναδείκνυσθαν
1288 349 1303 384 ἢ
1320 351 1488 382 τούναντίον,
1505 352 1543 387 μὴ
1559 350 1627 380 εῐναι
1645 353 1754 389 ἕτοιμον
1775 356 1826 382 ἀνα

1037 392 1164 427 τιστῆναι
1183 394 1316 427 γενναίως
1332 395 1370 429 τῷ
1387 395 1526 430 βλάψοντι,
1543 397 1592 423 καὶ
1605 397 1690 430 δεῖξαι
1705 400 1760 429 τοῖς
1775 399 1825 434 ἔρ-

1038 446 1107 472 γοις,
1122 439 1159 470 ὡς
1176 440 1337 475 ἰσχυρότερα
1353 442 1386 468 τὰ
1412 442 1454 476 ἐφ’
1479 443 1546 477 ἡμῖν
1563 444 1611 470 καὶ
1627 445 1676 478 τῆς
1693 446 1826 480 προαιρέ-

1040 493 1110 515 σεως
1132 484 1186 511 τῶν
1208 485 1308 519 ἔξωθεν
1333 487 1512 522 ἐπαγομένων
1538 489 1602 523 ἑξῆς
1623 490 1761 518 ἁπάντων.
1793 490 1824 518 Et

1038 530 1091 563 γάρ
1115 539 1156 562 τις
1183 531 1269 558 ἐθέλει
1293 532 1323 558 τὸ
1347 533 1448 566 ἀγαθὸν
1467 534 1584 561 οὑτωσὶν
1603 535 1709 567 ἁπλῶς,
1727 536 1825 564 ἔπειτα

1038 575 1138 610 δεῆσαν
1159 577 1301 611 πράττειν,
1315 578 1329 604 ὁ
1345 577 1367 604 δ’
1387 578 1527 614 ὀλιγώρως
1544 580 1678 607 διάκειται
1692 582 1742 608 καὶ
1756 583 1825 616 ἢμε-

1037 620 1177 655 λημένως,
1188 622 1256 649 πολὺ
1266 622 1316 657 τῆς
1328 624 1500 658 τελειότητος
1509 625 1641 660 ὑστερῶν,
1652 627 1824 654 οὐκέτ’ἔττιν

1039 665 1068 691 ὲν
1084 665 1123 700 τῷ
1136 666 1241 701 ἀγαθῷ,
1253 667 1267 693 ὃ
1280 675 1311 702 γε
1330 668 1443 696 τέλειον.
1464 670 1545 696 Ἀλλὰ
1557 670 1616 702 πῶς
1628 671 1664 698 ἂν
1675 672 1762 698 ταῦτα
1776 675 1824 708 ρᾳ-

1039 711 1103 744 δίως
1126 713 1306 748 διαφύγοιμιῖ
1325 716 1401 750 φησί.
1422 716 1484 748 Τοῖς
1501 717 1556 752 γὰρ
1580 717 1623 744 διὰ
1645 718 1700 745 τῶν
1722 718 1825 752 ἡδονῶν

1039 755 1195 797 ἐξαπατῶσι
1210 760 1257 785 καὶ
1272 760 1449 791 ὑποσαίνουσι
1467 763 1628 798 πράγμασιν
1643 765 1693 791 οὐκ
1706 764 1824 798 ἀγεννής

1039 810 1080 834 τις
1097 803 1206 835 πάντως
1226 804 1313 839 ίσχὺς,
1327 805 1365 837 ὡς
1380 806 1435 833 ἀπὸ
1451 807 1513 840 τῶνζ
1528 808 1702 842 πραγμάτων
1724 809 1825 844 ἔχομεν

1039 848 1152 881 γνῶναι.
1172 849 1269 882 Ἄλλος
1290 851 1346 886 γὰρ
1373 852 1465 884 ἄλλοις
1490 852 1643 887 ἁλίσκεται,
1657 854 1709 881 κᾶν
1724 855 1826 882 ὁπόσον

1041 893 1106 930 θέλῃ
1130 895 1295 931 φιλοσοφεῖν.
1319 899 1374 925 Καὶ
1399 898 1486 930 οὐδεὶς
1510 899 1565 925 τῶν
1589 900 1658 926 ὅλων
1675 901 1823 935 ἀνώτερος.

1004 938 1023 964 Β
1038 940 1105 967 Οὐδὲ
1123 942 1177 975 ἐγὼ
1197 943 1296 978 ῥᾳδίως
1313 944 1396 979 φημὶ,
1419 945 1487 972 ἀλλὰ
1503 947 1604 981 σπουδῇ
1620 947 1667 973 καὶ
1687 949 1824 983 καρτερίᾳ

1037 986 1153 1023 μεγίστῃ
1164 988 1197 1014 τὰ
1208 989 1281 1015 κακὰ
1290 989 1447 1023 διαφεύγειν
1458 990 1599 1023 δύνασθαι,
1612 992 1674 1018 ὅσον
1683 992 1821 1028 ἀνθρώπῳ

1035 1031 1147 1059 δυνατόν
1158 1039 1164 1047 ·
1190 1034 1237 1060 καὶ
1254 1035 1392 1067 τοσοῦτον,
1408 1035 1477 1062 ὥστε
1494 1036 1521 1062 εἴ
1535 1046 1585 1063 που
1602 1037 1649 1064 καὶ
1672 1038 1748 1073 ἁλοίη
1770 1048 1825 1066 πα-

1037 1074 1101 1108 θὼν,
1115 1078 1153 1112 μὴ
1165 1078 1208 1104 διὰ
1222 1079 1302 1106 τοῦτο
1319 1081 1402 1106 κακὸν
1415 1078 1496 1108 εἶναι.
1519 1082 1598 1109 Ἀλλὰ
1612 1083 1646 1109 τὰ
1661 1084 1710 1118 μὲν
1723 1084 1820 1117 πολλὰ,

1036 1123 1115 1156 φησι,
1132 1124 1187 1150 τῶν
1206 1125 1407 1158 φενακιζόντων
1433 1135 1463 1153 τε
1488 1128 1534 1154 καὶ
1559 1128 1716 1163 κηλούντων
1739 1131 1824 1157 διολι-

1036 1169 1167 1206 σοήσαιμ’
1194 1170 1227 1197 ἂν
1257 1171 1332 1203 ἴσως,
1360 1172 1479 1206 ἑμαυτδν
1517 1173 1640 1206 δεδωκὼς
1667 1176 1823 1212 διηνεκέσιν

1034 1217 1141 1251 ἀγῶσι·
1159 1218 1256 1253 κομιδῇ
1282 1218 1310 1244 δὲ
1337 1218 1490 1253 πράγματα
1515 1220 1649 1256 δακνηρὰ.
1679 1222 1822 1257 βιαιότατα

1037 1262 1088 1296 μὲν
1103 1262 1132 1293 ἐς
1152 1261 1248 1297 ἄκρον,
1262 1262 1332 1289 οὕτω
1347 1262 1375 1288 δὲ
1393 1263 1472 1297 φύσει
1487 1265 1602 1300 φοδερὰ,
1621 1266 1658 1297 ὡς
1672 1267 1719 1293 καὶ
1734 1267 1822 1295 δονεῖν

1035 1306 1084 1338 τὰς
1098 1306 1189 1341 ψυχὰς
1213 1307 1281 1342 αὐτῇ
1309 1308 1356 1334 καὶ
1373 1309 1441 1344 μόνῃ
1457 1310 1490 1344 τῇ
1509 1311 1614 1347 μνήμῃ,
1629 1311 1664 1337 δι⁹
1677 1309 1714 1338 ὧν
1728 1314 1823 1346 γυναῐο

1035 1360 1098 1384 κας,
1109 1353 1217 1386 παῖδας,
1228 1354 1262 1379 τὰ
1274 1354 1438 1388 τιμιώτατα,
1453 1355 1519 1381 αὐτὸ
1530 1355 1560 1383 τδ
1575 1357 1624 1392 ζῇν
1635 1357 1821 1393 ζημιούμεϐα.

1035 1398 1059 1423 εἰ
1073 1398 1143 1432 μετὰ
1156 1399 1273 1433 σφοδρᾶς
1285 1400 1424 1434 κωμάσειε
1438 1400 1538 1436 ῥύμης,
1553 1403 1610 1434 πῶς
1624 1403 1656 1429 ἂν
1669 1404 1821 1440 ὑποσταίην

1035 1444 1188 1479 ἀειδήποτε,
1204 1445 1273 1471 ἀλλὰ
1296 1445 1333 1481 μὴ
1350 1447 1524 1474 παντάπασιν
1540 1448 1656 1483 είξαιμι,
1670 1452 1716 1476 καὶ
1732 1447 1822 1486 οὖπιρ

1036 1491 1069 1518 ἂν
1084 1491 1195 1525 ἀγάγοι,
1208 1491 1360 1526 δεδεμένοις
1374 1493 1566 1528 παραπλήσιον
1582 1494 1734 1530 ὲφεψοίμην
1744 1503 1751 1524 ;
1762 1496 1823 1530 ἐρεῖ

1035 1545 1078 1568 τις
1094 1537 1159 1568 ι’σως
1176 1536 1290 1564 τοιαῦτα
1306 1537 1516 1573 ἀνθυποφέρων.
1536 1538 1695 1567 Ἀκούσεται
1708 1541 1735 1567 δὲ
1753 1541 1822 1577 παρ’

197 1582 280 1615 igitur
297 1582 320 1608 si
349 1582 508 1609 vehemente
535 1589 597 1609 cum
616 1582 716 1617 impetu
736 1582 851 1616 irruant,
864 1590 982 1617 quonam

1037 1582 1143 1617 ἀνδρῶν
1157 1583 1185 1609 ὲν
1198 1583 1270 1618 λόγῳ
1279 1583 1389 1615 ζώντων
1400 1585 1447 1611 xa‘t
1458 1586 1630 1621 γενναιότητι
1642 1595 1648 1602 ·
1661 1587 1744 1614 Οὐδὲν
1758 1587 1823 1615 οὔτε

196 1635 243 1654 eas
257 1633 336 1662 pacto
349 1635 456 1662 semper
467 1627 633 1660 sustinuero,
657 1635 706 1655 nec
725 1629 836 1655 omnino
862 1635 982 1663 cessero,

157 1696 159 1698 .
196 1681 361 1708 quocunque
377 1673 513 1706 duxerint,
535 1674 686 1701 vinctorum
703 1674 730 1701 in
757 1682 859 1702 morem
889 1675 984 1702 subse-

197 1720 306 1754 quens?
321 1719 482 1755 Hujusmodi
497 1719 586 1747 denuo
605 1721 681 1747 nobis
701 1720 836 1754 objiciens
847 1721 982 1755 quispiam

197 1765 313 1792 fortasse
325 1764 477 1800 protulerit.
492 1763 527 1791 At
537 1765 593 1792 haec
607 1765 727 1792 vicissim
740 1774 754 1792 a
781 1766 843 1793 viris
855 1774 888 1792 ex
915 1774 982 1800 prae-

197 1812 299 1847 scripto
315 1812 426 1839 rationis
448 1811 651 1840 etfortitudinis
671 1812 836 1845 viventibus,
867 1813 982 1841 audiet:

197 1857 290 1892 Neque
307 1863 333 1884 tu
350 1857 498 1892 quidquam
522 1857 616 1890 sentis,
635 1866 720 1892 neque
746 1858 824 1891 dicis.
849 1858 929 1894 cujus
940 1859 981 1886 vel

198 1911 246 1936 per
270 1910 396 1929 somnum
423 1903 507 1930 oblati
530 1904 618 1930 virum
651 1904 757 1931 ratione
785 1904 939 1938 praeditum,
956 1909 983 1932 et

198 1950 289 1976 animo
306 1948 379 1980 forti,
398 1956 454 1974 non
469 1950 565 1976 merito
590 1949 729 1983 puduerit.
747 1955 774 1977 et
793 1949 872 1984 cujus
899 1957 982 1977 causa

199 2002 254 2021 non
272 2001 367 2028 poenas
386 1999 561 2028 experrectus
576 1994 632 2028 ipse
645 1994 679 2021 de
704 1994 793 2029 seipso
822 1996 981 2029 sumpserit.

200 2039 265 2066 Nam
283 2039 328 2073 qui
345 2046 440 2073 reapse
469 2038 518 2065 viri
547 2043 621 2070 sunt,
644 2039 712 2065 nihil
734 2046 821 2073 neque
845 2041 983 2074 potentius

198 2091 287 2117 neque
304 2083 503 2115 formidabilius
512 2084 670 2111 existimant
680 2091 711 2111 eo
721 2084 765 2119 qui
778 2093 869 2112 revera
886 2090 982 2120 potens

200 2133 242 2156 est
254 2136 285 2155 ac
301 2128 500 2159 formidabilis,
524 2129 606 2155 sicuti
639 2132 687 2155 n‘ec
709 2130 864 2157 amantibus
887 2130 982 2164 pudice

200 2175 349 2208 quidquam
366 2174 509 2200 amabilius
527 2179 553 2200 et
577 2174 783 2202 desiderabilius
811 2183 903 2203 revera
924 2177 983 2211 pni-

200 2220 265 2245 ehro
283 2224 309 2246 et
328 2220 408 2246 beno.
426 2219 530 2253 Quippe
547 2219 605 2245 dira
621 2219 728 2254 quidem
757 2220 889 2255 ejusniodi
918 2229 982 2250 sunt

1038 1630 1157 1663 φρονεῖς,
1175 1628 1237 1656 οὔτε
1252 1629 1353 1663 λέγεις,
1368 1629 1382 1656 ὃ
1397 1630 1435 1665 μὴ
1449 1631 1501 1657 κᾶν
1515 1631 1581 1666 δναρ
1599 1631 1660 1658 ἰδὼν
1673 1633 1743 1668 ἀνὴρ
1757 1642 1824 1668 p.51-

1037 1675 1107 1710 έχων
1123 1676 1201 1710 λόγου
1227 1676 1275 1702 καὶ
1299 1679 1501 1713 γενναιότητος,
1518 1678 1638 1714 ᾐσχύνθη
1653 1688 1682 1705 τε
1700 1681 1769 1707 πάνυ
1783 1681 1824 1708 διο

1021 1722 1028 1735 ³
1040 1721 1136 1752 καίως,
1150 1722 1196 1748 καὶ
1218 1722 1296 1757 δίκην
1320 1731 1352 1757 γε
1375 1724 1424 1759 τὴν
1435 1725 1601 1760 γιγνομένην
1616 1725 1824 1762 ἑξεγειρῦμσνος

1036 1766 1102 1802 παρ’
1115 1766 1193 1798 αὐτὸς
1212 1767 1296 1794 αὐτοῦ
1311 1768 1420 1804 εἴληφε.
1446 1770 1509 1801 Τοῖς
1526 1770 1580 1805 γὰρ
1592 1771 1630 1803 ὡς
1648 1772 1756 1806 ἀληθῶς
1770 1774 1822 1800 ἀν-

1036 1811 1131 1846 δράσιν
1141 1812 1217 1838 οὐδέν
1231 1821 1258 1839 τι
1274 1813 1459 1851 δυνατώτερον
1470 1824 1498 1842 τε
1510 1815 1559 1842 καὶ
1570 1817 1709 1853 φοῦερὼτε
1715 1827 1760 1853 ρον
1771 1820 1820 1848 τοῦ

1035 1857 1120 1889 ὅντως
1143 1858 1256 1886 δυνατοῦ
1283 1868 1313 1886 τε
1341 1861 1388 1887 καὶ
1406 1861 1542 1897 φοϐεροῦ·
1560 1863 1654 1899 ὥσπερ
1679 1866 1740 1893 οὐδὲ
1762 1867 1823 1899 τοῖς

1035 1903 1118 1938 ὲρῶσι
1135 1905 1281 1939 σωφρόνως
1296 1905 1504 1943 ἑρασμιώτερόν
1519 1917 1549 1935 τε
1566 1910 1614 1936 καὶ
1628 1910 1820 1948 ποθεινότερον

1036 1949 1084 1975 τοῦ
1099 1949 1185 1982 ὅντως
1197 1958 1228 1981 γε
1242 1951 1327 1978 καλοῦ
1347 1960 1377 1978 τε
1392 1953 1440 1979 καὶ
1454 1954 1569 1989 ἀγαθοῦ.
1592 1956 1672 1984 Δεινὰ
1687 1957 1737 1993 μιν
1753 1959 1820 1994 γὰρ,

1036 1994 1082 2021 καὶ
1096 1995 1169 2030 πέρα
1191 1996 1285 2024 δεινῶν
1301 1998 1336 2024 τὰ
1350 1998 1464 2026 τοιαῦτα
1476 2008 1483 2016 '
1499 2000 1586 2028 ἔστων
1608 2002 1638 2029 δὲ
1663 2003 1711 2030 καὶ
1736 2013 1822 2032 κατα-

1036 2039 1138 2074 πλῆξαι
1152 2041 1198 2068 καὶ
1217 2044 1378 2071 κατασείσαι
1395 2046 1498 2082 σφόδρα
1512 2047 1651 2083 δυνάμενα
1672 2050 1735 2082 τοὺς
1755 2051 1824 2078 πολ-

1036 2084 1109 2119 λοὺς,
1131 2089 1178 2114 καὶ
1194 2087 1346 2123 ζημιῶσαι,
1373 2091 1455 2118 πάνθ’
1477 2092 1542 2127 ἑξῆς
1561 2095 1630 2129 μετὰ
1645 2095 1692 2122 τοῦ
1719 2097 1771 2132 ζῇν
1786 2099 1822 2125 τὰ

1035 2131 1157 2166 παρόντα
1174 2134 1237 2165 τοὺς
1263 2136 1356 2168 αὐτοῖς
1382 2137 1610 2173 ἀνθισταμένους,
1637 2142 1680 2169 ινα
1697 2151 1744 2169 σου
1768 2145 1823 2171 τῶν

1036 2177 1194 2224 ὑπερϐολῶν
1221 2181 1358 2216 μηδεμίαν
1376 2175 1562 2220 ἀφελώμεθαῘ
1586 2189 1615 2214 οὐ
1633 2188 1687 2224 μὴν
1710 2191 1823 2219 τοιαῦτά

1035 2231 1066 2256 γε
1080 2223 1146 2261 own
1164 2225 1260 2260 (ἔστων
1275 2227 1302 2253 δὲ
1316 2228 1363 2254 καὶ
1379 2230 1475 2263 πλείω,
1487 2233 1510 2257 εί
1523 2231 1638 2268 βούλει),
1649 2223 1762 2267 ἀντάξια
1773 2237 1823 2272 δή-

199 2271 225 2292 et
242 2266 390 2299 plusquam
401 2265 548 2298 dira.Quiu
560 2266 641 2292 etiam
656 2266 763 2297 demus.
775 2273 804 2294 ut
815 2268 938 2297 territare
956 2278 984 2298 ac

1041 2269 1140 2316 ‘l'tOLaOE‘I
1154 2269 1243 2307 deﬁxi);
1266 2273 1311 2299 καὶ
1334 2273 1413 2310 δόξης
1435 2265 1635 2314 ἀληθεστάτης,
1647 2280 1682 2307 δι’
1695 2282 1712 2308 ἆ
1775 2265 1823 2311 κᾷι

199 2311 294 2345 vulgus
308 2304 446 2336 hominum
466 2310 611 2345 pcrceliere
633 2311 807 2339 vehementer
827 2314 939 2347 possint,
957 2321 983 2343 et

199 2357 291 2382 omnia
311 2356 388 2390 plane
403 2356 473 2382 bona
492 2357 634 2391 praesentia
650 2365 710 2384 cum
724 2359 779 2391 ipsa
795 2359 846 2386 vita
856 2361 984 2388 resisten-

200 2401 273 2427 tibus
289 2400 419 2432 adimere,
433 2406 493 2428 tuas
508 2406 537 2428 ut
555 2401 601 2428 tibi
626 2403 827 2437 superlationes
850 2405 908 2431 illas
928 2413 985 2433 om-

202 2454 250 2473 nes
262 2446 454 2479 concedamus,
480 2454 534 2474 non
562 2453 662 2479 tamen,
694 2449 799 2476 etiamsi
831 2450 893 2477 talia
929 2451 985 2478 sint

199 2495 367 2528 (quanquam
383 2493 460 2527 plura
477 2502 596 2528 quoque,
615 2495 637 2522 si
656 2495 742 2526 voles,
757 2497 876 2530 demus),
900 2499 984 2533 tequi-

199 2539 319 2574 paranda
340 2546 400 2565 cum
417 2539 508 2567 animo
531 2541 724 2577 verissimaque
753 2543 838 2576 gloria
862 2544 983 2576 veniunt,

199 2593 316 2620 quorum
335 2586 474 2613 causavel
499 2586 584 2621 ipsam
609 2587 701 2620 vitam,
717 2590 762 2624 qui
785 2591 863 2625 sapit,
900 2591 983 2618 multa

202 2639 262 2658 eum
275 2632 415 2658 alacritate
431 2632 591 2666 profuderit.
603 2634 656 2660 Par
667 2635 738 2661 enim
765 2635 836 2663 istud
855 2644 897 2663 res
917 2637 984 2664 alias

201 2676 343 2705 universas
360 2678 473 2704 nimium
492 2674 621 2713 quantum
649 2681 793 2708 excellitet
812 2687 932 2716 superat.
951 2684 985 2711 At

203 2723 248 2750 illa
261 2724 362 2755 gravia,
378 2731 438 2758 qua:
455 2729 483 2751 lu
500 2732 716 2753 commemorans
740 2727 932 2756 exhorrescere
947 2729 985 2756 ri-

201 2769 322 2801 debaris,
351 2769 458 2798 etiamsi
482 2771 545 2805 quis
569 2772 672 2799 irruere
694 2773 837 2801 confertim
864 2780 985 2802 extrema

200 2822 262 2842 cum
281 2816 428 2844 acerbitate
444 2819 621 2850 concesserit,
648 2823 737 2847 tamen
754 2828 803 2848 nec
825 2821 916 2849 animo
938 2822 986 2849 de—

202 2861 361 2889 trimentum
380 2862 509 2895 afferunt,
528 2864 673 2898 siquidem
689 2865 712 2892 ei
736 2874 788 2892 non
805 2867 886 2893 etiarn
905 2868 986 2894 velte-

202 2912 306 2935 menter
336 2908 503 2941 conducunt,
541 2917 590 2937 nec
617 2909 755 2938 infamiam
788 2912 945 2946 conciliant,
965 2913 986 2940 si

1037 2315 1067 2341 τὸ
1092 2316 1149 2363 ζῇνὶ
1164 2317 1229 2344 αὐτὸ
1253 2318 1310 2351 δοίη
1331 2329 1372 2352 τις
1398 2321 1431 2348 ἂν
1447 2322 1476 2348 εὖ
1501 2324 1610 2358 φρονῶν
1631 2328 1702 2360 μετὰ
1722 2329 1822 2364 πολλῆς

1038 2361 1202 2396 προρυμίας.
1220 2362 1294 2397 Αὕτη
1315 2362 1370 2399 γὰρ
1387 2366 1402 2399 ὴ
1421 2365 1537 2401 ξυνωρὶς
1552 2369 1597 2395 τοῦ
1618 2373 1718 2403 παντὸς
1736 2361 1822 2408 enipi;

1038 2415 1126 2433 κειται
1144 2411 1214 2441 μετὰ
1235 2412 1342 2445 μακρᾶς
1365 2412 1414 2446 τῆς
1439 2413 1603 2449 ὑπερὸολῆς.
1624 2416 1732 2446 Ἐκεῖνα
1746 2419 1774 2445 δὲ
1788 2420 1822 2448 τὰ

1038 2453 1168 2488 δυσχερῆ,
1179 2455 1196 2482 ἃ
1209 2455 1240 2481 σύ
1254 2465 1285 2490 γε
1301 2456 1388 2491 λέγων
1404 2459 1507 2490 ἐδόκεις
1522 2461 1655 2495 φρίττειν,
1670 2464 1720 2490 κᾶν
1734 2464 1822 2500 ἀθρόα

1038 2499 1095 2534 δοίη
1113 2508 1155 2531 τις
1169 2501 1344 2537 είσκωμάσαι
1371 2505 1442 2538 μετὰ
1465 2506 1630 2541 δριμύτητος
1645 2509 1744 2544 ἄκρας,
1759 2510 1822 2539 οὔτε

1040 2545 1153 2581 βλάπτει
1167 2548 1216 2583 τὴν
1229 2549 1329 2584 ψυχὴν,
1342 2551 1365 2577 εί
1383 2552 1421 2588 μὴ
1435 2554 1481 2579 καὶ
1500 2555 1603 2589 σφόδρα
1616 2556 1747 2591 ὀνίνησιν,
1761 2558 1822 2586 οὔτ’

1039 2592 1148 2624 ἀδοξίαν
1176 2595 1313 2630 προξενεῖ,
1330 2598 1355 2623 εί
1382 2599 1420 2634 μὴ
1446 2596 1492 2625 κάι
1517 2601 1653 2635 λαμπρῶς
1681 2606 1822 2636 στεφανοῖ.

1041 2638 1129 2670 Ὀλως
1153 2639 1180 2666 δὲ
1196 2641 1230 2667 τὰ
1247 2641 1356 2678 λυπηρὰ
1374 2646 1414 2675 είς
1439 2645 1523 2672 ἑαυτὰ
1539 2647 1722 2682 στρεφόμενα,
1736 2648 1773 2680 ὡς
1790 2651 1823 2677 τὰ

1041 2685 1249 2720 πολυφλοίσϐοιο
1275 2689 1408 2725 θαλάττης
1435 2691 1557 2726 κύματα.
1577 2693 1729 2722 διαλύεται.
1750 2696 1783 2722 Εἰ
1796 2697 1822 2724 δὲ

1041 2731 1197 2777 infligunt)
1220 2736 1264 2760 καὶ
1289 2736 1395 2770 μακρὸν
1413 2737 1473 2771 μεθ’
1484 2739 1551 2772 ὅσης
1564 2739 1597 2766 ἄν
1612 2749 1652 2771 τις
1667 2741 1740 2768 εἴποι
1757 2750 1823 2777 σφο-

1041 2774 1167 2809 δρότητος
1183 2779 1229 2804 καὶ
1244 2780 1412 2814 πλεονεξίας,
1429 2782 1497 2808 ἀλλὰ
1513 2784 1589 2810 πᾶσα
1604 2785 1620 2819 ή
1639 2785 1764 2820 παροῦσα
1777 2774 1822 2821 ξη-

1043 2821 1090 2855 μία
1105 2822 1155 2856 τῆς
1170 2824 1218 2858 ἤδη
1236 2826 1386 2861 τρεχούσης
1413 2828 1486 2854 ἐστὶν
1504 2830 1610 2864 ἡμέρας
1624 2851 1632 2862 ,
1649 2832 1672 2857 εἰ
1688 2832 1715 2858 δὲ
1734 2832 1822 2867 βούλει

1041 2875 1073 2900 γε
1090 2870 1205 2903 στιγμῆς
1218 2877 1225 2884 ο
1242 2872 1286 2897 καὶ
1304 2872 1332 2897 ὲν
1348 2874 1449 2907 ἀκαρεῖ
1464 2875 1581 2907 γίνεται,
1595 2876 1626 2909 ἢν
1643 2877 1767 2912 ἀκριεῶς
1783 2887 1823 2909 τις

1044 2914 1168 2950 σκοπήσῃ
1184 2916 1216 2942 τὰ
1243 2919 1305 2952 περὶ
1323 2915 1417 2946 τῶνδε.
1441 2921 1497 2948 Καὶ
1523 2922 1758 2958 συλλαμϐάνονται
1781 2932 1824 2960 μοι
