1937 3078
107 109 164 141 433

814 119 1032 153 ORATIOIIII.

1686 124 1737 156 lli

105 169 138 194 τὸ
156 169 228 204 ὑπὲρ
242 169 346 198 τούτων
363 173 584 209 παραιτούμενον
611 176 683 211 μέγα
697 175 725 213 ᾗ,
738 177 786 204 καὶ
803 186 899 213 μονον-

953 179 1071 208 habeant
1103 187 1153 207 cur
1172 179 1246 208 nulla
1279 181 1315 209 sit
1333 181 1500 216 emendatio,
1533 183 1641 210 veniam
1669 191 1736 210 sane

105 215 170 249 ουχὶ
197 217 297 248 κοινῶς
310 217 438 246 ἁπάντων
453 221 517 256 ἑξῆς
532 223 632 258 κρατῇ.
645 223 681 249 Τὸ
698 223 753 260 γὰρ
767 224 815 251 ἕνα
827 233 892 256 που,

105 264 155 290 καὶ
171 263 229 295 δύο.
249 265 318 301 ὑπὲρ
332 266 456 300 ἅπαντας
478 270 606 304 φανῆναι,
627 272 659 298 οὐ
683 273 757 298 ποιεῖ
780 272 892 304 τούτους

107 311 280 345 μεμπτέους.
297 313 334 339 Οὐ
346 314 400 349 γὰρ
417 316 431 341 ὁ
447 316 540 350 φυγὼν
559 318 672 352 μυρίους
685 318 739 345 τῶν
755 319 894 354 πολεμίων

107 355 196 388 Eulog
207 357 286 389 εὐθὺς
302 360 476 394 κριθήσεταιλ
491 362 518 388 εἰ
532 372 573 394 τις
588 363 619 398 δὴ
635 364 762 392 τεθνάναι
778 366 893 400 κέκρικε

107 402 162 436 πρὸ
177 404 225 429 τοῦ
244 406 276 439 τῇ
301 407 375 441 φυγῇ
394 408 561 441 χρήσασθαι.
583 410 709 439 Δείκνυσι
727 411 756 438 δὲ
771 412 893 439 κάκεῖνο.

105 449 172 481 Τοῖς
185 449 240 485 γὰρ
258 452 339 487 πενίᾳ.
362 454 544 487 πιεζομένοις,
561 456 578 491 ἦ
594 465 647 483 τινι
670 458 739 492 νόσῳ
756 467 895 493 τετρυχω-

109 495 214 529 μένοις,
224 496 294 523 ὥστε
311 498 445 533 μηδαμῶς
457 501 588 528 δύνασθαι
599 502 648 531 τὰς
659 503 724 537 γοῦν
736 503 893 538 ἐφημέρους

106 542 213 575 τροφὰς
229 543 403 576 πορίζεσθαι,
419 546 465 578 ars
482 548 526 572 ὠν
542 547 600 581 βίον
614 549 651 583 μὴ
666 550 826 584 δυναμένοις
840 550 894 576 ἀπὸ

106 586 162 612 τῶν
179 588 280 621 χειρῶν
298 591 447 622 ποιεῖσθαι,
473 593 507 618 ἂν
527 594 597 628 μετὰ
618 594 699 629 λιμόν
722 603 784 622 τινα
803 595 894 629 ὀλίγου

106 631 163 658 δεῖν
181 634 317 668 ἀφόρητον
341 637 464 663 ἐπαιτεῖν
479 638 652 673 ἐπιχειρῶσι.
679 642 826 675 νεμεσήσει
844 642 895 675 μὲν

107 679 198 710 οὐδεὶς
233 681 287 707 τῶν
308 684 519 718 σωφρονούντων
543 686 705 721 ἀνθρῴπων,
730 687 896 722 συναλγήσει

107 725 136 754 δὲ
154 727 201 753 καὶ
218 729 273 760 πᾶς
288 737 342 762 τις,
356 731 384 761 ὃς
404 739 435 764 γε
453 732 502 766 τὴν
518 733 598 766 φύσιν
622 733 767 760 ἐπίσταται
783 734 831 760 καὶ
846 734 896 770 τὴν

108 771 196 808 τύχην
209 774 303 809 κοινὴν
317 776 400 803 οὖσαν
414 777 581 812 ἀνθρώποις,
597 779 666 813 μηδὲ
680 780 768 806 ἐκεῖνο
779 780 885 814 ἀγνοῶν

108 819 146 846 ὼε
161 820 219 846 ἔστι
235 829 267 855 γε
281 822 311 848 τδ
329 822 427 856 μέλλον
443 824 629 859 ἀτέκμαρτον,
652 825 698 852 καὶ
717 826 796 852 τοῦτο
816 827 896 861 μόνον

110 866 194 893 αὐτοῦ
220 868 317 902 σαφὲς,
338 869 368 896 τὸ
393 870 483 901 πάντα
509 871 618 905 μέλλειν
641 872 706 898 αὐτὸ
725 873 826 908 κυκᾷν,
851 874 899 901 καὶ

110 913 240 947 στρέφειν
252 914 309 942 ἄνω
322 917 369 942 καὶ
384 916 472 950 κάτω,
485 917 584 952 τροχοῦ
597 926 671 949 τινος
688 918 777 953 δίκην.
792 919 829 945 Οὐ
846 918 900 953 μὴν

109 959 179 986 ἀλλὰ
197 961 244 986 καὶ
264 961 310 988 τὸν
332 963 361 987 ὲν
376 964 548 1003 νυκτομαχίᾳ
563 965 607 990 τδν
626 964 684 990 υἱδν
700 965 900 992 ἀποκτείναντα

109 1004 159 1040 οὐχ
174 1006 249 1037 ὅπως
259 1006 292 1033 ἄν
304 1015 346 1038 τις
361 1007 505 1041 μισήσειεν
517 1006 545 1034 εὖ
559 1008 678 1043 φρονῶν.
693 1008 760 1035 ἀλλὰ
776 1009 822 1035 καὶ
837 1009 902 1036 πολ-

109 1049 158 1077 λοῦ
175 1050 268 1082 ἐλέους
294 1052 369 1084 ἄξιον
387 1053 515 1087 ἡγήσαιτ’
533 1053 583 1086 ἂν,
614 1051 704 1087 οἶμαι.
732 1055 787 1080 Καὶ
813 1055 837 1081 εί
862 1055 902 1081 δεῖ

109 1097 254 1132 συντόμως
266 1099 354 1124 εἰπεῖν
369 1099 433 1134 περὶ
445 1101 560 1126 τουτωνὶ
577 1101 631 1126 τῶν
645 1101 901 1136 ἀμφισῦητησίμων

106 1142 332 1178 ἁμαρτημάτων,
351 1144 447 1180 ὥσπερ
461 1145 594 1181 αἰσχύνης
612 1146 658 1172 καὶ
674 1146 804 1181 μέμψεως
827 1147 901 1174 ἐλευ-

110 1189 210 1224 θεροῦν
227 1190 331 1224 πέφυκε
351 1190 386 1217 τὰ
402 1191 518 1226 ἔναγχος
532 1193 601 1231 ἡμῖν
617 1193 754 1227 εἰρημένα
767 1194 832 1229 περὶ
852 1193 899 1220 τοῦ

109 1237 253 1270 ἀκουσίου,
272 1237 344 1264 οὕτω
365 1237 414 1264 καὶ
431 1238 466 1264 τὰ
483 1238 595 1265 ἐναντία
618 1239 648 1265 τὸ
669 1239 791 1265 ἐναντίον
813 1240 900 1266 ποιεῖν

109 1282 202 1313 εἴωθε,
228 1283 275 1309 καὶ
298 1282 344 1309 τὸν
361 1283 549 1319 ἐργαζόμενον
573 1284 659 1311 ταῦτα
676 1285 783 1311 πολλῶν
805 1284 900 1312 κακῶν

110 1328 263 1355 ὑπεύθυνον
279 1329 436 1364 ἀποφαίνει.
451 1330 489 1358 Οὐ
507 1332 559 1366 μὴν
580 1331 637 1357 ἀλλ’
655 1331 768 1358 ἐπειδὰν
783 1332 899 1359 κάκεῖνο

112 1375 217 1409 συμὸῇ.
232 1375 346 1402 ἀπεῖναί
361 1384 385 1402 τι
409 1375 463 1402 τῶν
484 1375 591 1403 ἁθωοῦν
616 1377 789 1411 πεφυκότων,
807 1377 899 1412 ὀλίγου

110 1421 167 1448 δεῖν
180 1422 210 1448 τὸ
232 1422 319 1455 βίαιον
335 1423 456 1457 ὡσπερεὶ
470 1422 605 1458 θελήσεως
618 1425 814 1460 νομισθήσεται
826 1434 833 1441 ·
853 1434 898 1452 το-

110 1468 206 1496 σοῦτόν
228 1478 259 1504 γε
268 1471 315 1503 τῆς
338 1469 507 1505 πλάστιγγος
523 1471 591 1505 πρὺς
607 1470 638 1497 τὺ
655 1471 790 1501 ἑκούσιον.
811 1468 898 1508 οἶμαι,

112 1517 262 1552 ῥεπούσης.
283 1516 382 1542 ὁπόσον
397 1524 423 1542 τι
448 1515 499 1550 τῆς
520 1515 650 1550 γνώσεως
667 1516 683 1551 ἧ
699 1517 748 1551 τῆς
771 1517 902 1552 προαιρέ-

112 1570 183 1594 σεως
210 1562 325 1597 μιξομεν
340 1563 398 1593 τοῖς
414 1562 456 1596 ἐφ’
479 1562 546 1597 ἡμῖν
565 1562 737 1596 πράγμασιν.
761 1562 820 1597 Ἐφ’
838 1563 901 1590 ὅσον

110 1609 167 1643 γὰρ
181 1609 214 1635 ἂν
229 1610 259 1635 τὸ
277 1608 366 1636 θέλειν
385 1609 433 1636 καὶ
450 1609 479 1635 τὸ
501 1608 604 1643 γνῶναι
629 1610 697 1643 ἡμῖν
718 1609 819 1644 παρείη
833 1630 839 1642 ,
855 1610 901 1636 ἐπὶ

111 1654 243 1682 τοσοῦτον
255 1654 392 1689 παρέσται
407 1655 437 1681 τὸ
452 1655 572 1683 ἀπολὺον
589 1655 690 1686 αίτίας.
706 1655 855 1690 Συμόαίνει
869 1655 900 1690 δὴ

111 1701 207 1732 (καλὸν
220 1701 275 1736 γὰρ
289 1697 366 1736 οἶμαι
386 1701 564 1737 συναγαγεῖν)
577 1701 607 1727 τὸ
622 1702 672 1736 μὲν
688 1703 717 1728 ἐν
732 1702 839 1737 γνώμῃ,
854 1703 901 1728 καὶ

112 1747 207 1782 βουλῇ,
225 1747 272 1773 καὶ
288 1747 450 1783 προαιρέσει
476 1747 652 1782 γιγνόμενον,
675 1748 705 1775 οὗ
723 1749 771 1775 καὶ
793 1749 809 1784 ἡ
830 1748 902 1783 ἀρχὴ

111 1794 180 1828 παρ’
193 1793 273 1828 ἡμῶν
288 1794 357 1826 ἐστι,
378 1794 486 1828 καὶτῆς
498 1794 637 1829 ἡμετέρας
654 1794 798 1829 δυνάμεώς
813 1804 842 1821 τε
855 1795 902 1821 καὶ

111 1840 249 1873 ἐξουσίας,
268 1840 348 1867 τοῦτο
371 1837 444 1868 εἶναι
459 1841 490 1867 τὸ
517 1842 582 1877 παρ’
599 1842 666 1876 ἡμῖν
684 1841 809 1868 ἑκούσιον
824 1843 903 1876 ἀκρι-

112 1885 178 1917 ϐῶς·
196 1885 227 1912 τὺ
248 1885 275 1912 δὲ
300 1885 361 1912 κατ’
376 1886 490 1920 ἄγνοιαν
513 1885 636 1921 παντελῆ
649 1906 657 1918 ,
675 1885 750 1912 τοῦθ’
768 1886 903 1921 ὑπάρχειν

111 1931 242 1958 ἀκούσιον
256 1930 399 1965 καθαρῶς
419 1931 467 1959 καὶ
483 1931 513 1957 τὺ
536 1931 587 1966 μὲν
602 1931 726 1958 καλό-ιλτε
742 1932 788 1958 καὶ
801 1932 902 1966 ἀγαθὸν

112 1974 246 2005 ἑκουσίως
263 1974 437 2009 γιγνόμενον,
452 1974 532 2001 τοῦτο
551 1972 623 2001 εἶναι
642 1975 692 2010 τὴν
705 1976 821 2010 ἀρετήν·
835 1976 865 2002 τὸ
880 1976 902 2003 δ’

111 2021 235 2048 ἑναντίον
252 2021 409 2047 παντάπασι
425 2020 464 2055 τῷ
481 2019 557 2055 καλῷ
573 2021 706 2053 ἑκουσίως
729 2022 902 2057 γιγνόμενον,

111 2068 193 2095 τοῦτο
209 2065 280 2094 εἶναι
294 2067 345 2103 τὴν
361 2068 472 2095 κακίαν.
494 2066 549 2093 Καὶ
570 2067 690 2094 καθόσον
706 2068 756 2102 μὲν
767 2068 816 2101 τῆς
832 2068 904 2102 γνώ.

113 2122 168 2149 μης
180 2113 212 2140 τὸ
227 2113 425 2149 πεπραγμένον
441 2113 492 2140 οὐκ
516 2113 586 2146 ἐστι,
604 2113 734 2140 τοσοῦτον
749 2114 811 2149 μηδ’
833 2113 902 2150 εἶναι

112 2161 279 2195 ἀμάρτημα’
300 2159 400 2186 ὁπόσον
412 2159 440 2186 δὲ
454 2168 486 2194 γε
504 2160 606 2194 ταύτης
623 2160 694 2191 ἐστὶ,
709 2159 839 2186 τοσοῦτον
854 2160 900 2187 καὶ

112 2208 254 2239 κολάσεως
268 2206 355 2240 ἄξιον.
372 2207 408 2234 Τὸ
426 2207 481 2241 γὰρ
495 2206 665 2242 δὴρμικρὺν
682 2207 778 2239 κακὸν,
804 2207 901 2243 γνώμῃ

112 2254 362 2290 διαπραττόμενον,
379 2253 451 2289 μέγα
471 2253 516 2286 ἂν,
542 2253 656 2285 δικαίως
682 2254 853 2289 παρενέγκιι
869 2252 915 2289 τῇ“

113 2301 236 2330 καθαυτδ
250 2301 387 2336 ποιότητι,
403 2300 450 2327 καὶ
462 2299 496 2326 τὰ
511 2299 603 2334 πολλῷ
620 2300 732 2334 μεγέθει
745 2300 823 2326 τοῦτο
834 2309 903 2336 πιρ-

110 2348 286 2382 ενεγκόντα,
312 2347 426 2375 ἐπειδὰν
456 2346 574 2373 ἀκούσια
605 2346 681 2373 ταῦτ’
709 2347 820 2382 ἐπέλθῃ.
848 2347 903 2373 Καὶ

111 2395 219 2429 γίνεταί
235 2403 293 2426 πως
308 2395 349 2422 είς
367 2393 497 2429 μέμψεως
513 2393 593 2427 λόγον
605 2393 635 2419 τὸ
650 2393 738 2427 βραχὺ
754 2394 787 2428 τῇ
805 2401 904 2428 apem.

112 2441 188 2476 ρέσει
211 2441 376 2476 γιγνόμενον
395 2440 480 2467 κακόν
498 2440 592 2474 μεῖξον
612 2440 673 2473 μεθ’
688 2439 755 2474 ὅσης
782 2439 902 2475 ὑπερσο-

111 2487 172 2522 ὶῆς,
187 2486 234 2513 τοῦ
254 2485 390 2517 ἀκουσίως
407 2487 473 2521 ἡμῖν
492 2486 705 2521 συμϐαίνοντος,
723 2485 776 2512 κᾶν
792 2486 832 2513 ὅτι
853 2487 901 2521 μὲ-

112 2541 206 2567 γιστον
224 2530 295 2560 εῖναι
315 2532 396 2560 τοῦτο
411 2533 488 2567 δοκῇ.

948 225 1154 253 convenientem
1171 227 1367 264 impetrabunt,
1386 233 1413 255 et
1433 236 1631 263 nonnunquam
1660 236 1736 256 com-

949 272 1127 301 miseratione
1144 281 1253 309 quoque
1283 275 1358 309 digni
1384 275 1569 304 censebuntur
1587 283 1594 301 :
1610 281 1678 304 ιιιιιι.
1697 276 1737 302 in-
1783 299 1789 313 τ

945 325 1038 352 quam,
1053 326 1114 346 cum
1138 320 1209 354 quod
1225 328 1271 347 eos
1303 325 1428 353 excusat,
1446 328 1573 355 magnum
1604 321 1733 355 quiddam
1779 344 1781 346 .

946 370 999 401 εει,
1013 369 1173 400 tantumque
1193 374 1245 393 non
1266 366 1408 394 universos
1429 371 1552 400 superat.
1570 366 1635 392 Nam
1650 375 1735 394 unum

944 410 1026 442 forte,
1042 411 1082 438 vel
1095 407 1211 439 alterum
1220 412 1386 447 quempiam,
1398 416 1515 446 caeteros
1525 413 1735 439 autenelluissc:

947 457 974 483 id
992 464 1056 483 vero
1069 465 1121 484 non
1141 458 1205 484 facit
1222 463 1251 485 ut
1269 459 1296 484 hi
1311 459 1552 492 reprehensionem
1568 463 1737 488 mereantur;

948 511 1001 529 non
1012 503 1085 530 enim
1100 504 1132 535 is,
1144 505 1189 538 qui
1203 504 1296 531 hostes
1310 505 1431 531 inﬁnitos
1448 513 1530 539 prope
1540 504 1617 538 fugit.
1633 505 1737 530 ideirco

950 557 1011 576 mox
1024 549 1136 576 timidus
1151 550 1306 583 habebitur,
1322 551 1393 585 quod
1412 552 1482 583 alius
1498 551 1559 585 quis
1572 550 1638 577 mori
1654 550 1739 576 malu-

948 596 1011 627 erit,
1027 604 1107 632 quam
1129 597 1192 631 fuga
1209 597 1260 624 sibi
1290 598 1445 625 consulere.
1471 597 1572 624 Probat
1586 597 1658 623 idem
1686 597 1738 623 ltoc

949 649 1069 676 quoque.
1083 641 1246 677 Paupertate
1261 643 1373 677 pressis,
1390 648 1436 670 aut
1450 644 1546 670 morbo
1558 643 1687 678 quopiam
1700 643 1739 669 sic

949 687 1066 719 alllictis,
1087 692 1117 714 ut
1129 679 1258 714 alimenta
1274 689 1434 722 quotidiana
1450 689 1525 716 nullo
1540 689 1620 715 modo
1644 696 1740 715 conse-

950 734 997 768 qui
1016 733 1130 768 possint,
1145 733 1227 760 veluti
1242 733 1288 768 qui
1305 734 1406 761 victum
1426 734 1554 760 manibus
1570 734 1627 761 suis
1642 740 1738 768 parare

952 783 1102 814 nequeant.
1121 779 1143 806 si
1167 784 1228 814 post
1244 778 1343 806 famem
1359 779 1558 815 propemodum
1580 779 1740 806 intolerabi-

950 826 1003 859 lem
1020 824 1179 852 mendicare
1204 830 1351 857 conentur,
1375 825 1551 852 succensebit
1572 832 1664 856 nemo,
1691 824 1737 857 qui

951 871 1080 899 molestus
1093 878 1154 898 esse
1163 870 1245 902 volet,
1260 870 1305 898 sed
1316 879 1395 898 nemo
1407 878 1460 898 non
1474 871 1563 905 potius
1573 869 1739 902 condolellit,

951 916 994 943 cui
1011 915 1119 951 quidem
1132 915 1188 950 ipsa
1201 920 1297 941 natura
1308 915 1414 949 cognita
1424 915 1469 946 sit,
1485 919 1512 940 et
1523 914 1679 940 communis
1692 913 1737 940 illa

952 969 1012 989 sors
1028 961 1186 988 mortalium
1203 968 1209 994 ;
1228 962 1332 995 quique
1359 967 1408 987 nec
1435 959 1501 986 illud
1533 960 1649 993 ignoret,
1678 966 1739 985 ossa

952 1006 1109 1035 futurorum
1137 1012 1252 1034 eventus
1265 1007 1407 1036 obscuros.
1423 1006 1506 1039 idque
1535 1006 1623 1032 solum
1653 1003 1679 1029 in
1699 1010 1741 1029 eis

952 1053 1126 1088 perspicuum
1156 1057 1184 1079 et
1213 1052 1400 1084 tuetiifestum,
1436 1051 1558 1077 futurum
1590 1055 1615 1076 ut
1648 1049 1739 1074 omnia

952 1101 1130 1131 misceantur,
1148 1105 1173 1126 ct
1183 1099 1271 1131 instar
1288 1103 1353 1125 rota:
1367 1104 1476 1124 sursum
1487 1096 1614 1129 deorsum
1627 1095 1741 1121 \‘0l\an-

953 1151 1006 1174 tur.
1028 1145 1098 1179 Quin
1118 1145 1200 1171 etiam
1216 1144 1238 1171 si
1259 1143 1322 1178 quis
1342 1143 1368 1169 in
1396 1142 1488 1177 praelio
1505 1147 1640 1168 nocturno
1655 1140 1739 1167 ﬁlium

952 1201 1031 1221 suum
1047 1191 1224 1224 interfecerit,
1240 1197 1302 1217 eum
1320 1193 1425 1216 tantum
1445 1188 1521 1215 abest
1545 1193 1573 1214 ut
1587 1187 1650 1213 odio
1679 1194 1740 1220 prr-

951 1243 1082 1274 sequatur
1096 1237 1178 1264 homo
1198 1240 1287 1263 mente
1316 1233 1458 1269 prteditus,
1494 1238 1523 1260 ut
1547 1233 1640 1264 etiam,
1679 1239 1740 1258 mea

952 1284 1062 1320 quidem
1076 1281 1223 1313 sententia,
1241 1280 1353 1315 dignum
1383 1285 1478 1313 magna
1500 1278 1741 1305 commisvratioue

951 1333 1073 1358 censeat.
1086 1326 1163 1360 Quod
1180 1325 1202 1355 si
1216 1325 1335 1353 breviter
1348 1323 1499 1358 aliquidde
1515 1322 1653 1356 ambiguis
1667 1322 1743 1349 hisce

951 1376 1059 1406 delictis
1072 1380 1114 1403 est
1129 1373 1287 1406 dicendum,
1299 1373 1369 1400 sicut
1384 1372 1418 1399 ab
1440 1366 1593 1407 ignominia
1608 1376 1635 1398 et
1648 1378 1741 1405 repre-

951 1423 1084 1452 hensione
1100 1422 1216 1449 liberare
1231 1421 1331 1452 solent,
1353 1428 1414 1455 qua:
1428 1419 1509 1454 paulo
1525 1423 1588 1445 ante
1603 1419 1637 1445 de
1662 1418 1740 1444 invo-

952 1470 1073 1499 luntario
1101 1469 1171 1497 dicta
1190 1472 1255 1495 sunt
1269 1475 1284 1494 a
1300 1466 1391 1498 nobis,
1410 1466 1446 1493 ita
1467 1465 1607 1493 contraria
1632 1472 1743 1499 quoque

913 1520 937 1551 C
953 1517 1119 1548 contrarium
1137 1515 1227 1544 farere
1241 1517 1456 1545 consueverunt,
1484 1518 1511 1540 et
1538 1516 1743 1547 perpetrantem

953 1573 985 1592 ea
1005 1564 1098 1592 multis
1113 1562 1191 1590 malis
1212 1561 1363 1588 obnoxium
1381 1560 1503 1589 reddere.
1524 1558 1578 1586 Nec
1593 1567 1648 1585 nou
1677 1559 1700 1585 si
1717 1563 1744 1584 et

953 1612 1018 1640 illud
1057 1609 1236 1641 usuveuerit,
1270 1614 1300 1635 ut
1327 1607 1430 1643 aliquid
1463 1615 1556 1635 eorum
1584 1607 1655 1634 absit
1682 1614 1744 1641 qure

952 1658 1089 1686 hominem
1119 1657 1198 1691 culpa
1220 1655 1336 1683 liberare
1362 1654 1461 1686 solent,
1490 1654 1687 1689 propemodum
1716 1653 1741 1680 id

953 1705 1025 1740 quod
1043 1704 1070 1731 vi
1088 1703 1191 1735 factum
1207 1706 1249 1729 est
1265 1701 1346 1736 quasi
1362 1700 1493 1728 voluntati
1517 1700 1664 1732 tribuetur,
1681 1703 1742 1726 tan-

954 1748 1073 1777 tumdem
1092 1747 1177 1780 lance,
1198 1751 1227 1774 ut
1242 1746 1371 1777 arbitror,
1388 1745 1420 1772 ad
1451 1745 1636 1772 voluntarium
1665 1745 1744 1772 incli-

953 1799 1036 1823 nante
1052 1798 1185 1829 quantum
1203 1800 1271 1820 sane
1291 1796 1349 1819 tum
1362 1791 1495 1824 scientiae,
1511 1798 1574 1818 cum
1604 1791 1746 1818 electionis

953 1840 1038 1869 animi
1051 1840 1133 1867 rebus
1148 1839 1174 1866 in
1193 1842 1285 1866 nostra
1302 1841 1440 1873 potestate
1465 1837 1563 1872 positis
1580 1837 1745 1865 admiscebi-

954 1893 1025 1913 mus.
1043 1884 1184 1918 Quatenus
1213 1884 1285 1911 enim
1303 1884 1430 1910 voluntas
1441 1887 1468 1910 et
1493 1883 1578 1910 animi
1610 1883 1745 1910 sententia

955 1933 1033 1959 nobis
1050 1931 1180 1964 adfuerit,
1197 1935 1314 1958 eatenus
1328 1934 1354 1957 et
1370 1929 1500 1957 liberatio
1516 1938 1530 1956 ιι
1546 1929 1625 1964 culpa
1641 1929 1741 1957 aderit.

954 1977 1084 2010 Sequitur
1104 1983 1169 2011 ergo
1184 1975 1259 2011 (nam
1274 1982 1348 2003 recte
1359 1975 1483 2004 facturos
1500 1984 1554 2004 nos
1570 1976 1700 2007 arbitror,
1717 1977 1739 2003 si
1783 2002 1790 2008 _

954 2025 1061 2052 tandem
1077 2023 1155 2058 quasi
1169 2022 1358 2058 colligamus),
1371 2023 1444 2057 quod
1455 2030 1487 2049 ex
1497 2023 1580 2049 animi
1597 2023 1744 2054 sententia,

954 2076 981 2099 et
997 2071 1146 2102 voluntate,
1166 2074 1189 2098 et
1206 2069 1340 2097 electione
1372 2069 1410 2101 lit,
1425 2068 1502 2102 cujus
1526 2069 1608 2095 etiam
1636 2068 1740 2103 prinri-

954 2119 1029 2153 pium
1046 2118 1071 2144 in
1089 2116 1168 2145 nobis
1184 2121 1236 2147 est.
1255 2121 1411 2150 nostrasque
1434 2120 1490 2142 tum
1512 2114 1660 2145 facultatis,
1688 2119 1745 2141 tum

955 2163 1107 2199 potestatis,
1131 2163 1157 2190 id
1175 2162 1213 2190 uti
1228 2162 1265 2190 sit
1282 2167 1404 2191 nostrum
1425 2161 1490 2189 illud
1505 2165 1635 2189 accurate
1649 2161 1746 2187 \olun-

954 2211 1073 2243 tarium;
1091 2209 1163 2245 quod
1182 2214 1274 2236 autem
1293 2217 1340 2244 per
1354 2209 1554 2244 ignorationem
1581 2215 1705 2243 prorsus,
1719 2207 1744 2234 id

953 2257 993 2285 uti
1012 2265 1080 2292 pure
1095 2257 1129 2284 sit.
1147 2256 1364 2284 involuntarium
1384 2265 1391 2283 :
1415 2256 1509 2282 itidem
1543 2255 1676 2289 quidquid
1695 2255 1744 2280 Ιιιι-

953 2304 1025 2331 nesti
1039 2308 1066 2329 et
1087 2302 1150 2330 boni
1170 2307 1267 2336 sponte
1285 2302 1341 2332 lial,
1360 2301 1384 2328 id
1402 2301 1440 2328 uti
1467 2302 1555 2328 virtus
1585 2301 1640 2333 sit;
1672 2300 1745 2335 quod

953 2353 1042 2375 autem
1062 2353 1161 2383 sponte
1180 2348 1226 2374 liat
1247 2347 1362 2374 honesto
1377 2343 1465 2373 inodis
1481 2346 1610 2373 omnibus
1634 2353 1746 2373 contra-

953 2395 1036 2427 rium,
1054 2394 1080 2420 id
1097 2393 1134 2421 uti
1153 2393 1188 2420 sit
1213 2393 1317 2420 vitium.
1345 2392 1488 2425 Quatenus
1515 2392 1597 2419 etiam
1625 2392 1649 2419 id
1670 2393 1742 2428 quod

957 2446 1100 2476 peracunu
1112 2444 1151 2466 est
1169 2439 1201 2466 ab
1214 2439 1296 2466 animi
1314 2438 1450 2466 sententia
1468 2438 1621 2474 proiectum
1637 2447 1690 2466 non
1709 2440 1745 2465 sit

957 2491 1109 2515 uteatenus
1130 2493 1164 2513 ne
1181 2494 1230 2520 pro
1249 2485 1350 2512 delicto
1363 2485 1473 2520 quidem
1490 2485 1624 2513 habeatur
1639 2495 1645 2519 ;
1677 2494 1745 2521 qua-

957 2540 1037 2562 tenus
1069 2539 1159 2562 autem
1176 2533 1237 2559 inde
1257 2531 1420 2566 profectum,
1435 2536 1464 2558 ut
1479 2536 1592 2559 eatenus
1607 2537 1633 2558 ct
1665 2540 1743 2566 pc‘ua

112 2581 146 2608 sit
162 2582 285 2616 dignum.
299 2581 405 2615 Quippe
421 2581 521 2607 malum
543 2581 651 2615 aliquod
674 2581 815 2614 exiguum,
828 2581 899 2615 quod
920 2589 953 2609 ex
968 2584 1052 2609 animi
1065 2582 1198 2609 sententia
1216 2580 1365 2615 peragitur,
1393 2579 1460 2606 satis
1499 2587 1626 2614 ntagnum
1662 2579 1744 2611 fuerit

118 2633 146 2654 ut
165 2627 297 2662 qualitate
313 2633 362 2653 sua
379 2632 488 2661 superet
505 2627 586 2654 etiam
606 2627 691 2654 multo
727 2635 756 2654 se
774 2626 878 2662 majora
901 2629 997 2656 delicta
1031 2636 1091 2662 qua:
1122 2631 1219 2662 praeter
1250 2627 1416 2654 voluntatem
1444 2627 1583 2654 eveniunt.
1613 2628 1743 2662 Adeoque

113 2673 238 2708 vituperii
258 2673 374 2706 ratione,
390 2673 518 2708 pusillum
541 2674 641 2701 rnatum
675 2681 722 2708 per
733 2673 893 2701 electionem
919 2675 1003 2702 animi
1020 2675 1182 2708 admissum,
1198 2675 1443 2709 insignitermajus
1454 2673 1571 2702 efﬁcitur
1601 2682 1634 2701 eo
1667 2675 1739 2709 quod

113 2725 212 2756 praeter
239 2719 405 2747 voluntatem
446 2720 524 2747 nobis
555 2720 665 2752 accidit,
695 2720 802 2748 etiamsi
830 2721 881 2748 hoc
900 2721 989 2756 ipsum
1005 2730 1065 2750 esse
1095 2721 1243 2748 maximum
1266 2721 1401 2748 videatur.

149 2768 233 2794 ἀπε
246 2766 276 2793 τδ
290 2767 346 2793 πᾶν
359 2766 392 2793 ἐκ
403 2767 452 2802 τῆς
465 2767 663 2801 προαιρέσεως,
681 2767 805 2802 καθάπερ
820 2767 901 2802 ἐξαρ-

112 2812 162 2849 χῆς
188 2815 254 2848 ἡμῖν
274 2814 391 2848 εἴρηται·
416 2816 464 2841 καὶ
490 2815 503 2840 ὁ
529 2814 612 2845 κακὸς
638 2813 700 2841 οὔτε
730 2815 761 2841 ὲκ
778 2814 897 2849 φύσεως.

113 2859 173 2886 οὒτε
190 2859 302 2893 ἔξωθεν,
317 2860 374 2887 ἀλλ’
392 2860 482 2896 ἑαυτῷ
499 2861 595 2893 αἴτιος.
618 2862 695 2888 Δυῡῖν
713 2861 766 2896 γὰρ
782 2860 898 2896 θάτερον

989 2768 1174 2801 Quamobrem
1189 2773 1243 2796 tota
1260 2775 1304 2795 res
1329 2769 1364 2794 ab
1394 2767 1528 2795 electione
1556 2775 1587 2795 ac
1616 2768 1742 2796 instituto

953 2815 1035 2842 animi
1058 2814 1168 2849 pendet,
1185 2814 1259 2841 velut
1276 2821 1292 2840 a
1310 2814 1390 2841 nobis
1405 2814 1438 2841 ab
1464 2813 1542 2845 initio
1562 2814 1666 2842 dictum
1681 2820 1741 2844 est:

950 2861 1051 2897 quique
1065 2861 1151 2889 malus
1164 2863 1278 2896 cst,nec
1294 2864 1403 2895 natura,
1423 2867 1473 2888 nec
1501 2862 1673 2889 extrinsecus
1698 2866 1741 2889 cst
