1937 3078
195 104 245 135 44Ἷ

788 107 896 137 ΜᾹΧΗ
903 108 984 137 ELIS
1005 109 1048 139 PA
1054 111 1228 142 I..EOLOG[

1766 113 1823 145 448

196 162 270 188 fonte
285 161 478 202 proficisritur.
499 163 565 189 Nam
580 163 655 197 gravi
669 163 794 190 laborant
805 163 920 197 invidia,
932 165 976 199 qui

1040 167 1134 203 ιφόδρα
1145 176 1176 202 γε
1192 168 1293 195 λυποῦν
1305 169 1388 202 ἐστιν,
1402 169 1431 195 ὃν
1447 168 1480 195 ἃν
1496 168 1620 203 σχέτλιον
1630 169 1695 196 ἕλοι.
1706 169 1818 205 Οῐμώτ-

195 207 339 238 voluptarii
370 211 448 238 Sunt,
472 207 643 242 aliorumque
672 208 784 235 delicias
815 217 864 243 pro
891 210 978 237 detri-

194 256 286 278 mento
300 260 349 279 suo
362 252 475 281 ducunl.
492 253 548 281 Hoc
560 259 650 282 autem
664 255 759 282 vitium
775 256 926 283 vehementi
940 256 979 284 af-

197 298 278 324 ficere
290 298 384 326 dolore
402 300 482 332 solet,
499 301 521 328 si
536 308 614 334 quem
637 302 766 329 miserum
782 303 919 330 hominem
934 311 980 330 ος-

194 343 345 375 cupaverit.
366 343 451 370 Eﬂicit
469 345 540 371 enim
554 345 698 379 dupliciter
712 350 741 372 ut
755 346 852 379 ploret,
871 354 919 373 nec
936 354 979 374 res

196 388 312 414 aliorum
331 389 465 416 secundas
479 398 556 424 aequo
580 391 672 418 animo
689 391 790 423 ferens,
809 396 836 419 et
852 399 915 418 suas
933 392 979 419 de-

196 435 264 461 ttens
287 442 434 462 a-rnmnas.
452 435 528 463 Multi
542 437 623 464 etiam
643 438 803 473 sanguinem
824 438 931 465 illorum
945 439 980 465 li-

198 478 291 505 benter
304 479 459 512 hauserint,
480 482 584 515 quibus
599 482 730 515 invident,
748 491 798 510 nec
811 483 884 518 ipsas
902 488 981 511 natu-

196 531 234 550 rae
252 525 323 559 leges
341 527 461 558 reveriti,
480 535 529 554 nec
554 528 656 561 ubique
671 529 793 563 gentium
812 529 904 561 latas;
921 537 981 564 quae

197 571 379 597 communiter
394 572 502 598 unicum
524 573 651 607 quiddam
672 575 845 609 prmeipinnt.
862 583 981 602 am0rem

197 614 302 642 scilicet
329 617 528 650 proximorum,
555 619 616 646 licet
646 620 706 647 aliis
733 620 896 655 quibusdatn
927 629 981 648 non

199 661 292 694 paucis
305 662 388 690 rebus
402 663 472 690 inter
485 672 514 691 se
530 665 693 700 discrepent.
707 665 776 699 Quin
790 668 870 693 etiam
886 667 909 694 si
922 668 983 701 quis

201 714 294 734 amore
308 713 407 742 motus,
423 710 566 744 cupiditati
583 718 614 738 ac
629 711 734 738 libidini
750 717 851 740 nostra
864 721 916 740 non
933 714 982 740 ad-

200 753 311 780 modum
326 754 446 782 honesta:
461 756 610 789 obstiterit,
639 757 664 784 ei
690 761 756 784 cum‘
779 759 906 786 maximae
929 760 983 786 sint.

203 800 334 827 habenda
348 801 452 835 gratiae,
476 810 525 828 nos
546 803 698 831 maledictis
713 805 819 832 molesti
835 814 940 838 sumus,
957 811 984 833 et

203 845 339 872 hominem
353 846 506 881 discerpere
516 848 652 881 volumus,
670 850 790 884 adeoque
803 858 896 884 parum
909 851 986 878 abest

203 890 267 923 quiti
285 890 416 918 devorare
429 892 572 926 cupiamus
583 901 646 921 vere
656 895 824 929 diligentem,
841 901 866 922 et
881 904 938 923 eam
952 897 986 924 ob

202 943 315 963 causam
341 937 425 964 multa
442 945 504 972 erga
524 947 572 965 nos
598 939 724 967 libertate
740 945 872 972 utentem,
896 942 986 969 diver-

202 990 273 1014 sum,
289 991 370 1017 quam
391 991 441 1018 par
454 990 523 1015 erat,
541 989 666 1019 agentes.
689 986 878 1015 Consimiliter
894 993 921 1014 et
944 989 983 1015 illi

203 1029 249 1062 qui
266 1029 349 1056 libere
365 1036 413 1056 nos
429 1030 567 1063 admonet,
583 1039 675 1058 amore
691 1032 834 1066 impulsus,
851 1038 877 1060 et
893 1034 938 1067 qui
952 1034 985 1060 ti-

204 1075 362 1102 midiuscnle
381 1077 432 1102 hoc
449 1076 519 1103 idem
537 1077 611 1108 facit,
630 1077 785 1109 irascimur,
801 1079 872 1114 quod
888 1080 986 1106 admo-

204 1122 322 1148 t.itiones
345 1121 462 1149 fortasse
476 1130 529 1149 non
545 1122 662 1150 libenter
682 1124 870 1151 admittamns.
892 1125 949 1150 lino
963 1124 985 1151 si

202 1168 264 1201 quis
288 1168 366 1194 nobis
391 1168 524 1195 duntaxat
544 1174 687 1203 suspectus
712 1168 760 1199 sit,
777 1170 852 1203 quasi
877 1169 984 1196 libidini

202 1217 302 1239 nostra:
315 1213 437 1244 resistat,
450 1213 514 1247 quid
528 1221 579 1240 non
597 1213 640 1240 ille
651 1214 733 1240 miser
747 1221 761 1240 a
779 1214 857 1240 nobis
874 1214 934 1240 mali
950 1214 988 1240 fc-

204 1265 254 1289 ret,
275 1260 353 1286 modo
364 1260 389 1285 id
407 1259 536 1292 perficere
548 1260 696 1293 possimus,
715 1259 917 1292 maximumque
932 1265 984 1286 tant

204 1307 253 1339 ipsi
272 1312 352 1339 quam
371 1306 451 1332 rebus
464 1306 522 1339 ejus
534 1306 661 1332 damnum
678 1305 764 1331 dare?
776 1305 909 1332 Perfacile
924 1313 987 1332 vero

203 1356 345 1384 suspectus
362 1349 479 1377 habetur
499 1350 582 1377 etiam
611 1350 634 1376 is
659 1351 703 1384 qui
721 1358 894 1384 nequaquam
924 1350 987 1377 talis

204 1400 257 1427 est,
273 1403 322 1422 nec
335 1395 470 1430 ejusmodi
487 1396 524 1423 rei
541 1396 592 1423 sibi
606 1397 743 1429 conscius,
761 1397 796 1423 ob
812 1405 892 1431 quam
909 1397 987 1424 volu-

205 1446 265 1475 ptas
279 1442 325 1469 illa
339 1441 466 1476 suspicax
485 1442 555 1476 apud
571 1449 621 1469 nos
636 1449 696 1469 eum
710 1443 871 1470 criminatur
888 1447 915 1470 et
931 1448 987 1470 tra-

204 1488 289 1516 ducit.
304 1487 371 1515 Nam
389 1488 435 1523 qui
451 1487 635 1522 voluptatibus
655 1489 753 1522 inhiat,
771 1490 840 1524 apud
854 1497 916 1517 eum
934 1498 987 1525 pu-

207 1535 257 1563 tari
269 1534 348 1561 debet
364 1538 391 1561 et
403 1535 531 1567 amicum,
547 1540 574 1563 et
589 1536 720 1570 optimum
736 1536 815 1571 plane
830 1537 917 1564 virum
934 1537 990 1571 puti

206 1580 350 1608 calumniis
369 1580 447 1608 facile
465 1588 547 1616 posse
572 1590 579 1614 ;
596 1582 697 1617 quippe
714 1583 826 1610 morbus
844 1583 888 1610 hic
904 1583 992 1610 11οπιὶ-

207 1634 267 1653 nem
282 1635 446 1662 magnopere
467 1632 596 1660 exrmcat,
614 1635 702 1662 neque
719 1629 853 1662 permittit
878 1633 906 1656 ut
922 1630 992 1657 ratio

208 1678 310 1700 rectam
335 1674 497 1701 sententiam
523 1675 602 1702 ferat.
633 1675 766 1702 f‘rzcterea
795 1684 990 1711 nonnunquam

208 1721 287 1748 nobis
311 1721 424 1748 minime
440 1729 522 1756 grave
536 1726 587 1754 est,
606 1729 699 1748 aurum
717 1726 741 1748 et
757 1721 859 1757 inj‘usle
874 1728 900 1749 et
916 1727 991 1749 extra

208 1767 320 1794 virtutis
333 1767 520 1802 praescriptum
533 1767 670 1801 colligere,
685 1774 737 1801 qtto
750 1775 846 1802 parare
860 1768 990 1802 voluptati

208 1812 387 1839 accomodata
404 1814 551 1846 possimus.
567 1811 633 1839 Nam
649 1813 693 1846 qui
713 1813 877 1847 voluptatum
892 1814 993 1840 mattei-

208 1858 280 1891 pium
304 1863 355 1890 cst,
371 1860 525 1886 necessario
554 1861 676 1893 pecuniis
693 1860 812 1895 indiget;
829 1866 855 1887 et
875 1862 917 1888 cui
935 1861 992 1888 col-

209 1903 292 1930 lectio
308 1904 484 1937 pecuniarum
507 1905 532 1930 in
547 1905 642 1939 primis
656 1910 697 1937 est
712 1914 794 1938 cum,
808 1907 898 1933 omnia
917 1907 992 1941 cupi-

208 1951 286 1977 ditati
304 1950 452 1978 ditescendi
471 1951 628 1985 postponit;
645 1952 717 1985 quod
734 1953 858 1986 equidem
874 1953 996 1979 inﬁnito-

212 2005 270 2024 rntn
289 1997 420 2024 malorum
438 1998 569 2032 originem
583 2005 643 2025 eSSe
655 1999 783 2025 arbitror.
798 1999 868 2032 Quin
886 2003 912 2026 et
927 2000 992 2026 illud

209 2043 308 2070 malum
334 2043 411 2070 nobis
433 2044 543 2071 accidit.
568 2043 701 2076 Pleraque
726 2045 867 2079 mancipiis
894 2053 993 2073 couve-

210 2089 310 2116 nicntia
339 2089 454 2116 facimus
478 2098 571 2116 eorum
594 2090 800 2116 oblinendorum
827 2099 906 2118 causa
933 2099 993 2125 qum

165 2152 169 2155 μ
206 2135 323 2169 jucunda
349 2139 429 2166 sunt;
448 2134 596 2168 itidemque
613 2135 748 2161 mordacia
765 2136 887 2169 qna-dam
905 2137 992 2170 perfe-

209 2181 305 2207 rimus.
323 2179 428 2213 εμπεριυς
442 2184 470 2206 et
489 2180 658 2213 impudenter
675 2183 806 2208 adversus
816 2188 863 2207 eos
877 2182 994 2215 agimus,

207 2233 274 2259 quos
288 2233 322 2251 ne
339 2225 445 2258 quidem
461 2225 560 2252 intueri
584 2225 778 2257 copvenielnt,
809 2234 858 2253 nec
877 2235 992 2261 unquam

209 2271 234 2298 id
248 2270 468 2307 :tusifuisscmus
486 2270 577 2298 facere
594 2271 669 2306 prius
687 2280 767 2307 quam
788 2272 839 2298 iste
857 2279 905 2298 nus
921 2280 994 2298 inor-

209 2319 257 2344 lms
270 2318 296 2344 in
312 2318 470 2344 servitutem
484 2317 640 2351 redegisset.
653 2317 712 2344 Jatn
741 2323 768 2344 et
787 2318 851 2344 illud
884 2319 994 2344 omnino

208 2368 324 2394 constat,
343 2361 512 2389 iracttndiam
539 2370 572 2388 ex
602 2362 778 2389 frustratione
812 2363 993 2397 cupiditatum

210 2409 297 2435 nasci.
313 2409 402 2442 Atque
415 2409 452 2434 nti
471 2408 577 2434 rixandi
592 2408 732 2434 materiem
756 2409 857 2435 nemini
873 2409 994 2441 praebea-

210 2462 279 2486 mus,
299 2455 349 2480 hoc
367 2459 469 2480 tantum
483 2454 574 2481 dicere
591 2455 701 2486 stttlicit,
723 2455 763 2481 vel
781 2454 949 2485 iracundiam
969 2455 993 2480 in

210 2500 378 2531 universum,
398 2499 438 2526 vel
457 2500 551 2533 majori
567 2508 597 2526 ex
619 2504 693 2534 parte
717 2505 826 2533 propter
843 2499 996 2533 voluptates

209 2547 350 2573 exsistere.
362 2545 392 2572 Et
409 2546 579 2580 haccquidein
595 2547 682 2571 munia
699 2546 849 2580 perniciosa
863 2552 921 2572 esse
942 2545 997 2572 svi-

211 2601 272 2620 tnus
283 2601 387 2624 omnes,
405 2592 510 2626 illisque
521 2597 703 2619 consentanea
718 2600 777 2626 qua:
791 2595 997 2626 praecesserunt.

214 2640 318 2667 Etenim
335 2639 433 2674 quibus
459 2639 585 2673 voluptas
604 2647 652 2672 pro
683 2640 735 2666 line
750 2639 872 2671 ducitur,
891 2638 924 2666 iis
954 2638 997 2664 illa

215 2687 293 2713 facile
311 2686 466 2720 persuadet,
484 2690 511 2712 ut
525 2685 643 2712 absurda
666 2685 767 2719 qumvis
784 2686 926 2716 audentes,
939 2692 998 2710 om—

216 2731 258 2758 nia
271 2733 386 2758 tuolesta
401 2732 549 2767 gravisque
568 2730 717 2764 perferant,
736 2731 844 2757 tametsi
859 2731 939 2757 valde
954 2738 1000 2756 no-

217 2779 260 2806 xia
277 2780 331 2807 sint
345 2784 372 2807 et
384 2780 538 2814 opinionem
556 2780 708 2813 famamque
727 2787 779 2805 non
795 2779 892 2805 bonam
908 2779 1000 2806 conci-

218 2825 292 2854 lient.
312 2827 388 2860 Quod
410 2827 432 2855 si
445 2835 552 2863 mqnum
580 2831 632 2861 est,
661 2826 792 2861 potiorem
822 2826 921 2860 ubique
943 2825 995 2853 vim

1028 223 1085 241 τειν
1101 215 1155 250 γὰρ
1168 216 1248 251 διπλῇ
1265 216 1399 251 προξενεῖ,
1412 216 1461 246 τάς
1475 224 1503 241 τε
1518 215 1572 242 τῶν
1585 215 1673 243 ἄλλων
1685 216 1818 251 εὐτυχίας

1028 261 1059 286 οὐ
1075 262 1202 296 φέροντα,
1217 262 1263 288 καὶ
1286 262 1334 293 τὰς
1351 261 1454 292 οἰκείας
1469 260 1637 296 ὄδυρόυενον
1656 262 1815 297 δυστυχίας.

1030 307 1126 334 Πολλοὶ
1135 308 1182 334 καὶ
1198 307 1252 334 τῶν
1261 308 1385 341 αἱμάτων
1397 307 1452 333 τῶν
1463 308 1508 334 ὑπ’
1520 308 1611 342 αὐτῶν
1623 308 1819 343 φθονουμένων

1030 353 1116 388 ἡδέως
1127 354 1159 380 ἂν
1176 354 1276 387 πίοιεν,
1286 353 1347 380 οὔτε
1362 354 1426 384 τοὺς
1439 354 1488 388 τῆς
1506 354 1613 388 φύσεως
1623 354 1818 389 αἰσχυνόμενοι

1031 399 1139 434 νόμους.
1155 399 1217 425 οὗτε
1235 399 1297 430 τοὺς
1317 398 1472 434 ἁπανταχοῦ
1499 399 1552 433 γῆς
1568 399 1729 434 κειμένους,
1745 398 1774 425 ἕν
1791 407 1818 424 τι

1031 443 1129 474 κοινῶς
1145 443 1349 477 ἐπιτάττοντας,
1359 444 1408 478 τὴν
1425 443 1478 469 τῶν
1496 443 1744 478 πλησίονὰγάπην,
1764 443 1819 470 κᾶν

1032 489 1137 519 πολλοῖς
1154 498 1224 516 τισιν
1250 489 1353 524 ἑτέροις
1374 489 1442 524 πρὸς
1463 489 1596 524 ἀλλήλους
1623 489 1817 524 διαφέρωνται.

1034 534 1087 560 Καὶ
1099 534 1151 569 μὴν
1167 534 1241 565 εἴτις
1258 534 1362 570 φίλτρῳ
1377 534 1546 568 κινούμενος,
1557 534 1684 569 ἐμποδὼν
1698 535 1764 569 ἡμῖν
1776 534 1822 568 γέ-

1033 588 1105 606 νοιτο
1120 580 1168 612 τῆς
1180 580 1378 615 ἐπιθυμίας,οὐ
1395 581 1467 607 πάνυ
1486 589 1527 607 τοι
1544 581 1631 615 καλῆς
1647 579 1738 615 οὗσης,
1757 580 1821 606 δέον

1033 626 1111 661 αὐτῷ,
1123 627 1254 662 μεγίστην
1279 626 1381 653 εἰδέναι
1397 628 1448 662 τὴν
1471 628 1552 662 χάριν
1565 627 1661 662 ’ἡμεῖς
1676 627 1703 654 δὲ
1720 626 1818 653 τοῦτον

1034 671 1193 706 κακίξομεν,
1214 672 1261 698 καὶ
1290 671 1434 707 διαρρῆξαι
1465 672 1610 706 ζητοῦμεν,
1642 671 1744 706 μικροῦ
1773 672 1821 698 καὶ

1034 716 1189 742 κατεσθίειν
1214 716 1405 751 ἐπιθυμοῦμεν
1425 717 1470 744 τὸν
1489 717 1528 749 ὡς
1553 717 1662 752 ἀληθῶς
1677 718 1820 752 φιλοῦντα,

1035 762 1082 788 καὶ
1097 762 1140 788 διὰ
1162 762 1240 789 τοῦτο
1257 763 1398 798 χρώμενον
1421 763 1506 799 πολλῇ
1522 765 1555 799 τῇ
1575 764 1643 798 πρὸς
1659 765 1733 798 ἡμᾶς
1747 765 1822 800 παῤ-

1001 831 1021 860 B
1038 808 1130 843 ρησίᾳ,
1144 808 1299 835 τούναντίον
1315 809 1330 844 ἦ
1349 810 1487 844 προσῆκεν
1503 811 1569 845 ἡμῖν
1589 810 1739 841 ποιοῦντες.
1758 811 1824 844 Ὀρ-

1037 855 1169 889 γιζόμεοα
1182 855 1208 881 δὲ
1224 856 1324 890 ὁμοίως
1338 856 1384 882 καὶ
1397 856 1435 890 τῷ
1453 856 1595 891 παρρησίᾳ
1609 855 1700 890 πολλῷ
1711 855 1749 890 τῷ
1763 855 1825 890 φίλ-

1036 910 1103 935 τρῳ.
1120 901 1166 927 καὶ
1184 900 1222 934 τῷ
1239 901 1298 935 μεθ’
1312 901 1463 936 ὑποστολῆς
1481 901 1676 936 παραινοῦντι·
1697 902 1761 932 ἴσως
1782 902 1824 935 τῷ

1038 947 1076 981 μὴ
1090 946 1215 981 δέχεσθαι
1233 947 1282 977 τὰς
1294 947 1469 982 παραινέσεις
1491 947 1565 982 ἡμᾶς
1580 947 1675 981 ἡδέως.
1698 947 1753 974 Καὶ
1767 948 1823 981 μὴν

1037 992 1061 1018 εί
1078 992 1157 1026 μόνον
1171 992 1355 1028 ὑποπτευθείη
1373 992 1573 1026 προσίστασθαί
1589 1001 1629 1023 τις
1640 992 1694 1018 τῶν
1711 992 1824 1020 πάντων

1036 1037 1084 1070 τῆς
1101 1037 1248 1072 ἐπιθυμίας
1264 1037 1340 1072 ἡμῖν,
1367 1037 1393 1063 τί
1424 1038 1473 1063 οὐκ
1497 1037 1530 1064 ἂν
1559 1037 1723 1072 ὁδυστυχὴς
1754 1037 1824 1070 παρ’

1038 1082 1116 1116 ἡμῶν
1133 1083 1224 1115 πάθοι,
1250 1083 1308 1108 ἐνὸν
1323 1083 1391 1116 ἡμῖν
1409 1082 1487 1108 τοῦτο
1506 1082 1621 1117 πρᾶξαι,
1649 1083 1696 1108 καὶ
1724 1082 1824 1116 κομιδῆ

1037 1128 1131 1162 κακῶς
1146 1128 1226 1154 αὐτὸν
1249 1128 1297 1154 καὶ
1314 1128 1348 1154 τὰ
1364 1128 1447 1154 αὐτοῦ
1471 1127 1620 1160 διαθεῖναι;
1649 1127 1780 1162 Εὑχερῶς
1795 1127 1825 1153 δὲ

1037 1174 1221 1201 ὑποπτεύεται
1234 1174 1281 1200 καὶ
1293 1174 1306 1199 ὁ
1322 1174 1452 1209 μηδαμῶς
1466 1174 1503 1201 ὢν
1513 1174 1643 1206 τοιοῦτος,
1656 1174 1724 1209 μηδὲ
1735 1182 1826 1200 συνει-

1037 1220 1089 1251 δὼς
1099 1219 1214 1254 αὐτῷτι
1225 1220 1356 1253 τοιοῦτον,
1373 1221 1464 1246 ὁποῖον
1479 1220 1510 1246 τὸ
1524 1222 1572 1255 τῆς
1590 1220 1685 1255 ἡδονῆς
1701 1219 1825 1245 ὕποπτον

1039 1265 1120 1291 αὐτον
1136 1266 1204 1299 ἡμῖν
1217 1265 1366 1291 διαϐάλλει.
1381 1265 1426 1300 Τῷ
1449 1265 1503 1300 γὰρ
1521 1265 1589 1300 πρὺς
1604 1266 1653 1296 τᾶς
1666 1264 1764 1299 ἡδονὰς
1777 1272 1825 1290 κε-

1038 1311 1132 1346 χηνότι
1148 1310 1302 1341 εὖδιάϐολος
1314 1311 1359 1336 καὶ
1377 1310 1464 1344 φίλος,
1484 1307 1531 1336 καὶ
1547 1310 1574 1336 εί¹
1586 1319 1629 1341 τις
1652 1310 1741 1336 πάντα
1755 1311 1826 1342 ἀγα-

1039 1356 1083 1387 θδς
1101 1356 1196 1391 ἐκείνῳ
1212 1355 1357 1390 νομίζοιτο.
1385 1355 1487 1390 Τυφλοῑ
1504 1355 1558 1390 γὰρ
1583 1355 1657 1389 μάλα
1672 1355 1702 1381 τὸ
1725 1354 1824 1385 πάθος,

1039 1403 1083 1429 καὶ
1097 1403 1147 1429 οὐκ
1164 1403 1195 1438 ἑᾷ
1217 1402 1262 1428 τὸν
1282 1402 1414 1437 λογισμὸν
1439 1401 1522 1437 ὀρθὴν
1552 1401 1706 1435 ἐξενεγκεῖν
1720 1400 1823 1435 ψῆεςον.

1039 1448 1095 1475 Καὶ
1124 1448 1220 1483 μὲνδὴ
1244 1449 1292 1475 καὶ
1307 1448 1420 1483 χρυσίον
1446 1447 1584 1483 ἁθροίζειν
1607 1447 1825 1481 καταδεχόμεθα,

1000 1499 1023 1530 C
1040 1494 1138 1525 ἀδίκως
1151 1502 1181 1520 τε
1197 1493 1244 1520 καὶ
1260 1493 1378 1527 ἀγεννῶς
1390 1493 1463 1520 ἔστιν
1476 1494 1531 1525 ὅτε,
1545 1493 1583 1524 ὡς
1595 1493 1743 1528 δυνηθῆναι
1757 1494 1826 1527 κτή-

1044 1541 1141 1567 σασθαι
1158 1540 1191 1566 τὰ
1201 1540 1269 1574 πρὸς
1287 1539 1383 1575 ἡδονὴν
1401 1540 1553 1574 ἐπιτήδεια.
1571 1539 1606 1567 ’⁷0
1618 1547 1646 1565 τε
1662 1539 1716 1572 γαρ
1732 1538 1826 1570 δοῦλος

1042 1586 1096 1613 τῶν
1112 1585 1213 1620 ἡδονῶν
1228 1584 1386 1617 ἀναγκαίως
1401 1585 1489 1611 δεῖται
1517 1584 1678 1619 χρημάτων,
1695 1583 1741 1609 καὶ
1756 1584 1771 1609 ὁ
1796 1583 1827 1609 τὸ

1043 1631 1260 1669 χρηματίζεσθαι
1272 1630 1411 1666 πρυῠργου
1428 1630 1542 1664 θέμενος
1557 1630 1645 1655 πάντα
1657 1629 1774 1664 δεύτερα
1786 1638 1829 1655 νου

1045 1678 1117 1712 μίξει
1132 1677 1178 1703 τοῦ
1201 1676 1325 1703 πλουτεῖν
1336 1684 1343 1691 ·
1360 1677 1428 1711 ὅπερ
1445 1676 1531 1703 αττιόν
1546 1677 1621 1702 ἐστιν
1639 1675 1773 1710 ἀπείρων,
1790 1672 1827 1701 οτ-

1044 1731 1104 1758 μαι,
1119 1721 1223 1748 κακῶν.
1239 1722 1276 1748 οὐ
1293 1722 1346 1757 μὴν
1360 1721 1429 1748 ἀλλὰ
1444 1722 1554 1748 κάκεῖνο
1573 1722 1716 1756 πάσχομεν
1731 1721 1829 1748 1662:-

1043 1769 1099 1794 νόν.
1127 1768 1220 1794 Πυκνὰ
1237 1768 1271 1794 τὰ
1300 1767 1404 1799 δούλοις
1434 1768 1575 1802 πρέποντα
1592 1768 1760 1803 πράττομεν,
1780 1769 1828 1794 καὶ

1043 1813 1176 1841 δάκνοντά
1188 1822 1249 1840 τινα
1261 1813 1381 1848 φέρομεν
1395 1813 1449 1839 τῶν
1467 1813 1550 1847 ὴδέων
1567 1813 1659 1840 ἕνεκα.
1676 1814 1730 1840 Καὶ
1750 1814 1829 1839 ἀναι-

1045 1859 1211 1895 ηυντοῦμεν
1227 1859 1368 1890 πολλάκις,
1382 1859 1422 1890 είς
1440 1858 1487 1889 οὒς
1501 1859 1556 1885 οὐδ’
1574 1859 1725 1893 ἀναῦλέψαι
1740 1853 1828 1894 πρόσ-

1043 1906 1119 1940 ῆκεν,
1135 1904 1189 1930 οὐδ’
1206 1904 1238 1931 ἂν
1259 1904 1386 1931 οὐδέποτε
1403 1904 1564 1939 ἐτολμῶμεν
1592 1905 1646 1938 πρδ
1667 1905 1715 1930 τοῦ
1729 1905 1830 1931 δουλω-

1044 1952 1123 1986 θῆναι
1135 1951 1173 1985 τῷ
1187 1950 1278 1977 πάθει.
1296 1951 1350 1977 Καὶ
1363 1951 1415 1985 μὴν
1429 1950 1517 1984 πάντη
1534 1958 1582 1976 που
1592 1949 1673 1984 δῆλον
1684 1951 1730 1977 τὸν
1743 1950 1828 1985 θυμὸν

1044 1998 1075 2023 tu
1088 1997 1136 2031 τῆς
1150 1995 1299 2030 ἀποτυχίας
1324 1996 1378 2022 τῶν
1391 1995 1545 2030 ἐπιθυμιῶν
1565 1995 1692 2030 φύεσθαι.
1711 1997 1764 2023 Καὶ
1787 1997 1831 2023 ἵνα

1047 2043 1083 2077 μὴ
1101 2051 1156 2068 τισι
1170 2043 1260 2077 δῶμεν
1281 2041 1348 2076 ὓλην
1365 2041 1537 2075 φιλονεικεῖν,
1553 2043 1634 2076 ἀρκεῖ
1649 2043 1776 2069 τοσοῦτον
1792 2044 1830 2068 εἰς

1045 2089 1115 2121 πεῖν,
1132 2089 1169 2119 ὠς
1194 2088 1210 2123 ἢ
1226 2087 1257 2114 τὸ
1274 2089 1327 2114 πᾶν
1343 2088 1389 2114 τοῦ
1407 2087 1506 2122 θυμοῦ,
1529 2088 1545 2122 ἢ
1559 2089 1589 2114 τὸ
1605 2088 1697 2119 πλέον,
1714 2088 1758 2114 διὰ
1782 2088 1832 2118 τὰς

1043 2134 1292 2168 ἡδονὰςγίγνεται.
1318 2133 1373 2160 Καλ⁸
1388 2134 1468 2160 ταυτὶ
1487 2135 1535 2168 μὲν
1554 2133 1662 2161 ἅπαντα
1684 2135 1832 2169 ἀσύμφορα

1011 2180 1033 2207 D
1048 2181 1148 2211 πάντες
1168 2180 1257 2214 ἴσμεν,
1279 2179 1414 2205 ἀκόλουθα
1443 2179 1465 2205 δ’
1482 2178 1528 2205 οὖν
1551 2181 1606 2210 τοῖς
1632 2180 1832 2214 ὴγησαμένοις.

1045 2225 1092 2258 (ti;
1109 2225 1164 2260 γὰρ
1180 2225 1213 2259 δὴ
1232 2224 1308 2256 τέλος
1326 2225 1342 2259 ἡ
1367 2225 1459 2258 ἡδονὴ,
1484 2224 1583 2259 ῥᾳδίως
1599 2233 1630 2258 γε
1646 2225 1757 2256 τούτους
1773 2226 1834 2251 πεί-

1045 2272 1098 2303 θει,
1111 2272 1200 2298 πάντα
1215 2270 1371 2305 τολμῶντας
1381 2270 1414 2295 τὰ
1431 2270 1530 2303 ἄτοπα,
1547 2270 1638 2297 πάντα
1662 2271 1696 2297 τὰ
1709 2271 1832 2306 δυσιερῆ

1047 2318 1149 2352 φέρειν,
1163 2317 1212 2343 κᾶν
1226 2315 1277 2344 ὦσι
1289 2316 1349 2342 λίαν
1365 2316 1515 2350 ἑπιὸλαϐῆ,
1541 2318 1588 2342 καὶ
1604 2316 1682 2352 δόξης
1700 2317 1750 2343 οὐκ
1764 2318 1834 2350 ἁγα-

1047 2365 1096 2399 θῆς
1108 2364 1234 2399 πρόξενα.
1249 2364 1303 2389 Καὶ
1324 2363 1377 2397 μὴν
1397 2364 1423 2388 εί
1437 2362 1542 2389 δίκαιον
1558 2363 1614 2389 ἐστι
1630 2363 1771 2398 πανταχοῦ
1785 2365 1835 2390 τά-

1047 2411 1127 2446 ληθὲς
1144 2411 1267 2444 κρατεῖν,
1281 2410 1341 2435 οὐδὲ
1365 2410 1453 2436 ἐκεῖνο
1468 2410 1632 2443 σιωπητέον.
1653 2410 1689 2436 Τὸ
1705 2410 1772 2443 γοῦν
1785 2411 1834 2445 ἡδύ

1047 2465 1076 2482 τε
1092 2457 1140 2482 καὶ
1157 2455 1252 2490 χάριεν
1282 2456 1312 2480 ὲν
1329 2453 1516 2485 ταῐς”ὲλπίσιν
1544 2454 1652 2489 ἔχομεν.
1671 2454 1757 2481 Τοῦτο
1780 2456 1835 2490 γὰρ

1048 2502 1084 2533 ὡς
1097 2502 1130 2528 τὰ
1148 2501 1232 2527 πολλὰ
1243 2500 1378 2534 γίγνεται.
1397 2500 1452 2531 Τὰς
1467 2500 1495 2525 δὲ
1512 2500 1556 2526 διὰ
1573 2501 1620 2530 τὰς
1637 2499 1732 2535 ἡδονὰς
1745 2500 1835 2532 λύπας

1049 2550 1140 2579 αὐτοῖς
1167 2547 1346 2583 καρπούμεθα
1370 2547 1425 2577 τοῖς
1458 2547 1615 2580 πράγμασι.
1641 2547 1835 2577 Συμὸαίνειδὲ

1051 2596 1097 2622 καὶ
1114 2594 1193 2620 τοῦτο
1207 2594 1347 2624 πολλάκις.
1361 2592 1470 2619 Μᾶλλον
1483 2593 1536 2627 γὰρ
1550 2592 1753 2628 εὐφραινόμεθα
1775 2594 1836 2625 ταῖς

1051 2642 1167 2671 ἐλπίσιν,
1184 2640 1200 2676 ἡ
1218 2638 1326 2666 ἐπὶτῶν
1338 2639 1510 2672 πραγμάτων
1526 2638 1614 2663 αὐτῶν
1636 2637 1767 2668 ἐλθόντες.
1790 2638 1835 2670 Ὠς

1050 2689 1076 2713 εἴ
1086 2696 1126 2717 τις
1146 2687 1217 2712 εἴποι
1232 2685 1401 2719 ματαιότητα
1417 2684 1463 2709 καὶ
1479 2684 1608 2718 λογισμὸν
1632 2682 1836 2712 οὑτωσὶνκεῖναι

1052 2733 1130 2760 τοῦτο
1146 2732 1177 2766 δὴ
1200 2732 1230 2757 τὸ
1247 2730 1312 2765 παρ’
1333 2730 1412 2764 ἡμῶν
1429 2730 1606 2763 διωκόμενον,
1625 2730 1655 2756 οὐ
1677 2730 1834 2757 παντάπασι

1052 2780 1100 2813 τῆς
1116 2777 1259 2812 ἁῖιριῦείας
1273 2776 1446 2802 ὲκπέπτωκε.
1463 2776 1499 2801 To
1511 2775 1539 2801 δὲ
1558 2775 1678 2802 ἐναντίον
1691 2775 1738 2810 οὐχ
1754 2775 1835 2802 οὕτω.

1053 2826 1090 2852 Τὸ
1111 2825 1159 2860 μὲν
1174 2824 1227 2858 γὰρ
1247 2821 1293 2858 ἡδύ
1306 2831 1358 2848 που
1376 2821 1598 2856 παραγενόμενον
1614 2821 1662 2856 ὀψὲ
1676 2821 1722 2848 καὶ
1739 2822 1837 2856 χρόνον
