1937 3078
95 140 148 172 457

800 134 943 163 ORATIO
965 134 1015 167 IV.

1667 132 1720 163 458

91 195 134 216 τις
153 183 284 219 ἡταύτης
305 184 380 218 ἰσχὺς
396 182 457 209 καθ’
483 181 563 216 ἡμῶν
581 181 656 207 ἐστιν
674 180 714 210 είς
748 178 778 205 τὸ
804 178 876 205 ἀπα-

937 178 1142 213 lera.‘quodque
1156 177 1193 205 sit
1204 177 1284 212 hujus
1297 177 1441 204 adversum
1456 184 1503 204 nos
1518 176 1543 202 iu
1559 176 1720 210 deeipiendo

92 231 156 264 τᾷν,
170 231 211 260 είς
226 230 255 255 τὸ
270 229 387 260 πείθειν,
407 228 448 259 είς
474 227 503 253 τὸ
520 225 675 261 βιάζεσθαι.
703 223 795 259 Πολλῷ
825 224 878 258 γὰρ

95 274 169 302 εἶναι
183 274 381 310 χαλεπωτέραν
407 273 480 308 φημὶ
506 273 575 306 πρὸς
599 272 672 307 ἡμᾶς
699 269 784 305 ἧδηῆ
812 269 881 304 πρὸς

94 322 161 353 τοὺς
177 321 355 356 προπάτορας
378 319 472 347 πάλαι.
504 319 539 344 Ἢ
565 317 619 352 γὰρ
642 315 769 343 τοσοῦτον
784 315 880 350 εἰργά-

96 376 165 394 σατο
178 367 247 402 πρὸς
260 367 323 397 τοὺς
343 366 478 401 μηδαμῶς
497 363 678 399 μηδεπώποτε
699 362 745 388 ὑπ’
773 361 882 394 ἐκείνης

95 413 298 448 κρατηθέντας,
316 412 352 443 ὡς
363 412 396 446 δὴ
416 411 463 437 καὶ
479 411 553 445 σχεῖν
577 408 745 444 ἡττηθέντας
771 407 881 438 αὐτοὺς,

95 459 194 492 ὥσπερ
211 459 294 494 ἡμεῖς
311 457 344 484 τὰ
361 456 525 492 ἀνδράποδα,
541 455 567 481 τί
583 454 644 480 ποτ’
657 454 689 480 ἂν
713 455 760 480 καὶ
773 451 883 488 δράσειε

95 504 168 539 πρὸς
185 504 269 538 ἡμᾶς,
285 502 348 534 τοὺς
364 501 417 528 ὖπδ
431 502 485 528 τῶν
499 501 594 535 αὐτῆς,
607 500 645 531 ὼς
662 500 762 531 εἰπεῖν,
777 499 882 533 αἰχμα-

93 550 190 577 λώτων
202 549 314 583 φύντας,
331 548 379 575 καὶ
394 548 461 583 πρὸς
473 547 502 574 τὸ
518 546 656 582 χείριστον
668 545 837 580 ἐληλακότας
848 545 880 579 τῇ

94 596 173 631 παρὰ
188 595 242 621 τῶν
259 585 404 629 φυσᾶντων
421 593 550 628 διαδοχῇ;
581 591 659 618 Ὦσθ’
687 592 704 626 ὴ
723 590 825 625 ταύτης
839 590 883 617 δύ-

93 649 190 676 ναμις,
209 640 257 667 καὶ
272 640 288 673 ἡ
302 639 356 666 τῶν
367 639 474 670 παθῶν,
487 638 607 673 ὲξαρχῆς
638 637 803 671 κρατήσασα
827 636 882 662 τῶν

94 687 213 722 πρώτως
225 686 378 720 γεγονότων
393 685 558 719 ἀνθρώπων,
571 684 673 710 ἔπειτα
697 682 741 709 διὰ
756 681 810 708 τῶν
834 683 885 716 μέ-

94 742 150 759 σων
165 732 297 759 κατιοῦσα
312 732 381 767 πρὸς
397 731 460 763 τοὺς
476 730 622 765 ἐσχάτους,
653 730 718 765 ῥᾷον
744 729 802 764 ἔχει
821 727 884 755 τού-

94 787 152 809 τοις
173 777 323 812 ἐμπαίζειν
339 777 354 810 ἢ
370 777 426 808 τοῖς
442 775 496 811 πρὸ
507 775 600 802 αὐτῶν
615 775 754 810 γεγονόσι.
773 775 814 801 Τὰ
827 775 883 809 γὰρ

93 823 255 858 ἀνθρώπεια
270 823 345 858 πάθη
356 822 495 857 πολεμίων
512 821 630 854 σώζουσι
660 821 765 871 σχῆμα,
781 819 822 851 οἷς
849 820 881 871 τὸ
897 841 919 871 Β

93 870 232 905 κρατῆσαι
246 870 389 905 καταρχὰς
403 870 456 896 τῶν
471 868 678 904 ἀνθισταμένων
702 868 773 902 μετὰ
802 867 882 902 μεγί-

94 923 168 943 στων
179 916 289 950 ,γίνεται
309 916 362 942 τῶν
376 914 518 942 κινδύνων.
537 915 568 941 El
583 914 606 940 δ’
621 912 668 940 οὖν
688 913 762 945 ἅπαξ
775 913 882 947 γένοιτο

92 961 148 988 τῶν
166 962 322 990 ἀντιπάλων
343 960 552 996 περιγενέσθαι,
569 960 662 987 οὐκέτι
689 960 815 993 φαίνεται
831 967 882 993 χαι

93 1007 178 1035 λεπὺν
188 1008 252 1039 τοὺς
267 1008 369 1039 αὐτοὺς
380 1007 485 1041 φοϐεῖν,
503 1007 550 1034 καὶ
567 1006 691 1041 τρέπειν,
708 1005 755 1031 καὶ
777 1004 883 1031 δεικνύ-

93 1063 138 1082 ναι
151 1054 223 1081 νῶτα
245 1053 378 1085 διδόντας,
409 1053 456 1079 καὶ.
483 1052 534 1086 τὴν
550 1051 655 1078 δειλίαν
673 1050 789 1085 ταυτηνῖ⁴
814 1049 883 1084 μετὰ

94 1099 260 1136 προσθήκης
274 1097 514 1133 παραπέμπεσθαι
530 1098 587 1127 τοῖς
615 1096 747 1130 ἐκγόνοις.
764 1095 842 1122 Ὠσθ“
864 1096 882 1130 ἡ

91 1145 198 1180 ταύτης
214 1145 276 1172 καθ’
297 1144 375 1180 ἡμῶν
399 1144 514 1178 δύναμις
532 1141 634 1178 μείζων
659 1142 717 1169 ἐστὶ
750 1141 797 1168 καὶ
815 1141 883 1176 δρα-

93 1190 281 1226 στικωτέραῆ
304 1189 374 1225 πρὸς
390 1189 452 1221 τοὺς
466 1188 616 1224 ἡμετέρους
643 1187 804 1223 προγόνους,
836 1187 884 1214 καὶ

94 1238 137 1264 ἔτι
153 1236 221 1272 πρὸς
236 1237 300 1268 τοὺς
316 1235 442 1267 ἐκείνων,
453 1235 506 1266 ἕως
521 1234 555 1261 ἂν
569 1234 609 1265 είς
623 1233 687 1265 τοὺς
704 1233 883 1268 προπάτορας

96 1281 266 1313 ὲπανέλθοις.
287 1280 369 1307 Ἀλλὰ
388 1279 440 1315 μὴν
453 1278 544 1314 ἐκείνη
561 1286 593 1313 γε
607 1278 676 1313 πρὸς
686 1278 744 1309 τοῖς
769 1277 884 1313 εἰρημέ-

96 1336 163 1360 νοις,
189 1327 261 1361 λέγω
275 1326 304 1353 δὲ
328 1325 378 1362 τὴν
408 1324 505 1361 ἡδονὴν
522 1324 581 1360 (καὶ
605 1324 649 1350 έτι.
664 1324 718 1358 γὰρ
734 1323 882 1358 ἀντέχομαι

96 1376 146 1410 τῆς
167 1373 293 1408 εἰκόνος),
309 1374 372 1404 τοὺς
388 1372 442 1399 τῶν
456 1371 557 1407 ίατρῶν
573 1369 753 1405 ὑποκρίνεται
772 1369 881 1401 παῖδας.

98 1421 232 1456 Παραινεί
250 1421 284 1447 τὰ
295 1419 364 1454 πρὸς
379 1417 498 1452 ὑγίειαν,
518 1416 562 1443 ἵνα
574 1415 612 1450 δῷ
623 1415 662 1451 τῷ
680 1414 788 1450 σώματι
799 1422 881 1449 σφρι-

96 1469 160 1503 γᾷν,
179 1467 226 1494 καὶ
238 1461 347 1500 τδν’τῆς
360 1464 451 1500 ψυχῆς
470 1463 618 1498 παραλύσῃ
633 1462 721 1488 τόνον.
736 1461 795 1487 Κᾶν
813 1461 882 1487 ἀπο-

931 223 1131 258 persuadeudo.
1143 224 1264 258 cogendo
1278 223 1370 251 robur.
1381 223 1483 257 Quippe
1494 223 1570 251 nobis
1580 223 1651 250 illam
1662 232 1721 251 esse

933 269 1100 297 infestiorem
1116 270 1160 296 aio
1178 278 1259 304 quam
1278 270 1340 296 olim
1358 270 1506 304 majoribus
1530 271 1580 296 illis
1608 272 1722 298 nostris.

933 313 1000 340 Nam
1026 322 1085 349 qua:
1103 319 1207 342 tantum
1225 314 1330 341 eliiccre
1348 316 1434 350 potuit
1455 316 1585 342 adversus
1604 323 1651 343 eos
1675 319 1721 351 qui

933 362 967 388 ab
980 361 1038 395 ipsa
1055 362 1169 388 necdum
1184 368 1300 396 unquam
1315 361 1378 388 victi
1394 362 1511 394 fuerant,
1527 367 1556 388 ut
1571 369 1618 388 eos
1630 363 1722 390 itidem

933 407 959 433 iu
986 411 1146 440 potestatem
1178 407 1302 435 redactos
1332 407 1456 441 haberet,
1483 408 1521 435 uti
1550 413 1643 435 nostra
1673 417 1723 435 ltus

934 452 1081 487 mancipia,
1115 453 1179 487 quid
1196 462 1247 480 non
1265 454 1388 488 designet.
1404 454 1429 480 in
1444 462 1503 487 nos,
1521 455 1565 488 qui
1583 462 1617 481 ex
1639 456 1723 488 ipsius

936 499 976 534 (ut
989 499 1024 526 ita
1042 499 1169 532 dixerim)
1186 501 1302 534 captivis
1321 501 1375 527 nati
1410 509 1514 534 sumus,
1532 506 1559 528 et
1575 503 1722 536 pessimam

934 544 966 570 ad
984 545 1180 577 conditionem,
1200 552 1232 572 ex
1262 553 1355 573 eorum
1373 547 1420 580 qui
1438 554 1486 573 nos
1505 553 1721 581 progenueruut.

937 590 1111 618 successione
1140 591 1266 619 redacti?
1285 592 1344 625 Quo
1361 593 1401 624 fit,
1425 598 1454 620 ut
1472 598 1523 620 tam
1541 594 1625 626 ipsius
1640 602 1722 628 quam

933 633 1061 661 vitiorum
1089 635 1141 668 vis,
1158 636 1191 662 ab
1220 636 1297 664 initio
1325 639 1459 672 superatis
1489 639 1643 666 hominibus
1670 640 1723 667 illis

933 679 1050 715 primum
1069 681 1197 715 conditis,
1213 682 1309 710 deinde
1333 691 1380 717 per
1397 684 1571 712 intermedios
1584 686 1616 712 ad
1631 690 1722 713 extre-

935 733 992 753 mos
1018 727 1206 755 descendendo
1235 736 1389 764 progressa,
1415 730 1522 758 facilius
1544 731 1585 759 his
1612 731 1724 758 illudere

935 771 1020 806 possit
1044 779 1122 805 quam
1142 773 1261 807 ipsorum
1279 775 1439 809 majoribus.
1455 775 1577 803 Humana
1606 785 1724 811 namque

935 816 999 842 vitia
1012 817 1128 850 speciem
1145 819 1290 852 quamdam
1316 820 1431 847 hostium
1446 821 1636 855 praeseferuut,
1654 830 1724 856 quo-

936 868 994 888 rum
1014 861 1047 889 de
1061 862 1224 891 adversariis
1240 865 1354 892 victoria
1380 873 1434 892 non
1449 866 1500 894 nisi
1527 868 1654 894 maximis
1677 875 1725 901 pe-

936 907 1029 934 riculis
1043 913 1159 935 constat.
1175 908 1275 937 Verum
1291 911 1313 937 si
1330 911 1412 938 semel
1430 913 1574 940 usureniat
1591 919 1620 940 ut
1643 921 1724 947 supe-

935 952 1022 979 riores
1045 954 1164 982 inimicis
1193 955 1323 987 evadant,
1345 964 1398 983 non
1415 957 1469 992 jam
1485 958 1592 986 dilIicile
1616 959 1725 987 videtur
1759 981 1769 986 -

935 998 1052 1032 amplius
1065 999 1173 1026 eosdem
1196 1005 1223 1027 et
1245 1002 1384 1034 territare,
1399 1007 1426 1028 et
1438 1007 1572 1036 avertere,
1586 1008 1613 1031 et
1627 1012 1724 1039 cogere

935 1050 1011 1077 terga
1038 1045 1114 1077 dare,
1139 1050 1222 1080 atque
1251 1046 1322 1074 hanc
1349 1047 1520 1075 formidinem
1547 1050 1580 1076 ad
1600 1056 1725 1085 poeteros

935 1089 1017 1116 etiam
1034 1098 1094 1119 cum
1110 1092 1269 1120 acressione
1282 1094 1399 1127 quadam
1417 1095 1613 1123 transmittere.
1628 1095 1726 1128 Quam-

936 1135 1031 1163 obrem
1052 1137 1093 1164 vis
1111 1137 1182 1165 illius
1201 1138 1330 1165 adversus
1351 1146 1399 1166 nos
1424 1140 1509 1174 major
1524 1145 1609 1169 estet
1634 1141 1725 1169 effica-

936 1181 1005 1215 cior,
1029 1190 1111 1218 quam
1134 1183 1265 1212 adversus
1285 1190 1392 1213 nostros
1417 1194 1543 1221 proavos,
1572 1192 1599 1214 et
1617 1188 1725 1215 illorum

936 1227 1029 1255 itidem
1045 1228 1176 1262 majores,
1193 1231 1279 1258 donec
1298 1232 1331 1257 ad
1344 1232 1418 1265 ipsos
1431 1233 1540 1267 generis
1555 1234 1659 1267 primos
1673 1242 1724 1261 au-

935 1278 1027 1302 ctores
1063 1275 1238 1304 ascendendo
1268 1272 1601 1312 perveniasaﬁuimvero
1628 1285 1726 1314 praeter

935 1327 966 1347 ea
982 1328 1042 1354 quae
1056 1321 1127 1349 dicta
1141 1327 1214 1355 sunt,
1238 1323 1357 1351 medicos
1374 1324 1430 1357 illa,
1459 1325 1582 1359 voluptas
1613 1327 1725 1361 inquam

934 1365 1036 1400 (adhuc
1060 1367 1130 1394 enim
1158 1367 1269 1402 imagini
1288 1374 1386 1397 nostra:
1413 1368 1572 1406 inhaereo),I
1592 1372 1726 1400 imitatur.

935 1410 1050 1445 Operam
1067 1412 1215 1440 valetudini
1238 1415 1354 1442 dandam
1374 1421 1475 1450 monet,
1499 1422 1527 1444 ut
1553 1420 1663 1453 corpori
1679 1427 1726 1447 oc—

936 1458 1075 1485 casionem
1095 1458 1253 1487 lasciviendi
1273 1462 1392 1495 prebeat
1413 1463 1552 1498 animique
1574 1456 1728 1494 contentio:

99 1514 216 1549 σοδηθῇ,
231 1512 282 1539 κᾶν
301 1510 492 1547 ἁποκρουσθῇ,
506 1509 559 1536 κᾶν
575 1508 674 1544 ῥάϐδον
687 1506 798 1541 δέξηται
812 1506 884 1533 κατὰ

938 1511 1001 1531 nem
1014 1504 1129 1531 relaxet.
1146 1505 1277 1538 Quamvis
1300 1507 1438 1542 abigalur,
1452 1511 1586 1544 'quamvis
1601 1513 1713 1546 'repella
1723 1527 1730 1533 -

98 1560 235 1595 κορυφῆς,
250 1559 297 1585 καὶ
312 1559 402 1590 ταυτὶ,
423 1557 471 1583 καὶ
494 1555 530 1582 τὰ
547 1553 661 1581 τοιαῦτα
688 1553 771 1588 λῆρος
793 1552 881 1587 αὐτῇ·

96 1607 149 1634 κᾶν
161 1605 314 1640 διαπτύσῃς
334 1603 433 1639 αὐτὴν,
450 1603 498 1629 καὶ
516 1601 596 1628 τοῦτο
615 1599 758 1635 μυριάκις,
775 1599 884 1632 συχνοῖς

97 1660 155 1679 τισι
177 1652 291 1682 πάττεις
307 1649 404 1684 ῥόδοις.
420 1649 508 1680 Ὀλως
522 1647 618 1679 ὁσάκις
634 1646 764 1682 ὑϐρισθῇ,
785 1654 884 1672 τοσαυ-

97 1699 177 1729 τάκις
206 1697 276 1724 αὑτὴ
300 1696 476 1731 προσδάλλει.
504 1695 692 1728 Φιλοτιμεῐται
719 1693 770 1727 τὴν
800 1691 885 1726 ὕδραν

98 1743 298 1778 παρενεγκεῖν·
315 1741 364 1768 καὶ
377 1740 458 1767 τοῦτό
473 1749 505 1774 γε
526 1739 587 1775 μεθ’
608 1740 674 1773 ὅσης
701 1737 858 1773 ὑπερϐολῆς
876 1746 884 1770 ;

102 1790 152 1816 Ἂν
165 1789 258 1825 τμηθῇ
278 1788 328 1823 τὴν
354 1787 488 1821 κεφαλὴν,
506 1785 696 1820 πολυκέφαλος
709 1784 790 1816 εὐθὺς
820 1785 886 1811 ἀνα-

99 1834 238 1868 φαίνεται.
254 1833 314 1860 Κᾶν
329 1833 436 1868 ἡττηθῇ
454 1832 639 1867 κατακράτος,
657 1831 704 1858 καὶ
716 1830 849 1866 τρόπαιόν
859 1839 885 1856 τι

99 1880 129 1913 ἐξ
147 1879 232 1914 αὐτῆς
244 1879 339 1914 ἐγείρῃ
361 1878 434 1914 μάλα
460 1877 588 1912 λαμπρὴν
616 1875 747 1912 (εἰρήσθω
762 1875 816 1911 γάρ
842 1884 886 1910 μοι

99 1925 240 1952 καὶτοῦτο
255 1925 286 1951 τὸ
309 1923 504 1959 ὑπερϐάλλον),
525 1923 617 1957 ἐκείνη
632 1922 661 1949 δὲ
678 1922 708 1948 τὸ
723 1921 786 1948 καθ’
800 1921 886 1956 αὐτὴν

98 1971 284 2007 χαλεπωτέρα
300 1971 430 2006 πειρᾶται
441 1969 595 2004 φαίνεσθαι.
608 1967 669 1994 Κᾶν
685 1967 790 2003 ἀλήτης
807 1967 887 2002 γένη-

98 2026 145 2044 ται
162 2017 210 2043 καὶ
223 2016 323 2051 φυγὰς,
336 2015 387 2042 κᾶν
397 2017 467 2050 πρὸς
482 2015 619 2049 ἀνύδρους
634 2013 756 2049 πορευθῇ
772 2014 884 2044 τόπους,

98 2063 182 2090 πάλιν
194 2061 374 2097 ἐπανέρχεται
390 2061 492 2095 ἑαυτῆς
512 2059 734 2091 πολλαπλασίων,
750 2059 821 2086 κατὰ
837 2058 887 2093 τὴν

97 2109 192 2136 εἰκόνα
208 2109 319 2142 ἐκείνην
333 2106 381 2134 τοῦ
408 2107 568 2140 ἀκαθάρτου
587 2105 754 2140 πνεύματος.
780 2104 886 2132 Οῠκουν

98 2164 131 2189 γε
142 2154 321 2190 διαλιμπάνει
333 2153 414 2180 ταυτὶ
433 2153 559 2185 ποιοῦσα,
574 2153 619 2179 καὶ
632 2152 673 2179 ἔτι
683 2151 886 2187 χείρω.ρῦτως

97 2199 217 2230 ἀναιδὲς,
232 2200 279 2226 καὶ
295 2199 486 2233 ἀναίσχυντον,
500 2199 549 2225 καὶ
573 2198 700 2234 μανικὸν,
718 2198 766 2225 καὶ
781 2198 885 2232 κακόη-

98 2246 154 2277 θες.
177 2245 270 2271 Πάντα
297 2245 413 2279 πράττει
429 2244 477 2270 σὺν
493 2244 650 2278 ἰταμότητι.
668 2243 757 2275 Κυνὸς
782 2243 885 2278 δμματ’

99 2290 168 2324 ἔχει,
192 2290 307 2324 κραδίην
322 2289 345 2315 δ’
360 2289 410 2316 οὐκ
424 2289 548 2323 ἐλάφοιο,
569 2289 628 2315 ἀλλ’
641 2285 681 2320 οἷς
698 2289 783 2320 πολὺς
799 2290 813 2316 ὁ
842 2289 888 2316 κό‹

97 2344 144 2366 τος
162 2335 203 2361 ἑνὶ
233 2334 363 2370 στήθεσσι
379 2334 467 2360 πέλει.
483 2335 555 2370 Πρὸς
584 2334 614 2360 ἓν
636 2343 663 2361 τι
682 2333 789 2369 βλέπει,
817 2335 887 2370 πρὸς

99 2379 129 2405 ἒν
145 2379 206 2414 ὁρᾷ,
232 2378 262 2405 τὸ
287 2378 492 2405 καταπαλαῖσαι
518 2378 581 2409 τοὺς
611 2378 729 2413 ταυτησὶ
753 2378 889 2412 φανέντας

99 2425 242 2459 ἀμείνους.
260 2424 415 2450 Φιλονεικετ
429 2423 478 2458 τὴν
490 2420 577 2458 ἧτταν
593 2423 829 2456 ἀνακαλέσασθαι,
840 2424 888 2451 καὶ¹

99 2470 192 2506 πολλῷ
207 2470 246 2505 τῷ
260 2469 384 2504 περιόντι
400 2469 529 2503 γενέσθαι
557 2469 693 2503 κρείττων
713 2469 839 2501 ἐκείνων,
863 2469 893 2496 οἵ

98 2524 129 2548 γε
156 2516 304 2550 κρείσσους
335 2516 439 2550 ταύτης
470 2515 606 2550 ἐγένοντο.
635 2514 746 2541 Τούτων
771 2514 888 2549 δεύτερα

98 2562 187 2589 πάντα
202 2561 306 2595 τίθησι,
323 2562 371 2588 καὶ
385 2562 408 2588 εἰ
418 2560 602 2596 κατορθώσειε
618 2561 708 2596 μόνον,
727 2561 803 2588 οὐδὲν
821 2561 889 2587 ὑπο-

99 2608 237 2642 λογίζεται
255 2607 310 2634 τῶν
328 2607 437 2639 δεινῶν,
451 2607 482 2634 οὐ
498 2606 553 2633 τῶν
568 2606 705 2642 φοϐερῶν,
722 2607 752 2633 οὐ
774 2607 829 2633 τῶν
842 2607 888 2633 λυ-

100 2653 208 2689 πηρῶν,
222 2653 253 2679 οὺ
265 2653 319 2679 τῶν
335 2652 485 2687 αἰσχίστων
510 2653 620 2681 πάντων
636 2652 718 2688 ὁμοῦ.
736 2653 834 2679 Καίτοι
860 2653 886 2679 τί

95 2688 171 2733 θίγω
189 2698 341 2734 αἰσχίστων
356 2707 363 2731 ;
382 2698 451 2724 ὅπου
466 2707 498 2732 γε
522 2699 571 2725 καὶ
591 2697 698 2730 τούτοις
715 2697 887 2730 ἐγκαλλωπί-

99 2745 186 2778 ζεται,
204 2745 252 2771 καὶ
267 2744 369 2779 μᾶλλον
386 2744 478 2780 χαίρει
492 2744 526 2771 δι’
538 2745 630 2772 αὐτῶν
647 2744 663 2779 ἢ
692 2743 796 2770 τούτων
819 2744 885 2771 ἄνευ

100 2791 246 2826 κρατῆσαι.
265 2790 358 2822 ’Ἄξιον
370 2790 399 2817 δὲ
420 2792 531 2817 κάκεῖνο
558 2790 707 2826 λεχθῆναι·
732 2790 887 2825 τηνικαῦτα

100 2836 187 2870 λύπην
215 2837 334 2871 ἐντίθησι
362 2837 422 2868 ταῖς
450 2837 564 2872 ψυχαῖς,
592 2837 712 2871 ὁπηνίκα
746 2845 778 2872 γε
804 2837 888 2872 ἐχρῆν

263 2885 400 2915 Ριτιιοι.
424 2885 483 2915 Gn.
509 2884 605 2916 CLVI.

939 1555 992 1582 tur,
1008 1551 1134 1585 quamvis
1162 1552 1188 1578 in
1203 1557 1286 1587 caput
1300 1553 1382 1581 fustis
1397 1554 1576 1590 impingatur,
1596 1562 1688 1585 tamen
1701 1564 1729 1586 et

939 1596 997 1623 lucc
1017 1601 1044 1623 et
1076 1597 1126 1624 alia
1142 1597 1208 1624 talia
1237 1598 1316 1625 nihili
1333 1599 1408 1627 facit.
1426 1599 1556 1633 Quamvis
1579 1610 1639 1630 eam
1663 1612 1729 1631 con-

938 1649 1032 1676 spuas,
1059 1647 1086 1669 et
1110 1643 1208 1670 millies
1233 1644 1355 1678 quidem,
1381 1646 1448 1672 nihil
1472 1646 1530 1681 agis
1552 1648 1625 1675 aliud
1647 1657 1727 1684 quam

939 1687 1011 1721 quod
1030 1695 1106 1715 rosas
1124 1689 1149 1715 in
1163 1695 1222 1716 eam
1239 1689 1354 1718 crebras
1368 1692 1484 1727 Spargis.
1502 1692 1615 1725 Quoties
1627 1700 1727 1722 contu-

939 1733 1038 1760 melxiis
1053 1732 1150 1761 alfecta
1172 1733 1264 1768 fuerit,
1293 1736 1374 1764 toties
1400 1737 1530 1772 impetum
1553 1739 1580 1765 in
1606 1747 1655 1767 nos
1672 1741 1729 1774 ipsa

939 1777 1015 1806 facit.
1039 1779 1156 1815 llydram
1188 1781 1273 1815 ipsam
1298 1782 1409 1810 vincere
1433 1784 1538 1816 nititur,
1569 1789 1596 1812 at
1624 1793 1727 1820 quanta

939 1831 1031 1858 quaeso
1043 1832 1103 1851 cum
1118 1827 1335 1861 cxsuperantia?
1350 1827 1378 1855 Si
1397 1834 1479 1861 caput
1498 1830 1521 1855 ei
1552 1831 1727 1865 pnecidatur,

940 1868 1084 1896 confestim
1115 1870 1260 1905 multiceps
1290 1873 1469 1908 conspicitur.
1500 1873 1528 1900 Si
1556 1875 1676 1903 maxima
1703 1877 1728 1903 vi
1752 1871 1758 1875 ί

938 1921 1065 1950 superata
1077 1915 1168 1950 fuerit,
1186 1925 1217 1946 ac
1240 1922 1373 1954 tropzum
1393 1920 1428 1947 de
1455 1928 1486 1949 ea
1505 1921 1583 1949 valde
1607 1923 1729 1957 splendi-

939 1962 1002 1989 dum
1020 1966 1157 1990 statuatur
1181 1963 1273 1997 (liceat
1300 1965 1373 1992 enim
1395 1965 1446 1993 hoc
1463 1974 1573 2001 queque
1597 1969 1663 1995 mihi
1683 1976 1730 2003 per

939 2008 1151 2042 superlationem
1166 2009 1255 2046 eli‘ari)
1271 2030 1279 2042 ,
1302 2015 1395 2039 tamen
1416 2014 1488 2047 quod
1507 2013 1593 2047 ipsam
1621 2016 1727 2048 attinet,

940 2053 1110 2082 infestiorem
1122 2062 1152 2082 se
1167 2055 1307 2085 declarare
1323 2062 1450 2086 conatur.
1470 2059 1546 2086 Licet
1569 2062 1729 2095 vagabunda

939 2098 986 2127 ﬁat
1017 2105 1044 2128 et
1074 2101 1198 2136 fugitiva,
1226 2102 1289 2129 licet
1316 2104 1349 2130 ad
1382 2104 1513 2138 inaquusa
1532 2105 1592 2132 loca
1623 2112 1729 2140 pergat,

941 2149 1030 2173 tamen
1048 2146 1085 2173 ita
1099 2147 1257 2180 revertitur,
1275 2153 1304 2176 ut
1318 2156 1348 2176 se
1369 2149 1456 2184 ipsam
1484 2158 1598 2178 numero
1624 2152 1727 2183 vincat,

941 2191 1095 2219 secundum
1114 2192 1187 2220 illam
1204 2193 1337 2222 immundi
1348 2195 1463 2229 spiritus
1475 2196 1730 2232 imaginem.Neque

942 2242 1032 2264 tamen
1056 2243 1084 2265 et
1107 2239 1165 2266 hate
1180 2245 1208 2266 et
1232 2239 1369 2268 deteriora
1386 2246 1495 2277 queque
1512 2242 1602 2270 facere
1617 2244 1728 2276 desinit,

941 2284 1010 2312 adeo
1032 2285 1160 2320 quiddam
1178 2287 1390 2315 inverecundum
1407 2293 1434 2315 et
1453 2289 1607 2323 impudens.
1634 2295 1662 2317 et
1689 2290 1731 2317 fu-

941 2330 1055 2362 riosum,
1072 2335 1100 2357 et
1117 2331 1265 2366 malignum
1282 2339 1333 2360 est.
1351 2332 1502 2360 lnsoleuter
1530 2333 1621 2360 omnia
1650 2334 1729 2361 facit.

941 2375 1061 2403 Caninos
1085 2376 1195 2410 quidem
1222 2378 1316 2405 oculos
1334 2378 1425 2411 habet,
1442 2384 1469 2405 at
1486 2386 1533 2406 cor
1562 2387 1615 2407 non
1640 2381 1732 2408 ccrvi-
1759 2390 1775 2406 ρε

942 2430 1016 2454 num,
1032 2422 1080 2450 sed
1093 2431 1188 2451 eorum
1199 2425 1298 2459 quibus
1313 2424 1358 2452 irae
1375 2425 1415 2452 vis
1433 2426 1528 2460 ingens
1541 2432 1582 2454 est
1594 2427 1620 2454 in
1636 2433 1732 2462 pecto-

941 2474 982 2495 re.
1001 2466 1090 2495 Uuum
1113 2469 1164 2496 hoc
1181 2469 1314 2502 intuetur,
1334 2478 1415 2497 unmn
1442 2470 1493 2498 hoc
1519 2472 1640 2506 respicit,
1658 2477 1687 2500 ut
1702 2480 1733 2500 se

942 2514 1069 2542 fortiores
1084 2522 1115 2542 ac
1135 2516 1291 2550 superiores
1305 2522 1475 2549 prosternat.
1502 2517 1634 2545 Damnum
1650 2526 1731 2546 acce-

941 2563 1017 2595 ptum
1048 2560 1234 2596 redintegrare
1252 2562 1402 2594 contendit,
1423 2567 1450 2589 et
1468 2563 1520 2591 illis
1549 2564 1627 2599 longe
1652 2571 1735 2598 supe-

943 2606 1000 2633 rior
1013 2607 1129 2633 evadere
1146 2607 1191 2642 qui
1204 2607 1279 2642 prius
1292 2615 1351 2636 eam
1374 2609 1545 2637 devicerunt.
1564 2610 1611 2637 His
1640 2611 1732 2638 omnia

943 2653 1090 2687 postpOnit,
1108 2661 1168 2688 quae
1182 2654 1204 2681 si
1222 2653 1354 2682 duntaxat
1383 2656 1499 2683 feliciter
1515 2657 1648 2688 obtineat.
1665 2657 1733 2685 nihil

942 2699 1054 2727 omnino
1073 2701 1161 2728 dirum
1198 2706 1315 2736 reputat,
1344 2703 1412 2730 nihil
1452 2704 1635 2737 formidabile,
1660 2705 1730 2732 nihil

943 2746 1031 2776 triste.
1047 2747 1115 2774 nihil
1130 2747 1169 2774 vel
1189 2747 1372 2776 fmdissimum
1403 2755 1524 2777 veretur.
1542 2750 1573 2777 Et
1600 2751 1664 2785 quid
1682 2760 1732 2786 ego

942 2791 976 2819 de
994 2791 1151 2820 fmdissiuiis
1167 2793 1289 2828 loquor?
1302 2796 1409 2830 quando
1431 2796 1456 2822 in
1475 2796 1516 2824 eis
1533 2798 1590 2831 ipsa
1607 2797 1657 2823 sibi
1673 2798 1734 2832 pla-

943 2841 995 2871 cet,
1024 2838 1165 2874 magisque
1194 2847 1242 2874 per
1268 2847 1300 2868 ea
1341 2848 1422 2876 quam
1451 2841 1553 2877 absque
1580 2843 1621 2870 eis
1653 2844 1735 2878 potiri

1538 2889 1573 2920 15
