1937 3078
212 106 267 138 ιιθ

808 103 1008 136 MANUELIS
1026 103 1251 134 PALEOLOGI

1781 102 1838 134 ’460

211 163 326 192 victoria
357 163 466 199 gaudet.
496 163 562 190 Illud
597 163 679 190 etiam
720 166 841 190 meretur
869 162 998 190 indicari.

1068 161 1293 196 στεφανωμένους
1320 161 1394 195 ἡμᾶς
1419 159 1554 195 χορεύειν.
1576 159 1759 195 Ἠττηθείσης
1782 163 1838 194 γὰρ

212 210 290 238 Tunc
305 209 403 237 animis
431 209 550 236 dolorem
580 209 661 240 iudit,
687 216 750 235 cum
781 216 829 236 nos
857 213 1000 236 coronatos

212 257 364 292 tripudiare
379 264 427 291 par
458 262 527 282 erat.
544 256 611 282 Cum
632 256 705 282 enim
733 256 790 290 ipsa
821 253 947 290 superata
975 259 1001 281 rt

211 310 295 330 ovare
309 310 359 330 nos
374 310 479 337 tequnnt
493 302 538 334 sit,
555 305 654 329 etcum
671 301 763 329 ltetitia
778 301 923 333 exsultare,
951 307 1001 328 nos

175 382 178 384 ,
213 358 227 378 e
240 350 348 377 diverso
361 349 454 376 tristes
468 356 573 380 sumus;
590 347 712 381 adeoque
729 355 825 374 novum
841 352 866 374 et
881 346 1002 374 insolens

213 395 341 429 quiddam
359 394 436 421 nobis
455 394 590 425 usuvenit,
622 394 666 427 qui
688 400 833 421 ntmrorem
866 400 916 420 ceu
944 392 1001 419 fru-

213 447 286 469 ctum
310 440 455 475 quemdam
479 440 598 467 victoriae
626 445 807 474 reponemus.
839 439 885 467 Vel
913 439 1002 474 potius

214 487 277 514 ttovi
296 486 363 513 nihil
390 485 468 513 nobis
501 485 612 513 accidit.
641 485 838 520 Cmrigendum
865 489 907 513 est
930 485 1002 512 enim

214 534 287 568 quod
312 533 442 560 diximus.
471 531 577 566 Quippe
607 539 659 558 non
695 536 840 566 propterea
880 531 1003 559 dolemus

214 578 287 613 quod
308 578 422 605 victoria
446 577 524 611 potiti
540 576 627 604 simus
644 577 717 612 (nattt
747 577 798 604 ltoc
820 577 899 604 modo
925 577 1004 604 nobis

214 625 294 659 plane
311 628 495 651 monstrosum
520 623 647 657 quiddam
674 623 874 658 contingeret),
891 622 939 650 sed
960 622 1004 649 fu-

216 678 306 698 rorem
326 670 410 705 ltujus
426 675 522 697 contra
550 677 610 701 ttos,
629 675 655 697 et
673 676 793 696 atrocem
819 669 898 701 iram,
919 673 946 696 et
964 669 1005 695 itt-

217 716 427 751 comparabilem
443 715 607 743 simultatem
625 715 773 746 intuentes,
802 715 928 749 qnodqne
949 714 1006 742 fieri

217 763 251 790 de
270 769 299 790 se
319 762 438 796 quidvis,
459 761 566 795 quidvis
584 760 663 788 facile
680 761 732 795 pati
754 760 845 793 vellet,
873 760 936 788 dum
957 768 1006 788 no-

217 812 304 833 strum
322 805 588 841 spectatintcritom,
605 812 657 832 non
676 810 729 832 tam
746 804 800 832 laeti
818 813 912 832 sumus
923 813 1005 839 quam

216 853 277 886 jure
307 851 450 886 ringintur.
472 850 580 878 Scimus
606 850 691 883 enim,
709 850 810 878 scimus
838 857 898 877 eant
926 846 1018 877 finem"

219 905 317 933 pugna:
345 903 441 925 contra
471 904 522 924 nos
559 897 670 924 nxlnitne
700 896 842 924 ﬂeturum.
871 895 1005 924 Nimirum

218 951 326 976 semper
345 944 389 971 illa
407 943 480 971 bello
495 951 544 970 nos
556 948 638 978 petet.
659 948 685 971 et
702 948 795 978 aperte
814 948 896 977 atque
914 943 1003 971 acrius

219 997 330 1017 martum
346 989 417 1016 victa
439 985 690 1023 conseretfltaque
712 996 767 1023 prat
785 989 929 1016 formidine
960 996 1006 1015 su-

218 1041 373 1069 spectarum
395 1043 497 1066 rerum,
523 1041 591 1069 quas
618 1034 696 1063 mbis
715 1035 789 1062 illam
808 1039 939 1069 perpetuo
953 1035 1009 1062 sci-

1054 207 1151 242 αὐτῆς,
1168 207 1287 238 παιᾶνας
1303 206 1378 242 ᾅδειν
1391 206 1541 242 προσῆκον,
1559 207 1606 232 καὶ
1633 206 1752 241 σκιρτᾷν
1767 206 1839 240 μετὰ

1053 252 1241 288 φαιδρότητος.
1265 252 1361 286 ¹Ἡμεῖς
1377 251 1405 278 δὲ
1417 251 1485 282 τέως
1514 251 1684 285 λυπούμεθα,
1712 251 1760 278 καὶ
1778 251 1841 278 ἀτο-

1053 300 1103 325 πὸν
1122 307 1147 324 τι
1161 299 1305 333 πάσχομεν
1320 297 1416 329 πάθος,
1432 297 1523 332 λύπην
1540 297 1594 324 ἀπὸ
1619 297 1698 332 νίκης
1714 296 1840 332 καρποῦ-

1056 353 1141 379 μενοι.
1157 345 1269 371 Μᾶλλον
1287 344 1316 371 δὲ
1330 344 1380 370 οὐκ
1403 344 1504 371 ἄτοπον
1530 344 1680 378 πάσχομεν.
1708 344 1754 369 Δεῖ
1783 343 1841 378 γὰρ

1053 389 1254 425 διορθώσασθαι
1270 389 1299 416 τδ
1323 389 1416 425 ῥηθέν.
1434 390 1471 416 Οὺ
1487 390 1542 424 γὰρ
1554 390 1598 416 διὰ
1613 389 1643 427 το
1663 389 1775 423 νικῆσαι
1790 389 1841 415 λο-

1055 435 1181 469 πούμεθα
1197 432 1242 470 (ἦν
1256 435 1309 470 γὰρ
1328 434 1362 461 ἂν
1376 434 1463 470 ταύτῃ
1475 434 1505 460 τὸ
1520 435 1605 465 πάθος
1621 434 1781 469 περιφανῶς
1792 434 1842 461 ἀλ.

1055 480 1188 515 λόκοτον),
1217 481 1277 507 ἀλλ’
1309 481 1350 512 είς
1378 480 1428 514 τὴν
1455 480 1558 514 ταύτης
1586 479 1687 506 λύτταν
1704 480 1754 513 τὴν
1777 478 1840 506 καθ’

1056 527 1145 562 ἡμῶν,
1170 528 1216 553 καὶ
1244 527 1289 553 τὸν
1306 527 1468 553 ἀνείκαστον
1491 526 1588 561 θυμὸν,
1610 526 1656 552 καὶ
1671 526 1720 561 τὴν
1733 526 1843 560 ἀπαρά-

1058 573 1151 609 μιλλον
1178 572 1236 607 ἔριν
1261 572 1390 606 ὁρῶντες,
1413 572 1459 598 καὶ
1479 571 1516 602 ὡς
1544 572 1633 598 πάντα
1665 571 1698 597 ἂν
1723 572 1842 605 γένοιτο.

1057 619 1104 646 καὶ
1118 619 1206 646 πάντα
1226 619 1308 645 πάθοι
1328 618 1439 653 ῥᾳδίως,
1468 618 1538 652 πρὶς
1562 618 1612 651 τὴν
1635 617 1775 652 ἡμετέραν
1790 625 1844 643 κα-

1058 667 1181 702 θαίρεσιν
1199 666 1344 700 ἀφορῶσα,
1361 666 1392 692 οὗ
1408 665 1509 700 μᾶλλον
1524 663 1742 700 εὐφραινόμεθα,
1770 663 1787 697 ἥ
1801 663 1844 689 δι-

1058 712 1143 742 καίως
1155 711 1338 746 ἁσχάλλομεν,
1360 711 1454 746 ἰσμεν
1469 711 1535 746 γὰρ,
1547 710 1627 745 ἴσμεν
1644 710 1730 744 αὐτὴν
1754 709 1844 744 μηδαν

1061 758 1118 793 μῶς
1131 766 1163 792 γε
1181 757 1316 792 λήξουσαν
1331 757 1422 793 μάχης
1439 757 1489 791 τῆς
1507 757 1575 791 πρὸς
1602 755 1768 791 ὴμᾶς.⁴Αεὶ
1789 755 1847 790 γὰρ

1059 804 1144 839 δήπου
1158 804 1205 831 καὶ
1222 803 1385 839 πολεμήσει,
1402 804 1452 830 καὶ
1467 802 1697 838 συμπλακήσεται
1717 800 1845 835 φανερῶς

1062 851 1133 886 μετὰ
1145 850 1196 885 τὴν
1210 848 1295 886 ἧτταν
1321 850 1486 884 δεινότερον.
1513 849 1664 884 Ἀλγοῦμεν
1691 848 1783 876 τοίνυν
1805 849 1847 883 τῷ

1060 897 1114 924 δέει
1125 896 1181 923 τῶν
1197 896 1380 932 ὑφορωμένων
1405 896 1588 931 πραγμάτιον,
1605 895 1622 922 ἃ
1636 895 1668 931 δὴ
1682 895 1786 930 ταύτην
1800 895 1848 929 ἔγ-

1060 951 1149 977 νωμεν
1165 942 1357 978 παρεξομένην
1373 942 1516 977 διηνεκῶς,
1532 941 1548 977 ἦ
1571 942 1706 977 χαίρομεν
1720 942 1760 977 τῷ
1777 949 1850 968 νενιε

1059 990 1186 1022 κηκέναι.
1204 989 1311 1020 Πάντες
1327 989 1382 1024 γὰρ
1403 990 1460 1020 τοῖς
1476 988 1595 1022 φθάσασι
1627 988 1658 1014 τὸ
1687 987 1784 1022 μέλλον
1813 994 1848 1019 γε

1063 1035 1177 1066 δικαίως
1191 1035 1401 1071 τεκμαίρονται.

218 1089 280 1109 mus
300 1081 496 1113 exhibituram,
515 1080 542 1108 in
557 1080 650 1108 dolore
661 1080 757 1115 majori
783 1088 925 1108 versamur
938 1088 1020 1116 quam
1041 1080 1132 1109 Itetitia
1149 1081 1184 1109 sit
1202 1088 1235 1108 ex
1259 1080 1374 1109 victoria
1394 1085 1483 1116 parta.
1509 1079 1577 1108 Nam
1595 1087 1673 1108 nemo
1698 1087 1753 1109 non
1785 1081 1851 1116 jure

226 1130 260 1156 de
276 1129 309 1157 iis
327 1136 386 1164 quae
401 1128 476 1163 prius
508 1135 623 1156 evenere
642 1130 714 1163 qttod
731 1127 850 1156 futurunt
875 1133 917 1157 est
934 1129 1057 1164 eonjicit.

255 1175 392 1203 Hactenus
412 1175 444 1203 de
459 1175 596 1211 voluptate
613 1176 715 1203 dictum
743 1181 813 1209 esto,
837 1176 1008 1212 quandoqui-

218 1223 280 1248 dem
298 1221 411 1248 ulti-rius
428 1221 554 1255 progredi
571 1229 623 1248 non
640 1227 757 1256 oportet.
777 1222 843 1249 Nam
861 1223 926 1250 mihi
945 1223 1006 1258 qni-

218 1270 280 1295 dcm
310 1269 427 1299 videtur,
453 1275 502 1295 nec
522 1275 582 1294 cum
612 1269 656 1302 qni
675 1267 708 1295 de
730 1268 780 1295 hac
809 1269 890 1295 verba
918 1268 1008 1299 faciat.

219 1312 300 1339 facile
314 1312 366 1338 ltoc
386 1313 492 1346 assequi
511 1320 601 1346 posse.
616 1317 644 1339 ut
662 1317 791 1340 accurate
806 1320 861 1340 rem
875 1313 1007 1348 perﬁciat;

220 1367 271 1385 nec
289 1358 475 1393 prolixitatem
491 1359 578 1386 vitare
592 1359 739 1391 volentem,
762 1367 822 1394 quze
839 1361 871 1387 de
887 1361 939 1388 hac
967 1361 1009 1388 di-

220 1405 304 1432 cenda
326 1404 450 1436 veniunt,
481 1404 618 1439 explicare
645 1405 764 1432 dilucide
782 1413 873 1440 posse.
905 1405 1009 1434 Saltem

222 1451 275 1477 hoc
301 1457 384 1476 unum
416 1449 524 1477 czeteris
550 1450 733 1485 adjiciendum
760 1456 812 1478 est.
844 1451 1010 1479 Multiforme

221 1496 357 1530 quoddant
393 1496 422 1522 fit
451 1501 615 1529 monstrum,
637 1497 721 1524 variis
749 1497 867 1526 vultibus
896 1498 1009 1525 nimium

221 1546 353 1576 quantum
367 1541 465 1568 fallens
482 1549 513 1568 ac
531 1549 633 1569 nocens
648 1551 654 1568 ι
671 1546 751 1577 atque
767 1542 804 1569 ttti
820 1543 925 1570 minora
943 1550 1010 1576 prat-

1100 1177 1173 1210 Ἔως
1190 1173 1240 1204 ὧδε
1254 1176 1288 1203 τὰ
1306 1176 1433 1212 περὶτῆς
1447 1177 1546 1212 ἡδονῆς
1563 1177 1651 1210 ἔσται,
1670 1177 1732 1204 ἐπεὶ
1754 1177 1792 1212 μὴ
1809 1176 1852 1203 δεῖ

1064 1222 1230 1258 περαιτέρω.
1242 1222 1311 1250 Οὔτε
1327 1223 1381 1258 γὰρ
1396 1223 1424 1254 ἐς
1449 1223 1582 1258 τάκριϐὲς
1597 1223 1686 1249 ἐλθεῖν
1713 1231 1758 1255 μοι
1773 1223 1852 1250 δοκεῖ

1063 1269 1156 1304 ῥᾴδιον
1172 1267 1243 1296 εἷναι
1258 1269 1304 1295 τὸν
1317 1269 1383 1303 περὶ
1398 1268 1501 1304 ταύτης
1517 1268 1643 1303 λέγοντα,
1665 1268 1727 1295 οὔτε
1749 1269 1780 1295 τὸ
1798 1270 1853 1304 μῆ-

1062 1323 1110 1346 κος
1126 1314 1240 1342 θέλοντα
1253 1314 1378 1348 φεύγειν,
1390 1315 1425 1341 τὰ
1439 1314 1499 1341 κατ’
1514 1314 1599 1350 αὐτὴν
1614 1314 1744 1348 καθαρῶς
1760 1315 1853 1342 είπεῖν

1062 1360 1225 1396 δυνηθῆναι.
1242 1360 1316 1396 Πλὴν
1332 1361 1421 1387 ἐκεῖνό
1450 1369 1481 1395 γε
1499 1361 1579 1396 μόνον
1605 1361 1781 1388 ἑπιλεκτέον’
1799 1370 1851 1388 πο-

1063 1407 1204 1443 λύμορφόν
1229 1416 1255 1433 τι
1282 1407 1405 1441 γίγνεται
1428 1407 1524 1442 τέρας,
1548 1406 1733 1439 παντοδαπαῖς
1765 1407 1853 1439 ίδέαις

1065 1452 1241 1487 παράγουσα,
1267 1452 1315 1480 καὶ
1343 1451 1533 1487 λυμαινομένη
1558 1453 1642 1479 πόσον
1668 1453 1776 1486 δοκεῖς;
1796 1454 1854 1480 Καὶ

1066 1499 1110 1526 ἵνα
1123 1499 1158 1525 τὰ
1172 1498 1281 1525 ἐλάσσω
1299 1498 1390 1533 παρῶ,
1401 1498 1493 1533 εὕροις
1508 1498 1541 1525 ἂν
1557 1499 1606 1533 τὴν
1620 1500 1728 1534 ἡδονὴν,
1744 1500 1775 1526 τὺ
1789 1500 1853 1526 κατ’

1065 1543 1150 1578 αὐτὴν
1165 1543 1270 1571 ἄνωθεν
1293 1543 1435 1576 ἐξετάσας,
1450 1544 1590 1575 ἀπωλείας
1618 1545 1699 1571 ἓνεκα
1717 1545 1854 1571 παντοδα-

222 1593 381 1624 termittam,
400 1591 522 1617 invenias
539 1589 714 1624 voluptatem,
732 1590 756 1617 si
777 1589 810 1617 ab
836 1590 942 1625 origine
964 1596 1010 1616 na-

1065 1590 1118 1625 πὴν
1133 1591 1289 1624 γεγονυῖαν.
1306 1589 1382 1624 Αὕτη
1398 1590 1448 1622 τὰς
1471 1591 1588 1625 νιφάδας
1619 1590 1665 1617 τοῦ
1696 1591 1782 1626 πυρὸς
1803 1587 1854 1618 bal

223 1645 310 1666 turam
323 1638 381 1673 ejus
395 1635 592 1671 exploraveris,
604 1635 734 1663 interitus
750 1635 914 1669 procurandi
928 1642 1010 1663 causa

222 1685 298 1712 vnrle
318 1683 553 1711 transformatam.
575 1681 637 1709 Haec
655 1681 754 1709 nimbis
770 1681 859 1716 igneis
873 1681 937 1709 olim
962 1681 1012 1709 So-

223 1731 332 1758 dontitis
347 1730 432 1764 pluit;
450 1729 507 1756 haec
525 1728 630 1756 telluris
646 1728 758 1763 abyssos
772 1728 891 1762 aperuit,
906 1729 1011 1762 ipsnm~

224 1785 277 1812 que
291 1777 402 1808 caelum,
421 1780 451 1802 nt
471 1775 553 1802 etiam
569 1779 666 1800 natura
685 1773 801 1800 rationis
815 1781 913 1808 expers
932 1774 1013 1800 inun-

223 1826 334 1850 daretur
345 1829 477 1857 aquarum
490 1820 603 1853 diluvio,
615 1819 750 1854 quamvis,
764 1823 794 1846 ut
804 1824 898 1846 natura
909 1823 1011 1852 nostra,

225 1874 270 1893 rea
284 1874 338 1893 non
356 1871 440 1893 esset.
460 1864 588 1900 Expende
606 1863 683 1898 mihi,
702 1871 805 1899 quaeso,
823 1863 931 1892 JndacOs
950 1864 1012 1894 illos

225 1913 270 1947 qui
284 1913 310 1938 in
340 1911 487 1938 solitudine
517 1911 648 1945 prosuati
674 1911 882 1944 occubuerunt;
913 1911 1013 1946 ubique

226 1957 377 1984 [ιςίηοτυιη
391 1956 451 1990 ejus
467 1956 579 1990 vestigia
597 1957 691 1984 videre
706 1956 781 1988 licet,
799 1964 832 1984 ne
858 1965 952 1984 rursus
970 1957 1012 1984 his

227 2003 400 2032 recensendis
415 2003 600 2030 immorentur.
613 2001 670 2030 Hoc
682 2008 774 2030 autem
787 2002 812 2029 in
824 2010 854 2030 ea
866 2004 1013 2037 pessimum

226 2050 308 2084 quod,
330 2056 391 2075 cum
409 2049 466 2076 haec
481 2053 544 2075 nota
559 2048 639 2075 nobis
653 2048 718 2079 sint,
736 2053 824 2075 tamen
849 2055 907 2075 eam
931 2048 1014 2076 relin-

227 2103 311 2130 quere
329 2102 381 2122 nott
407 2094 555 2129 possimus,
575 2094 639 2121 licet
671 2094 697 2122 id
717 2094 793 2122 valde
812 2094 947 2128 velimus;
972 2096 1013 2122 vel

228 2151 242 2167 οξ
265 2141 426 2172 contrario.
460 2148 522 2167 cttm
551 2140 670 2167 fortasse
698 2141 845 2175 possimus,
875 2140 1013 2168 nolumus.

227 2188 398 2222 Quapropter
411 2194 441 2213 ea
456 2191 552 2214 natura
574 2185 723 2220 voluptatis
744 2191 795 2218 est.
814 2191 843 2214 ut
859 2186 885 2213 in
910 2191 1014 2214 utram-

228 2240 281 2267 que
296 2235 401 2266 partem
415 2232 514 2258 malum
530 2231 601 2258 sitet
613 2231 806 2258 detrimentum
819 2231 1012 2262 certissimum,

229 2279 281 2306 ilhs
294 2280 415 2312 inquam,
433 2277 478 2311 qui
493 2285 545 2304 non
560 2276 665 2311 praediti
680 2281 745 2303 sunt
764 2276 855 2302 animo
883 2276 961 2302 firmo
985 2283 1017 2302 ac

228 2324 318 2352 stabili
336 2328 363 2351 ct
377 2323 514 2350 variarum
531 2329 622 2349 rerum
650 2321 831 2356 experientia,
861 2326 889 2348 et
906 2321 1017 2349 institu-

229 2371 301 2397 tione
314 2368 455 2404 proeelara,
473 2373 499 2395 et
515 2373 605 2395 mente
631 2367 705 2394 vitiis
722 2366 794 2393 haud
821 2366 972 2400 inquinata,
991 2372 1018 2393 et

229 2415 319 2442 indole
340 2414 431 2449 gloriae
447 2413 555 2448 cupido,
584 2417 610 2439 et
636 2411 775 2439 voluntate
794 2413 911 2445 scipsnm
944 2411 1019 2438 exci-

229 2467 313 2492 tante,
335 2468 367 2488 ac
382 2467 490 2494 semper
518 2460 552 2486 ad
569 2458 753 2494 pulcherrima
769 2457 872 2492 qumvis
901 2461 928 2484 ct
947 2457 1018 2491 opti-

230 2517 272 2536 ma
299 2507 422 2543 proclivi,
440 2514 555 2542 quaeque
572 2507 640 2534 satis
670 2506 783 2534 omnino
807 2506 905 2533 viriuttt
922 2505 1018 2532 Itabeat

229 2557 261 2582 :td
281 2554 482 2589 intelligendum
499 2560 667 2587 quaecunque
694 2553 813 2579 divinant
838 2551 869 2579 ad
891 2552 1018 2578 virtutem

229 2611 278 2629 ceu
309 2601 447 2636 principes
474 2607 565 2628 causae
597 2607 646 2626 nos
672 2599 830 2632 deducunt;
850 2606 898 2625 nec
929 2597 1019 2624 ntiuus

229 2649 396 2682 cupiditatis,
411 2648 443 2675 ad
458 2645 684 2682 perseverandum
698 2646 724 2672 in
743 2645 776 2672 iis
791 2652 852 2679 qua:
869 2644 1020 2678 pulcherri-

230 2702 272 2720 mtt
290 2701 351 2720 esse
365 2697 445 2727 atque
467 2692 568 2726 optinta
585 2694 781 2725 coguoveruul.
813 2689 928 2722 Quinam
955 2695 1020 2722 ergo

229 2739 295 2765 tanti
305 2740 354 2766 viri
368 2738 480 2770 fuerint,
490 2743 518 2765 ut
533 2744 593 2772 qua:
605 2736 688 2764 nimia
699 2741 773 2768 sunt,
786 2740 860 2763 recto
872 2734 1019 2771 voluptatis

226 2792 277 2811 usu
288 2786 373 2812 vitare
393 2783 550 2818 potuerint?
568 2782 721 2818 Perpaucos
733 2781 888 2817 ltnjosntodi
911 2787 961 2808 nos
977 2780 1017 2807 itt-

226 2835 357 2859 «veuturos
375 2830 502 2864 arbitror,
511 2830 555 2865 qui
567 2830 674 2866 quidem
685 2829 736 2864 ipsi
746 2828 947 2862 cacteroslongo
958 2831 1018 2866 post

1066 1644 1130 1662 ποτε
1157 1635 1337 1670 Σοδομίταις,
1359 1636 1495 1667 ἀϐύσσους
1521 1637 1571 1670 γῆς
1599 1636 1714 1671 ἀνέῳξε,
1739 1637 1788 1664 καὶ
1803 1637 1853 1663 αὑο

1064 1682 1110 1707 τὸν
1131 1681 1179 1707 τὸν
1192 1681 1319 1716 οὐρανὸν,
1336 1681 1374 1712 ὡς
1393 1681 1617 1716 κατακλυσθῆναι
1633 1682 1680 1708 καὶ
1697 1681 1779 1715 φύσιν
1792 1682 1856 1709 ἄλο-

1065 1735 1123 1760 γον,
1139 1727 1190 1753 οὐκ
1218 1727 1393 1762 ὲνεχομένην,
1415 1726 1511 1762 ὥσπερ
1527 1728 1543 1762 ὴ
1559 1728 1692 1762 ἡμετέρα.
1712 1727 1748 1754 Σὺ
1764 1727 1794 1754 δέ
1809 1736 1855 1762 μοι

1065 1772 1175 1806 λογίζου
1200 1772 1264 1804 τοὺς
1284 1773 1313 1798 ιν
1333 1773 1432 1808 ἐρήμῳ
1460 1773 1595 1805 πεσόντας
1617 1774 1672 1800 τῶν
1701 1773 1852 1800 Ἰουδαίων.

1065 1818 1106 1844 Τὰ
1132 1818 1236 1853 ταύτης
1268 1818 1408 1853 πανταχοῦ
1440 1818 1656 1853 κατορθώματα,
1675 1818 1719 1845 ἵνα
1741 1820 1779 1854 μὴ
1806 1820 1855 1845 καὶ

1065 1861 1143 1894 αὖθις
1171 1863 1357 1902 διατρίϐωμεν
1384 1858 1595 1897 καταλέγοντες.
1623 1864 1659 1890 Τὸ
1680 1864 1709 1890 δὲ
1735 1865 1854 1899 ταυτησὶ

1066 1909 1213 1944 χείριστον,
1231 1910 1272 1936 ὅτι
1287 1909 1374 1937 ταῦτα
1391 1910 1574 1944 γινώσκοντες
1590 1910 1615 1936 οἱ
1626 1909 1782 1945 ἄνθρωποι,
1802 1910 1854 1937 οὐκ

1065 1955 1257 1990 ἀπαλλαγῆναι
1273 1956 1427 1990 δυνάμεθα,
1457 1956 1562 1991 σφόδρα
1582 1955 1706 1986 θέλοντες
1719 1964 1727 1972 ·
1753 1955 1769 1990 ἢ
1791 1956 1855 1982 τοὺς

1065 2001 1172 2028 ναντίον
1196 1995 1262 2033 ἴσως
1288 2002 1444 2036 δυνὰμενοι,
1462 2002 1492 2028 οὺ
1514 2001 1678 2036 βουλόμεθα,
1693 2001 1770 2028 ἀπο·
1790 2002 1857 2028 ἐκα-

1065 2048 1185 2082 τέρωθεν
1200 2048 1298 2080 κακὸν,
1315 2048 1362 2074 καὶ
1381 2048 1573 2082 ἀπαραίτητον
1591 2048 1722 2083 βλαϐερὸν
1737 2049 1754 2082 ή
1770 2049 1853 2083 ἡδονὴ

1065 2094 1189 2128 πέφυκεν
1204 2092 1294 2121 εἶναι·
1310 2094 1382 2127 λέγω
1397 2095 1425 2120 δὲ
1449 2096 1560 2126 πάντως
1579 2095 1707 2128 ἐκείνοις,
1733 2095 1790 2126 τοῖς
1819 2094 1858 2130 μὴ

1067 2140 1183 2175 βεϐηκός
1196 2149 1224 2166 τε
1237 2141 1286 2166 καὶ
1302 2140 1402 2175 πάγιον
1421 2141 1606 2176 κεκτημένοις
1637 2142 1775 2177 φρόνημα,
1807 2140 1857 2168 καὶ

1066 2188 1168 2221 πεῖραν
1191 2187 1364 2221 πραγμάτων
1381 2187 1578 2220 παντοδαπῶν,
1594 2189 1640 2215 καὶ
1653 2187 1778 2214 παιδείαν
1791 2187 1860 2221 ἀγα-

1068 2233 1132 2267 θὴν,
1153 2233 1202 2260 καὶ
1214 2233 1277 2260 νοῦν
1294 2233 1432 2260 ἀθόλωτον
1452 2233 1564 2267 πάθεσι,
1580 2233 1626 2260 καὶ
1652 2234 1752 2269 τρόπον
1777 2234 1860 2268 δόξης

1070 2278 1187 2313 ἐρῶντα,
1206 2279 1253 2305 καὶ
1268 2278 1336 2310 ὅλως
1353 2287 1385 2312 γε
1407 2279 1518 2314 θέλησιν
1533 2279 1725 2314 αὐτοκίνητον,
1747 2279 1795 2306 καὶ
1814 2280 1860 2306 ἀεὶ

1071 2323 1119 2358 τὴν
1138 2323 1225 2359 ῥοπὴν
1248 2324 1422 2359 κεκτημένην
1440 2325 1507 2359 πρὸς
1519 2325 1534 2351 ὅ
1551 2333 1577 2352 τι
1594 2325 1739 2352 κάλλιστόν
1754 2333 1784 2351 τε
1814 2327 1861 2352 καὶ

1072 2370 1224 2404 βέλτιστον.
1246 2369 1275 2396 εὖ
1296 2369 1344 2403 μὲν
1360 2370 1505 2405 δυνάμεως
1520 2371 1636 2406 ἔχουσαν
1667 2371 1782 2405 γνῶναι,
1808 2372 1860 2398 ὅσα

1073 2415 1222 2441 αἱτιώτατα
1241 2415 1310 2449 πρὸς
1333 2415 1382 2450 τὴν
1401 2415 1477 2443 θείαν
1495 2416 1596 2452 ἀρετὴν
1621 2416 1688 2443 ὂντα
1715 2417 1858 2452 τυγχάνει,

1073 2460 1103 2488 εὖ
1133 2461 1161 2488 δὲ
1186 2461 1342 2497 βουλήσεως
1368 2462 1461 2496 μένειν
1491 2463 1534 2497 ἐφ’
1562 2459 1603 2495 οἷς
1627 2463 1785 2494 καλλίστοις
1812 2463 1862 2491 καὶ

1073 2508 1198 2542 ἀρίστοις
1214 2507 1341 2541 ἔγνωσαν
1354 2507 1425 2536 οὖσι,
1445 2509 1524 2540 Τίνες
1541 2507 1589 2536 οὖν
1606 2509 1638 2536 ἂν
1652 2507 1707 2535 εἷεν
1725 2509 1861 2541 comiter,

1073 2553 1111 2583 ὡς
1128 2552 1273 2587 διαφυγεῖν
1287 2554 1336 2587 τῆς
1354 2553 1452 2587 ἡδονῆς
1469 2554 1516 2584 τὰς
1532 2552 1688 2588 ὑπερὸολὰς
1713 2553 1861 2588 δυνηθῆναι

1075 2600 1108 2633 τῇ
1129 2598 1282 2634 γιγνομένῃ
1311 2607 1342 2632 γε
1358 2598 1462 2633 ταύτης
1485 2599 1584 2634 χρήσει
1599 2607 1606 2628 :
1623 2599 1725 2633 ὀλίγοι
1755 2607 1802 2634 μοι
1818 2599 1862 2625 δο-

1077 2645 1172 2672 κοῦσιν
1184 2644 1457 2680 εὖρεθήσεσθαι,καὶ
1482 2642 1556 2672 οὗτοι
1585 2654 1617 2680 γε
1644 2646 1862 2681 παρενεγκόντες

1076 2693 1140 2722 τοὺς
1154 2691 1251 2723 ἄλλους
1267 2691 1358 2726 πολλῷ
1369 2691 1408 2727 τῷ
1422 2691 1508 2726 μέσῳ.
1524 2691 1590 2718 ’Ὅτε
1603 2693 1657 2727 γὰρ
1667 2693 1713 2719 τὸν
1723 2691 1863 2726 ὀφθαλμὸν

1076 2737 1126 2772 τῆς
1139 2737 1229 2772 ψυχῆς
1243 2737 1348 2771 τυφλοῖ,
1372 2736 1421 2764 καὶ
1442 2737 1590 2772 μαλακίζει
1605 2738 1651 2765 τὸν
1667 2737 1768 2772 ταύτης
1787 2737 1863 2764 τόνον

1074 2785 1090 2819 ἡ
1106 2784 1155 2818 τῆς
1172 2783 1270 2818 ἡδονῆς
1285 2782 1358 2818 ίυγξ,
1374 2782 1434 2814 πῶς
1451 2783 1534 2810 οὺ”τδ
1553 2783 1656 2818 ταύτης
1679 2782 1823 2818 ἐπαγωγόν
1835 2792 1864 2810 τε

1072 2828 1121 2856 καὶ
1138 2828 1232 2864 θέλγειν
1250 2828 1364 2864 μονονοὺ
1384 2828 1430 2855 καὶ
1446 2828 1556 2863 φύσεως
1589 2829 1788 2865 ἰσχυρότερον;
1817 2838 1863 2857 κα·
