1937 3078
75 154 130 187 τοι

780 144 926 176 ORATIO
950 145 982 176 V.

1653 139 1706 172 462

73 214 100 239 εἰ
113 213 175 243 ταῖς
191 210 355 246 ὑπερϐολαῖς
370 209 424 236 τῶν
438 208 556 244 ἡδίστων
586 207 714 234 κάκιστοι
728 206 861 240 γινόμεθα

929 213 944 231 e
957 202 1100 230 intervallo
1115 201 1293 236 reliquerunt.
1305 201 1372 228 Nam
1389 208 1449 229 cum
1475 201 1601 229 illecebra
1624 200 1706 228 volu-

76 259 181 289 πάντες
192 256 386 292 ἄνθρωποι(οὺ
400 255 454 290 γὰρ
476 255 559 286 ἔστιν,
587 254 637 280 οὐκ
664 252 737 279 ἐστιν
766 253 864 284 αὑταῖς

74 304 248 338 χρωμένους,
264 302 384 337 ἀγαθοὺς
405 299 497 336 εἶναι),
512 301 542 327 τὸ
557 300 584 327 δὲ
614 299 725 335 μέτριον
746 299 858 334 ἄροτον

75 347 229 383 πανταχοῦ,
250 349 376 374 τοσοῦτον
403 347 430 373 δὲ
451 346 581 381 χαλεπὸν,
600 345 649 372 καὶ
680 344 799 380 μάλιστά
829 352 862 378 γε

75 393 207 427 ἐνταῦθα,
224 393 322 420 ὁπόσον
344 393 409 427 ἄρτι
428 392 582 426 δεδήλωκεν
597 392 663 426 ἡμῖν
678 392 692 417 ὁ
708 391 772 424 λόγο
784 399 791 406 ·
806 391 866 421 πῶς

76 442 126 467 οὐκ
140 440 270 474 ἄντικρυς
288 440 373 466 κακὸν
393 439 431 473 τῷ
449 439 500 472 βίῳ
516 438 532 472 ὴ
554 438 647 473 ἡδονὴ,
660 437 694 464 δι’
714 437 745 472 ἢν
774 445 866 472 παρα-

77 486 237 520 καλούμεθά
254 493 282 511 τε
293 485 340 512 καὶ
351 484 501 519 βιαζόμεθα
515 484 584 518 πρὸς
598 484 647 514 τὰς
656 483 766 515 ἐκείνης
781 483 867 517 ὑπερ-

78 532 171 565 ϐολὰς,
189 532 224 559 δι’
237 533 270 563 ἃς
289 540 321 566 γε
335 532 422 566 δήπου
437 531 491 557 τῶν
504 531 597 557 καλῶν
612 531 659 557 καὶ
670 530 725 556 τῶν
743 530 866 564 ἀγαθῶν,

78 579 134 605 τῶν
151 587 180 605 τε
196 578 254 610 νῦν,
278 579 332 604 τῶν
351 587 380 603 τε
405 578 560 611 μελλόντων
584 578 755 611 ἑκπίπτομεν
779 577 867 604 ἀπαν-

76 634 124 655 τες
136 635 142 657 ;
154 624 209 652 Ἠν
222 625 276 659 ἄρα
288 625 413 659 κρεῖττον
429 624 559 658 τοιαύτην
587 623 669 650 οὖσαν
693 623 742 658 τὴν
757 623 867 658 ἡδονὴν,

77 671 175 697 ὁποίαν
204 679 236 703 γε
253 671 320 705 ἡμῖν
345 670 501 705 διαγράψας
521 671 534 696 ό
569 670 649 704 λόγος
673 669 785 702 ἔδειξεν,
817 670 866 696 οὐκ

78 716 203 752 ἁκριῦῶς
224 716 272 750 μὲν
289 713 368 750 οἶμαι
383 715 568 747 παντάπασιν,
586 715 623 746 ὡς
651 714 673 740 δ’
691 713 738 741 οὖν
753 713 809 741 οἷόν
836 723 867 741 τε

79 762 203 796 ὑπῆρξεν
217 761 325 795 ἐκείνην
340 760 577 791 διατυπώσασθαι,
607 760 743 794 μηδαμῶς
766 760 868 794 ταύτην

80 806 164 839 εἶναι,
183 806 250 841 μηδὲ
266 807 395 841 παρεῖναι
408 807 476 840 τῷδε
492 806 531 841 τῷ
546 806 608 841 βίῳ,
623 806 690 840 μηδὲ
707 806 757 841 τὴν
777 806 866 842 ἀρχὴν

80 854 244 887 ὑφεστάναι,
263 852 416 888 καθαπερεὶ
431 852 575 888 καταρχὰς
595 853 714 887 είρηται.
733 852 811 879 Οὕτω
827 861 870 879 τι-

80 900 126 930 νὲς
139 899 193 924 τῶν
210 899 336 933 σοῦαρῶν
353 899 403 933 μὲν
417 899 508 930 ἄλλως
539 899 586 925 καὶ
604 898 780 933 ὑπερόγκων,
801 899 870 931 πρὸς

81 945 109 970 δὲ
135 945 185 979 τὴν
197 945 318 979 ἄκοσμον
333 945 441 979 τρυφὴν
465 947 575 971 πάντων
600 944 663 978 ἑξῆς
689 943 871 970 ἐπιλανθανό-

83 998 173 1023 μενοι,
191 990 306 1021 ἐαυτούς
320 998 353 1023 γε
370 989 506 1024 κρύπτειν
536 989 688 1021 ἐθέλοντες,
718 989 785 1023 μηδὲ
813 990 874 1023 κρι-

81 1043 141 1062 νειν
156 1035 337 1068 ἐπιστάμενοι
351 1035 512 1070 πρεπόντως
544 1031 622 1068 οἶμαι.
657 1034 692 1060 τὰ
721 1034 871 1069 πρέποντα,

80 1082 134 1116 τὴν
150 1081 249 1116 ἡδονὴν
269 1081 458 1112 διαϐάλλουσι,
487 1081 585 1113 λόγους
609 1088 639 1106 τε
671 1079 871 1114 προτείνοντες,

79 1128 132 1154 καὶ
149 1127 260 1158 εἰκόνας
277 1127 453 1158 πλάττοντες,
470 1126 556 1153 τᾶλλα
579 1126 629 1161 μὲν
645 1126 710 1158 ἴσως
728 1126 778 1152 οὐκ
791 1127 873 1160 ἀγεν-

80 1173 149 1205 νῶς,
165 1173 234 1207 πρὸς
251 1173 280 1199 ἓν
295 1182 322 1199 τι
338 1173 366 1200 δὲ
382 1173 536 1209 βλαϐερῶς,
550 1173 588 1204 ὠς
608 1173 642 1200 ἂν
657 1174 747 1208 ἔγωγε
776 1172 873 1207 φαίην.

81 1220 141 1254 Τῆς
152 1219 209 1255 γὰρ
229 1219 305 1253 σφῶν
318 1219 409 1246 αὐτῶν
422 1220 524 1251 κακίας
541 1219 684 1246 αἰτιῶνται
706 1220 756 1254 μὲν
775 1219 874 1249 αὐτοὺς

83 1266 223 1301 οὐδαμῶς,
252 1266 269 1301 ἢ
299 1264 406 1300 μικρόν
427 1274 465 1297 τι,
483 1265 567 1300 σοφὸν
591 1265 748 1296 ποιοῦντες,
769 1265 820 1299 τὴν
846 1263 874 1290 δὲ

83 1310 184 1347 ἡδονὴν
194 1311 264 1337 κατὰ¹
277 1311 378 1342 πάντα,
389 1310 455 1345 μηδὲ
465 1310 534 1336 Θεοῦ
542 1310 708 1344 φειδόμενοι,
722 1309 759 1341 ὡς
770 1310 874 1344 προῖὼν

85 1358 101 1383 ὸ
119 1356 199 1390 λόγος
228 1355 356 1390 δηλώσει.
375 1355 462 1382 Τοῦτό
490 1364 535 1391 μοι
550 1356 627 1382 δοκεῖ
655 1355 788 1382 κάκιστον
805 1353 874 1381 εἶναι

87 1402 144 1428 τῶν
161 1402 254 1434 αὐτοῖς
281 1402 448 1437 εἰρημένων.
484 1401 564 1428 Οὕτω
592 1401 696 1433 πάντες
715 1401 765 1436 μὲν
796 1401 876 1436 σοφοὶ

88 1447 159 1481 πρὸς
172 1447 222 1482 τὴν
239 1446 380 1482 ἡμετέραν
412 1446 503 1474 αὐτῶν
524 1447 678 1479 ἀπώλειαν,
701 1447 759 1473 ὅσοι
778 1446 812 1482 δὴ
826 1445 876 1481 τὴν

87 1493 238 1529 ρᾳθυμίαν,
255 1494 314 1520 ὅσοι
327 1494 378 1528 τὴν
394 1493 539 1529 ῥᾳστώνην
548 1493 635 1527 αὐτὴν
649 1493 698 1520 τοῦ
712 1492 798 1519 καλοῦ
809 1501 876 1528 προ-

915 248 996 283 ptatis
1015 247 1128 275 loculum
1155 246 1237 273 animi
1263 249 1392 277 excaecat.
1411 246 1525 280 ejusque
1556 245 1709 272 contentio-

917 300 978 319 nem
1002 292 1148 319 molliendo
1165 291 1276 326 frangit,
1293 292 1337 326 qui
1361 290 1416 318 fieri
1435 295 1524 325 potest
1542 295 1569 317 ut
1594 289 1710 324 insignis

918 339 979 373 ejus
1010 338 1037 365 in
1063 337 1226 372 pelliciendo
1251 337 1485 370 demnlcendoque
1511 337 1552 363 vis
1580 343 1632 362 non
1651 336 1708 370 ipsa

918 391 1001 419 prope
1027 389 1123 411 natura
1142 383 1178 410 sit
1200 382 1295 410 fortior
1310 381 1321 408 ?
1334 382 1372 409 Ac
1387 382 1409 408 si
1436 380 1545 415 pessimi
1572 380 1713 407 evadimus

920 430 1039 457 universi
1054 430 1182 457 mortales
1195 437 1240 463 per
1253 437 1283 456 ea
1298 436 1358 463 quae
1369 427 1577 463 jucundissimis
1594 427 1618 453 in
1631 426 1712 453 rebus

920 476 1004 502 nimia
1034 480 1096 502 sunt
1114 475 1220 509 (nequit
1235 475 1320 508 enim,
1351 474 1444 508 nequit
1467 473 1577 508 omnino
1608 472 1665 499 fieri
1682 477 1713 498 ut

919 522 964 556 qui
986 522 1044 550 haec
1072 526 1212 548 sectantur
1226 521 1288 548 boni
1318 521 1396 555 sint),
1413 526 1439 546 et
1456 521 1477 548 si
1495 519 1567 554 quod
1593 519 1713 546 medium

920 574 972 600 est,
988 569 1118 603 optimum
1136 568 1162 595 id
1178 568 1287 602 quidem
1301 572 1343 594 est
1360 567 1470 600 ubique,
1490 567 1537 594 sed
1557 570 1632 592 tanta
1650 573 1713 592 cum

920 612 1080 639 difficultate
1103 612 1286 646 conjunetmn.
1306 612 1454 645 praesertim
1471 611 1496 637 in
1517 618 1545 637 re
1563 610 1714 644 proposita.

920 662 1021 693 quanta
1043 665 1096 685 non
1123 658 1158 684 ita
1185 658 1288 692 pridem
1310 665 1324 684 a
1349 657 1426 684 nobis
1450 660 1495 684 est
1516 656 1645 688 indicata,
1662 663 1715 690 quo

922 707 1000 737 pacto
1014 710 1066 729 non
1090 710 1154 730 vere
1181 703 1259 730 noxia
1277 703 1338 730 vita:
1351 702 1474 736 voluptas
1491 707 1544 733 est,
1571 709 1715 736 perquam

920 753 949 775 et
976 748 1124 775 invitamur
1140 753 1167 776 et
1201 748 1323 783 cogimur
1339 749 1371 775 ad
1387 755 1418 775 ea
1437 755 1497 782 qua:
1518 748 1544 774 in
1560 748 1611 775 liae
1631 748 1717 775 nimia

920 800 995 827 sunt,
1014 795 1049 821 ob
1064 802 1123 829 quae
1138 795 1246 829 quidem
1264 794 1320 829 ipsa
1337 799 1391 821 tam
1417 795 1558 829 praesentis
1570 802 1649 827 quam
1672 793 1716 821 fu-

921 844 988 867 turae
1000 841 1062 868 vine
1080 841 1150 868 bona
1176 848 1272 868 omnes
1289 841 1462 875 amittimus?
1485 841 1617 868 Nimirum
1643 840 1719 867 volu-

922 891 1035 921 ptatem,
1048 895 1108 921 quae
1128 887 1190 914 talis
1204 887 1239 914 sit
1253 887 1358 921 qualem
1374 887 1451 914 nobis
1463 895 1521 914 eam
1535 887 1613 921 quasi
1631 886 1719 919 pictu-

923 940 953 959 ra
969 933 1085 967 quadam
1103 933 1159 960 haec
1170 933 1295 960 exhibuit
1303 933 1402 966 oratio,
1416 940 1468 960 non
1481 932 1593 960 omnino
1604 932 1713 967 quidem

923 982 1063 1011 accurate,
1092 978 1222 1012 arbitror,
1235 983 1371 1014 quatenus
1393 983 1485 1006 tamen
1527 978 1600 1005 illam
1627 979 1720 1013 expri-

923 1031 998 1051 mere
1027 1025 1113 1056 licuit,
1133 1025 1212 1059 plane
1242 1033 1295 1052 non
1328 1033 1388 1052 esse
1414 1026 1571 1059 prarstabat,
1589 1033 1639 1052 nec
1656 1025 1720 1052 huic

929 1070 1025 1097 adesse
1044 1070 1114 1101 vitae,
1133 1077 1182 1097 nec
1197 1078 1309 1104 prorsus
1321 1071 1465 1102 exsistere,
1489 1070 1719 1104 quemadmodum

924 1117 959 1143 ab
978 1116 1056 1143 initio
1074 1117 1175 1143 dictum
1202 1116 1262 1143 fuit.
1282 1115 1338 1143 lloc
1366 1116 1446 1144 modo
1476 1116 1611 1149 norinulli,
1630 1117 1720 1144 severi

930 1162 1041 1197 quidem
1067 1162 1134 1189 alias
1157 1166 1186 1190 et
1212 1162 1306 1195 inﬂati,
1323 1162 1370 1190 sed
1401 1170 1463 1190 cum
1491 1164 1524 1190 ad
1544 1163 1720 1190 inhonestam

926 1207 1095 1242 voluptatem
1126 1212 1237 1235 ventum
1264 1212 1316 1240 est,
1344 1207 1465 1234 omnium
1496 1206 1693 1234 obliviscentes
1710 1225 1718 1239 ,

926 1254 990 1281 dum
1027 1253 1167 1281 occultare
1195 1260 1256 1281 sese
1284 1253 1408 1288 cupiunt,
1432 1246 1490 1280 'nec
1518 1257 1622 1280 rectum
1649 1251 1721 1290 ferre

925 1299 1057 1334 judicium
1072 1303 1183 1331 norunt,
1205 1299 1369 1333 voluptatem
1388 1298 1585 1330 criminantur,
1602 1303 1628 1325 et
1638 1299 1724 1326 ratio-

925 1351 974 1372 nes
984 1344 1197 1379 praetexendomt
1207 1344 1337 1378 imagines
1350 1344 1427 1378 quasi
1440 1344 1569 1378 quasdam
1581 1343 1721 1378 fingendo:

927 1390 1008 1425 idque
1031 1391 1178 1425 czeteroqui
1217 1391 1333 1418 fortasse
1365 1397 1419 1418 non
1445 1390 1584 1417 instrenue
1601 1409 1609 1421 ,
1626 1397 1721 1417 verum

927 1437 1010 1464 unius
1030 1438 1070 1465 rei
1099 1442 1222 1472 respectu
1254 1441 1396 1467 nocenter.
1407 1441 1436 1463 ut
1450 1436 1576 1471 equidem
1607 1435 1721 1463 sentio:

929 1484 1029 1520 quippe
1045 1485 1153 1519 seipsos
1175 1483 1333 1511 vitiositatis
1350 1490 1406 1510 sine
1424 1482 1533 1510 nomine
1550 1489 1724 1517 nequaquam

87 1528 233 1574 κρίνομεν,
246 1539 297 1572 ,καὶ
310 1539 339 1564 τὺ
353 1538 455 1565 αὐτίκα
466 1538 570 1565 ἄλυπον
584 1538 639 1565 τῶν
659 1538 806 1572 ἐσύστερον
831 1545 874 1571 με-

931 1531 973 1558 vel
999 1531 1108 1565 paulum
1131 1530 1226 1557 saltem
1243 1529 1365 1563 culpent,
1384 1533 1473 1556 astute
1493 1528 1519 1556 id
1543 1528 1652 1562 quidem
1667 1536 1674 1554 :
1688 1528 1722 1554 ad

87 1586 194 1619 γίστων
232 1584 344 1619 ἀγαθῶν
371 1584 555 1619 προτιμῶμεν
570 1592 577 1599 ·
608 1584 633 1610 οἱ
656 1583 685 1610 δὲ
703 1583 798 1610 πολλοὶ
821 1583 877 1609 τῶν

86 1631 218 1658 τοιούτων
231 1630 291 1657 οὐδὲ
314 1630 420 1657 πείθειν
437 1631 552 1661 ἑαυτοὺς
565 1630 702 1662 δύνανται,
729 1629 767 1660 ὡς
795 1627 875 1662 ὤφθη

88 1677 121 1710 γέ
134 1685 176 1708 τις
187 1675 350 1711 ἀνθρώπιον,
368 1676 503 1707 κρείττων
528 1676 583 1702 τῶν
600 1675 712 1710 ἡδονῶν.
737 1674 804 1700 Ἀπὸ
823 1674 875 1709 γὰρ

88 1722 143 1748 τῶν
151 1721 294 1757 ἡμετέρων
304 1721 341 1752 ὠς
350 1721 499 1748 ὲπιτοπολὺ
511 1721 669 1755 τάλλότριον
677 1720 820 1756 κρίνομεν,
830 1720 878 1747 καὶ

89 1767 120 1794 τὸ
135 1767 205 1801 ὑπὲρ
224 1768 273 1797 τὴν
288 1766 367 1802 ἡμῶν
379 1766 491 1801 ἀνδρίαν
507 1766 643 1801 ἀναφανὲν
659 1765 730 1801 ὑπὲρ
747 1765 798 1800 τὴν
823 1765 878 1793 τῶν

87 1813 159 1840 ὅλων
169 1810 240 1839 εἶναι
254 1812 415 1846 νομίζομεν.

931 1576 1095 1610 voluptatem
1114 1583 1180 1603 vero
1208 1575 1330 1602 referunt
1352 1575 1454 1605 omnia,
1469 1581 1501 1601 ne
1533 1574 1588 1601 Deo
1612 1574 1723 1608 quidem

931 1626 1083 1657 parcentes,
1097 1621 1134 1647 uti
1150 1627 1295 1655 pregressa
1309 1620 1422 1647 ulterius
1435 1619 1524 1656 oratio
1534 1619 1652 1646 docebit.
1667 1618 1724 1645 Hoc

931 1667 996 1694 m'ilii
1012 1667 1160 1701 pessimum
1171 1674 1231 1693 esse
1239 1666 1344 1693 videtur
1355 1673 1386 1692 cs
1401 1665 1527 1692 omnibus
1541 1671 1600 1699 quae
1611 1665 1643 1691 ab
1659 1664 1725 1698 ips's

932 1714 1036 1750 prolata
1057 1717 1129 1742 sunt.
1153 1711 1180 1739 In
1199 1712 1271 1739 hunc
1292 1711 1400 1738 modum
1424 1718 1518 1738 omnes
1545 1716 1663 1738 nostram
1689 1710 1724 1736 ad

933 1760 1080 1795 perniciem
1099 1758 1187 1794 arguti
1204 1765 1310 1788 sumus.
1329 1762 1462 1792 quotquot
1482 1757 1631 1790 ignaviam,
1644 1761 1724 1791 quot-

932 1812 998 1843 quot
1012 1806 1098 1841 ipsam
1114 1805 1248 1832 desidiam
1272 1805 1388 1831 honesto
1403 1804 1604 1837 anteponimus,
1622 1808 1649 1830 et
1667 1809 1725 1829 mo-

90 1863 262 1886 menlaneam
277 1859 376 1888 doloris
389 1859 550 1886 vacuitatem
578 1860 709 1892 potiorem
733 1866 815 1893 quam
836 1861 963 1886 secutura
990 1854 1120 1888 deinceps
1144 1852 1261 1880 maxima
1290 1852 1360 1879 bona
1382 1851 1518 1879 ducimus.
1554 1851 1591 1878 Ex
1613 1859 1725 1880 eorum-

89 1907 154 1934 dem
184 1913 297 1932 numero
330 1905 485 1939 complures
511 1912 544 1932 ne
572 1905 739 1939 persuadere
769 1904 878 1939 quidem
899 1902 951 1930 sibi
968 1905 1094 1935 possunt,
1128 1898 1211 1925 uflum
1237 1905 1354 1932 unquam
1391 1897 1530 1924 hominem
1548 1902 1725 1932 conspectum

90 1949 192 1984 fuisse,
220 1952 265 1986 qui
291 1952 458 1986 voluptatum
488 1951 542 1978 vim
567 1951 725 1986 pervicerit.
750 1950 828 1978 Nam-
847 1950 880 1978 de
899 1949 1001 1977 nostris
1019 1947 1108 1974 aliena
1129 1946 1289 1981 plerumque
1329 1945 1495 1979 iudicamus,
1514 1945 1642 1980 quodque
1675 1953 1724 1973 su.

90 2008 139 2036 pra
156 2000 343 2028 fortitudinem
362 2004 482 2027 nostram
508 2000 626 2032 exsistit,
648 2000 769 2027 omnium
795 2005 924 2034 superare
940 1995 1125 2025 fortitudinem
1153 2000 1289 2029 putamus.

393 2057 502 2084 ΛΟΓΟΣ
523 2057 560 2085 13'.

92 2104 162 2140 Περὶ
189 2102 303 2138 ἡδονῆς
319 2110 327 2118 ο
351 2103 505 2164 ἀντιὲἒσις
533 2103 578 2136 εἰς
607 2102 662 2130 τὸν
696 2102 753 2137 πρὸ
792 2102 879 2130 τοῦδε

461 2146 524 2164 γον.

461 2146 524 2171 γον.

128 2186 214 2213 Ταυτὶ
229 2186 277 2221 μὲν
289 2182 335 2212 οὗν
348 2185 382 2212 τὰ
392 2184 467 2219 παρὰ
479 2183 535 2210 τῶν
556 2184 741 2220 μεμφομένων
757 2184 807 2220 τὴν
820 2185 882 2220 ἠδο-

1231 2051 1360 2080 ΟΒΛΤΙΟ
1380 2052 1412 2080 ν.

970 2105 1009 2132 De
1023 2104 1176 2138 voluptate;
1191 2108 1244 2136 qui:
1266 2099 1414 2134 praecedens
1440 2098 1525 2125 oratio
1547 2097 1688 2132 relelft'tur.

976 2190 1039 2210 nate
1055 2189 1119 2216 ergo
1135 2185 1199 2208 sunt
1213 2186 1273 2214 quae
1294 2179 1319 2206 in
1335 2178 1454 2206 medium
1473 2185 1487 2204 a
1506 2177 1669 2211 voluptatem
1685 2177 1726 2203 vi-

93 2233 154 2268 νήν·
177 2231 233 2266 ἐγὼ
244 2231 273 2258 δὲ
285 2231 372 2266 ταύτῃ
383 2230 553 2264 πειράσομαι
572 2230 692 2265 βοηθεῖν,
716 2231 811 2258 δίκαια
839 2239 874 2257 νο-

934 2229 1121 2264 tuperantibus
1141 2224 1385 2259 atl'eruntiir.iEgo
1409 2231 1473 2251 vero
1500 2231 1579 2257 opem
1609 2223 1632 2250 ei
1653 2222 1726 2250 ferre

97 2279 184 2313 μίζων
199 2278 287 2304 ποιεῖν
297 2285 304 2293 ·
318 2277 365 2303 καὶ
376 2276 464 2307 ὅπως,
478 2277 530 2312 ἥδη
541 2277 680 2311 φανεῖται.
707 2277 819 2312 Ἐπειδὴ
828 2277 882 2312 γὰρ

97 2324 222 2360 περὶτῆς
234 2323 331 2358 ἡδονῆς
346 2324 371 2349 οἱ
384 2323 433 2357 μὲν
448 2322 535 2353 οὕτως
560 2322 788 2358 ἕχουσιγνώμης,
817 2323 842 2350 ot
853 2322 883 2350 δὲ

97 2368 184 2399 ἄλλως
197 2375 205 2382 ·
235 2367 282 2394 καὶ
302 2367 375 2397 τινες
402 2366 503 2397 τελέως
518 2367 700 2401 ἐκτρέπονται
726 2367 777 2403 τῆς
793 2368 883 2402 ὀρθῶς

97 2414 142 2439 ἐπὶ
155 2412 272 2446 τάληθὲς
282 2411 432 2446 φερούσης,
444 2411 530 2437 κακόν
545 2419 572 2437 τι
583 2411 632 2437 καὶ
648 2411 809 2446 ἀσύμφορον
819 2412 884 2439 ταύ-

97 2467 148 2492 την
160 2456 231 2483 εἶναι
243 2456 400 2491 νομίζοντες
413 2464 420 2471 ·
436 2456 511 2483 οὗτοι
523 2457 552 2483 δὲ
567 2458 736 2493 ὴπάτηνται,
752 2459 790 2491 ὡς
799 2459 883 2494 ἔγωγ’

98 2504 131 2530 ἂν
144 2504 340 2537 ίσχυρισαίμην
360 2502 432 2528 πάνυ
450 2501 623 2538 θαρρούντως
633 2512 640 2520 ι
652 2504 711 2536 πῶς
726 2505 778 2532 οὐκ
807 2506 884 2532 εἱσα-

99 2550 178 2576 κτέον
192 2550 283 2580 αὐτοῖς
298 2549 437 2584 βοήθειαν,
462 2549 511 2584 ὅση
526 2549 645 2584 δυνατῆς
664 2551 695 2577 Et
716 2551 766 2585 γὰρ
776 2551 807 2577 τὸ
815 2551 885 2578 πλα-

99 2595 198 2622 νᾶσθαι
218 2595 278 2621 λίαν
295 2594 391 2626 κακὺν,
406 2594 436 2620 τδ
451 2594 479 2621 δὲ
501 2595 697 2629 πλανωμένους
710 2597 810 2631 ὀρθοῦν
825 2605 885 2624 πει-

102 2642 213 2676 ρᾶσθαι,
241 2640 348 2676 βοηθεῖν
372 2641 465 2671 αὐτοῖς
492 2641 560 2673 ἐστι,
584 2641 632 2667 καλ⁸
645 2641 674 2667 τὸ
701 2642 808 2677 βοηθεῖν
829 2645 885 2675 τοῖς

101 2686 264 2722 όμογενέσιν
277 2687 317 2717 είς
333 2685 449 2720 δύναμιν
466 2685 553 2712 ἅπασι
579 2687 659 2721 χρέος
677 2688 766 2714 κοινόν
778 2697 784 2703 ·
815 2689 884 2715 καλὰ

101 2736 148 2758 nat
171 2731 265 2758 δίκαια
298 2732 371 2757 ποιεῖ
393 2731 407 2757 ό
426 2731 461 2757 τὰ
488 2732 581 2758 εἰκότα
608 2732 720 2767 ἀμύνων
740 2734 772 2768 τῇ
791 2734 884 2769 ἡδονῇ,

101 2776 162 2803 καθ’
176 2776 191 2802 ὃ
211 2784 242 2810 γε
262 2775 343 2810 μέρος
359 2775 408 2802 οὐκ
419 2776 472 2803 ἔρδει
486 2777 690 2812 πολεμουμένη.
712 2778 741 2804 '0
755 2779 810 2813 γὰρ
820 2779 885 2805 ταύ-

100 2829 133 2856 τῃ
158 2820 264 2856 βοηθῶν
280 2820 375 2855 βοηθεί
389 2822 446 2852 τοῖς
461 2822 662 2857 πλανωμένοις,
679 2824 726 2850 καὶ
735 2824 883 2850 ἀποδίδωσι

102 2867 179 2901 χρέος
198 2866 266 2893 πᾶσι
279 2867 335 2898 τοῖς
348 2866 503 2902 ἀνθρώποις
516 2868 702 2903 ὀφειλόμενον.
723 2860 808 2897 Ὧςτ”
820 2871 883 2905 ἐμοὶ

935 2274 1066 2306 conabor,
1081 2272 1152 2308 quod
1167 2272 1228 2306 jure
1245 2278 1288 2298 me
1306 2270 1331 2297 id
1349 2270 1439 2297 facere
1460 2273 1562 2303 putem,
1573 2267 1651 2302 cujus
1663 2267 1726 2301 qui-

934 2320 995 2348 dem
1011 2319 1129 2347 instituti
1147 2318 1216 2345 ratio
1242 2324 1303 2343 mox
1324 2314 1475 2350 apparebit.
1499 2314 1568 2341 Cum
1594 2313 1665 2340 enim
1693 2313 1726 2340 de

935 2366 1074 2400 voluptate
1091 2365 1186 2391 horum
1201 2364 1237 2390 sit
1263 2362 1320 2389 haec
1342 2361 1488 2392 sententia,
1513 2359 1622 2386 illorum
1648 2357 1699 2385 alia
1717 2378 1725 2390 ,
1771 2396 1774 2399 Δ

937 2419 1054 2446 cumque
1063 2411 1097 2439 de
1110 2415 1185 2437 recto
1198 2409 1231 2436 ad
1241 2408 1385 2435 veritatem
1400 2407 1495 2433 itinere
1510 2405 1633 2432 nonnulli
1647 2404 1727 2439 plane
1763 2403 1766 2406 ’

935 2457 1087 2488 deflectant,
1102 2456 1166 2483 dum
1186 2462 1245 2481 eam
1266 2460 1328 2480 esse
1344 2451 1444 2478 malum
1474 2450 1608 2485 quoddam
1624 2454 1651 2476 ct
1669 2456 1726 2476 rem

936 2504 1045 2531 noxiam
1058 2501 1237 2533 arbitrantur,
1250 2506 1319 2533 quos
1332 2497 1460 2532 equidem
1475 2497 1502 2523 in
1518 2503 1613 2523 errore
1622 2495 1726 2522 versari

936 2549 1106 2578 confidenter
1131 2546 1276 2574 admodum
1308 2542 1514 2574 afttrmaverim,
1544 2548 1594 2568 cur
1620 2548 1672 2567 non
1687 2541 1728 2567 eis

936 2601 1139 2625 succurramus,
1164 2592 1271 2627 quantis
1306 2597 1372 2617 sane
1399 2587 1502 2616 viribus
1529 2585 1726 2614 licebit?Nam

936 2641 958 2668 si
981 2639 1058 2667 valde
1077 2638 1177 2664 malum
1202 2642 1243 2663 est
1262 2634 1436 2666 hallucinari,
1449 2637 1477 2660 et
1501 2631 1727 2659 hallucinantium

937 2686 1134 2714 correctionem
1163 2683 1263 2715 moliri,
1281 2689 1360 2716 opem
1389 2680 1429 2708 eis
1451 2683 1494 2706 est
1517 2678 1728 2712 ferre;proque

936 2732 1037 2759 viribus
1053 2737 1131 2765 opem
1148 2729 1218 2756 ferre
1227 2728 1333 2763 generis
1341 2725 1531 2761 conjunctione
1543 2723 1687 2755 devinctis,
1706 2723 1729 2749 si

936 2777 1057 2805 debitum
1094 2775 1228 2810 quoddam
1254 2777 1306 2805 est,
1335 2771 1521 2807 praestandum
1547 2770 1729 2797 communiter

936 2822 1085 2854 universis,
1101 2820 1228 2847 nimirum
1252 2819 1366 2846 honeste
1379 2825 1411 2845 ac
1426 2817 1498 2852 juSIe
1514 2815 1590 2847 facit,
1606 2814 1652 2848 qui
1665 2821 1732 2840 con-

936 2868 1073 2898 sentaneis
1096 2866 1246 2896 rationibus
1277 2869 1390 2893 eatenus
1407 2864 1571 2899 voluptatem
1603 2860 1728 2888 defendit
