  <div class='ocr_page' id='page_1' title='image "/cluster/home/n/w/nwhite01/storage/ocr_20150623/156/njp.32101077773214/238.png"; bbox 0 0 1937 3078; ppageno 0'>
   <div class='ocr_carea' id='block_1_1' title="bbox 125 125 181 157">
    <p class='ocr_par' dir='ltr' id='par_1_1' title="bbox 125 125 181 157">
     <span class='ocr_line' id='line_1_1' title="bbox 125 125 181 157; baseline 0.018 -1"><span class='ocrx_word' id='word_1_1' title='bbox 125 125 181 157; x_wconf 60' lang='grc' dir='ltr'>ἂῦ5</span> 
     </span>
    </p>
   </div>
   <div class='ocr_carea' id='block_1_2' title="bbox 829 130 1022 162">
    <p class='ocr_par' dir='ltr' id='par_1_2' title="bbox 829 130 1022 162">
     <span class='ocr_line' id='line_1_2' title="bbox 829 130 1022 162; baseline 0.01 -2"><span class='ocrx_word' id='word_1_2' title='bbox 829 130 971 161; x_wconf 82' lang='lat' dir='ltr'><strong>ORATIO</strong></span> <span class='ocrx_word' id='word_1_3' title='bbox 991 132 1022 162; x_wconf 89' lang='lat' dir='ltr'><strong>V.</strong></span> 
     </span>
    </p>
   </div>
   <div class='ocr_carea' id='block_1_3' title="bbox 1696 134 1749 165">
    <p class='ocr_par' dir='ltr' id='par_1_3' title="bbox 1696 134 1749 165">
     <span class='ocr_line' id='line_1_3' title="bbox 1696 134 1749 165; baseline 0 0"><span class='ocrx_word' id='word_1_4' title='bbox 1696 134 1749 165; x_wconf 72' lang='lat'><strong>466</strong></span> 
     </span>
    </p>
   </div>
   <div class='ocr_carea' id='block_1_4' title="bbox 120 184 910 226">
    <p class='ocr_par' dir='ltr' id='par_1_4' title="bbox 120 184 907 225">
     <span class='ocr_line' id='line_1_4' title="bbox 120 184 907 225; baseline 0.009 -15"><span class='ocrx_word' id='word_1_5' title='bbox 120 184 206 218; x_wconf 76' lang='grc' dir='ltr'>Θεοῦ,</span> <span class='ocrx_word' id='word_1_6' title='bbox 222 184 260 217; x_wconf 82' lang='grc' dir='ltr'><strong>ὡς</strong></span> <span class='ocrx_word' id='word_1_7' title='bbox 276 184 363 213; x_wconf 77' lang='grc' dir='ltr'>δὲκαὶ</span> <span class='ocrx_word' id='word_1_8' title='bbox 382 187 450 213; x_wconf 82' lang='grc' dir='ltr'>πᾶσι</span> <span class='ocrx_word' id='word_1_9' title='bbox 464 188 520 219; x_wconf 78' lang='grc' dir='ltr'>τοῖς</span> <span class='ocrx_word' id='word_1_10' title='bbox 529 185 599 221; x_wconf 73' lang='grc' dir='ltr'>οὖσι,</span> <span class='ocrx_word' id='word_1_11' title='bbox 613 189 661 215; x_wconf 77' lang='grc' dir='ltr'>καὶ</span> <span class='ocrx_word' id='word_1_12' title='bbox 674 188 753 216; x_wconf 77' lang='grc' dir='ltr'><strong>τοῦτό</strong></span> <span class='ocrx_word' id='word_1_13' title='bbox 764 198 795 223; x_wconf 78' lang='grc' dir='ltr'>γε</span> <span class='ocrx_word' id='word_1_14' title='bbox 818 190 907 225; x_wconf 78' lang='grc' dir='ltr'>δόγμα</span> 
     </span>
    </p>
   </div>
   <div class='ocr_carea' id='block_1_5' title="bbox 963 184 1750 226">
    <p class='ocr_par' dir='ltr' id='par_1_5' title="bbox 963 189 1750 226">
     <span class='ocr_line' id='line_1_5' title="bbox 963 189 1750 226; baseline 0.004 -10"><span class='ocrx_word' id='word_1_15' title='bbox 963 190 1066 226; x_wconf 72' lang='lat' dir='ltr'><strong>quidem</strong></span> <span class='ocrx_word' id='word_1_16' title='bbox 1094 190 1127 217; x_wconf 90' lang='lat' dir='ltr'><strong>de</strong></span> <span class='ocrx_word' id='word_1_17' title='bbox 1152 190 1202 218; x_wconf 89' lang='lat' dir='ltr'><strong>bae</strong></span> <span class='ocrx_word' id='word_1_18' title='bbox 1229 194 1320 217; x_wconf 84' lang='lat' dir='ltr'><strong>nostra</strong></span> <span class='ocrx_word' id='word_1_19' title='bbox 1347 189 1524 225; x_wconf 68' lang='lat' dir='ltr'><strong>pollicebatur</strong></span> <span class='ocrx_word' id='word_1_20' title='bbox 1556 192 1652 218; x_wconf 90' lang='lat' dir='ltr'><strong>oratio.</strong></span> <span class='ocrx_word' id='word_1_21' title='bbox 1683 192 1750 219; x_wconf 82' lang='lat' dir='ltr'><strong>Esse</strong></span> 
     </span>
    </p>
   </div>
   <div class='ocr_carea' id='block_1_6' title="bbox 121 233 904 271">
    <p class='ocr_par' dir='ltr' id='par_1_6' title="bbox 121 233 904 271">
     <span class='ocr_line' id='line_1_6' title="bbox 121 233 904 271; baseline 0.006 -13"><span class='ocrx_word' id='word_1_22' title='bbox 121 234 216 258; x_wconf 77' lang='grc' dir='ltr'>κοινόν</span> <span class='ocrx_word' id='word_1_23' title='bbox 228 240 236 248; x_wconf 74' lang='grc'><strong>⁸</strong></span> <span class='ocrx_word' id='word_1_24' title='bbox 253 233 342 259; x_wconf 84' lang='grc' dir='ltr'>κοινὸν</span> <span class='ocrx_word' id='word_1_25' title='bbox 360 234 409 260; x_wconf 75' lang='grc' dir='ltr'><strong>καὶ</strong></span> <span class='ocrx_word' id='word_1_26' title='bbox 426 234 507 260; x_wconf 80' lang='grc' dir='ltr'>τοῦτο</span> <span class='ocrx_word' id='word_1_27' title='bbox 524 234 622 268; x_wconf 76' lang='grc' dir='ltr'><strong>γένοιτ’</strong></span> <span class='ocrx_word' id='word_1_28' title='bbox 639 236 684 268; x_wconf 85' lang='grc' dir='ltr'><strong>ἂν,</strong></span> <span class='ocrx_word' id='word_1_29' title='bbox 698 234 787 270; x_wconf 78' lang='grc' dir='ltr'>οἶμαι,</span> <span class='ocrx_word' id='word_1_30' title='bbox 804 237 904 271; x_wconf 79' lang='grc' dir='ltr'>δόγμα,</span> 
     </span>
    </p>
   </div>
   <div class='ocr_carea' id='block_1_7' title="bbox 120 277 908 316">
    <p class='ocr_par' dir='ltr' id='par_1_7' title="bbox 120 277 908 316">
     <span class='ocr_line' id='line_1_7' title="bbox 120 277 908 316; baseline 0.009 -13"><span class='ocrx_word' id='word_1_31' title='bbox 120 277 160 308; x_wconf 83' lang='grc' dir='ltr'>ὼς</span> <span class='ocrx_word' id='word_1_32' title='bbox 176 279 191 312; x_wconf 83' lang='grc' dir='ltr'><strong>ὴ</strong></span> <span class='ocrx_word' id='word_1_33' title='bbox 213 279 293 313; x_wconf 71' lang='grc' dir='ltr'>ἡδονὴ</span> <span class='ocrx_word' id='word_1_34' title='bbox 305 279 399 311; x_wconf 67' lang='grc' dir='ltr'><strong>καλὶν,</strong></span> <span class='ocrx_word' id='word_1_35' title='bbox 417 280 463 306; x_wconf 79' lang='grc' dir='ltr'><strong>καὶ</strong></span> <span class='ocrx_word' id='word_1_36' title='bbox 478 281 559 315; x_wconf 82' lang='grc' dir='ltr'>δῆλον</span> <span class='ocrx_word' id='word_1_37' title='bbox 587 282 710 311; x_wconf 72' lang='grc' dir='ltr'><strong>αὐτόθεν.</strong></span> <span class='ocrx_word' id='word_1_38' title='bbox 729 283 765 309; x_wconf 83' lang='grc' dir='ltr'><strong>Ἦ</strong></span> <span class='ocrx_word' id='word_1_39' title='bbox 782 282 836 316; x_wconf 83' lang='grc' dir='ltr'><strong>γὰρ</strong></span> <span class='ocrx_word' id='word_1_40' title='bbox 859 284 908 310; x_wconf 84' lang='grc' dir='ltr'><strong>οὐκ</strong></span> 
     </span>
    </p>
   </div>
   <div class='ocr_carea' id='block_1_8' title="bbox 123 323 907 364">
    <p class='ocr_par' dir='ltr' id='par_1_8' title="bbox 123 323 907 364">
     <span class='ocr_line' id='line_1_8' title="bbox 123 323 907 364; baseline 0.008 -14"><span class='ocrx_word' id='word_1_41' title='bbox 123 323 227 351; x_wconf 76' lang='grc' dir='ltr'><strong>ἔστιτὸ</strong></span> <span class='ocrx_word' id='word_1_42' title='bbox 253 325 301 359; x_wconf 81' lang='grc' dir='ltr'><strong>τῆς</strong></span> <span class='ocrx_word' id='word_1_43' title='bbox 326 325 424 361; x_wconf 79' lang='grc' dir='ltr'><strong>ἡδονῆς</strong></span> <span class='ocrx_word' id='word_1_44' title='bbox 451 327 557 362; x_wconf 83' lang='grc' dir='ltr'>χρῆμα,</span> <span class='ocrx_word' id='word_1_45' title='bbox 574 329 590 362; x_wconf 86' lang='grc' dir='ltr'>ἢ</span> <span class='ocrx_word' id='word_1_46' title='bbox 615 330 680 364; x_wconf 84' lang='grc' dir='ltr'>παρ’</span> <span class='ocrx_word' id='word_1_47' title='bbox 703 327 735 357; x_wconf 76' lang='grc' dir='ltr'>οὗ</span> <span class='ocrx_word' id='word_1_48' title='bbox 757 331 790 357; x_wconf 74' lang='grc' dir='ltr'><strong>τὰ</strong></span> <span class='ocrx_word' id='word_1_49' title='bbox 807 331 907 363; x_wconf 79' lang='grc' dir='ltr'>πάντα,</span> 
     </span>
    </p>
   </div>
   <div class='ocr_carea' id='block_1_9' title="bbox 123 370 906 412">
    <p class='ocr_par' dir='ltr' id='par_1_9' title="bbox 123 370 906 412">
     <span class='ocr_line' id='line_1_9' title="bbox 123 370 906 412; baseline 0.01 -17"><span class='ocrx_word' id='word_1_50' title='bbox 123 370 251 405; x_wconf 79' lang='grc' dir='ltr'>κάκείνη.</span> <span class='ocrx_word' id='word_1_51' title='bbox 269 371 340 398; x_wconf 82' lang='grc' dir='ltr'><strong>Ἀλλ’</strong></span> <span class='ocrx_word' id='word_1_52' title='bbox 351 372 409 398; x_wconf 73' lang='grc' dir='ltr'>ἔστι</span> <span class='ocrx_word' id='word_1_53' title='bbox 426 381 457 406; x_wconf 86' lang='grc' dir='ltr'>γε</span> <span class='ocrx_word' id='word_1_54' title='bbox 470 374 579 401; x_wconf 82' lang='grc' dir='ltr'>πάντων</span> <span class='ocrx_word' id='word_1_55' title='bbox 594 375 610 409; x_wconf 84' lang='grc' dir='ltr'>ἡ</span> <span class='ocrx_word' id='word_1_56' title='bbox 626 376 718 410; x_wconf 77' lang='grc' dir='ltr'><strong>ἡδονή.</strong></span> <span class='ocrx_word' id='word_1_57' title='bbox 733 376 832 403; x_wconf 85' lang='grc' dir='ltr'>Θεόθεν</span> <span class='ocrx_word' id='word_1_58' title='bbox 842 376 906 412; x_wconf 69' lang='grc' dir='ltr'>ἄρα.</span> 
     </span>
    </p>
   </div>
   <div class='ocr_carea' id='block_1_10' title="bbox 125 416 908 456">
    <p class='ocr_par' dir='ltr' id='par_1_10' title="bbox 125 416 908 456">
     <span class='ocr_line' id='line_1_10' title="bbox 125 416 908 456; baseline 0.009 -15"><span class='ocrx_word' id='word_1_59' title='bbox 125 416 182 442; x_wconf 84' lang='grc' dir='ltr'><strong>Καὶ</strong></span> <span class='ocrx_word' id='word_1_60' title='bbox 205 417 332 444; x_wconf 75' lang='grc' dir='ltr'><strong>τάκεῖθεν</strong></span> <span class='ocrx_word' id='word_1_61' title='bbox 351 419 452 452; x_wconf 80' lang='grc' dir='ltr'><strong>ἀγαθά.</strong></span> <span class='ocrx_word' id='word_1_62' title='bbox 478 420 580 456; x_wconf 81' lang='grc' dir='ltr'><strong>Ἀγαθὴ</strong></span> <span class='ocrx_word' id='word_1_63' title='bbox 605 421 670 456; x_wconf 79' lang='grc' dir='ltr'>ἄρα.</span> <span class='ocrx_word' id='word_1_64' title='bbox 700 422 736 448; x_wconf 79' lang='grc' dir='ltr'><strong>Οὐ</strong></span> <span class='ocrx_word' id='word_1_65' title='bbox 759 422 850 450; x_wconf 83' lang='grc' dir='ltr'><strong>τοίνυν</strong></span> <span class='ocrx_word' id='word_1_66' title='bbox 867 430 908 449; x_wconf 83' lang='grc' dir='ltr'><strong>σοι</strong></span> 
     </span>
    </p>
   </div>
   <div class='ocr_carea' id='block_1_11' title="bbox 126 460 909 503">
    <p class='ocr_par' dir='ltr' id='par_1_11' title="bbox 126 460 909 503">
     <span class='ocr_line' id='line_1_11' title="bbox 126 460 909 503; baseline 0.008 -16"><span class='ocrx_word' id='word_1_67' title='bbox 126 461 261 489; x_wconf 69' lang='grc' dir='ltr'>πλειόνων</span> <span class='ocrx_word' id='word_1_68' title='bbox 276 460 353 497; x_wconf 76' lang='grc' dir='ltr'>οἶμαι</span> <span class='ocrx_word' id='word_1_69' title='bbox 373 463 475 498; x_wconf 84' lang='grc' dir='ltr'>δεήσει,</span> <span class='ocrx_word' id='word_1_70' title='bbox 490 466 558 500; x_wconf 77' lang='grc' dir='ltr'>πρὸς</span> <span class='ocrx_word' id='word_1_71' title='bbox 579 466 630 502; x_wconf 77' lang='grc' dir='ltr'><strong>τὴν</strong></span> <span class='ocrx_word' id='word_1_72' title='bbox 656 468 706 502; x_wconf 81' lang='grc' dir='ltr'><strong>τῆς</strong></span> <span class='ocrx_word' id='word_1_73' title='bbox 734 468 909 503; x_wconf 59' lang='grc' dir='ltr'><strong>¹Ἑποσχέσειης</strong></span> 
     </span>
    </p>
   </div>
   <div class='ocr_carea' id='block_1_12' title="bbox 125 508 909 550">
    <p class='ocr_par' dir='ltr' id='par_1_12' title="bbox 125 508 909 550">
     <span class='ocr_line' id='line_1_12' title="bbox 125 508 909 550; baseline 0.014 -18"><span class='ocrx_word' id='word_1_74' title='bbox 125 508 242 534; x_wconf 76' lang='grc' dir='ltr'><strong>ἔκτισιν.</strong></span> <span class='ocrx_word' id='word_1_75' title='bbox 263 509 300 535; x_wconf 81' lang='grc' dir='ltr'><strong>Οὐ</strong></span> <span class='ocrx_word' id='word_1_76' title='bbox 315 510 369 544; x_wconf 76' lang='grc' dir='ltr'><strong>γὰρ</strong></span> <span class='ocrx_word' id='word_1_77' title='bbox 386 510 471 542; x_wconf 79' lang='grc' dir='ltr'>ἔστιν,</span> <span class='ocrx_word' id='word_1_78' title='bbox 489 513 540 539; x_wconf 85' lang='grc' dir='ltr'><strong>οὐκ</strong></span> <span class='ocrx_word' id='word_1_79' title='bbox 558 512 631 540; x_wconf 78' lang='grc' dir='ltr'>ἔστιν</span> <span class='ocrx_word' id='word_1_80' title='bbox 647 514 731 550; x_wconf 75' lang='grc' dir='ltr'>ἄνδρα</span> <span class='ocrx_word' id='word_1_81' title='bbox 748 516 841 542; x_wconf 76' lang='grc' dir='ltr'>πιστὸν</span> <span class='ocrx_word' id='word_1_82' title='bbox 851 516 909 542; x_wconf 85' lang='grc' dir='ltr'><strong>διᾶ-</strong></span> 
     </span>
    </p>
   </div>
   <div class='ocr_carea' id='block_1_13' title="bbox 125 553 909 596">
    <p class='ocr_par' dir='ltr' id='par_1_13' title="bbox 125 553 909 596">
     <span class='ocr_line' id='line_1_13' title="bbox 125 553 909 596; baseline 0.014 -18"><span class='ocrx_word' id='word_1_83' title='bbox 125 561 171 586; x_wconf 78' lang='grc' dir='ltr'><strong>ραι</strong></span> <span class='ocrx_word' id='word_1_84' title='bbox 189 553 277 588; x_wconf 75' lang='grc' dir='ltr'>στόμα</span> <span class='ocrx_word' id='word_1_85' title='bbox 292 555 429 590; x_wconf 79' lang='grc' dir='ltr'>τολμῆσαι</span> <span class='ocrx_word' id='word_1_86' title='bbox 444 558 510 592; x_wconf 68' lang='grc' dir='ltr'>πρὸς</span> <span class='ocrx_word' id='word_1_87' title='bbox 524 558 691 587; x_wconf 69' lang='grc' dir='ltr'>τούναντίον.</span> <span class='ocrx_word' id='word_1_88' title='bbox 708 559 791 594; x_wconf 75' lang='grc' dir='ltr'>Οἶμαι</span> <span class='ocrx_word' id='word_1_89' title='bbox 804 562 832 588; x_wconf 78' lang='grc' dir='ltr'><strong>δὲ</strong></span> <span class='ocrx_word' id='word_1_90' title='bbox 849 562 909 596; x_wconf 83' lang='grc' dir='ltr'>μηδ’</span> 
     </span>
    </p>
   </div>
   <div class='ocr_carea' id='block_1_14' title="bbox 125 599 909 642">
    <p class='ocr_par' dir='ltr' id='par_1_14' title="bbox 125 599 909 642">
     <span class='ocr_line' id='line_1_14' title="bbox 125 599 909 642; baseline 0.017 -19"><span class='ocrx_word' id='word_1_91' title='bbox 125 599 252 630; x_wconf 80' lang='grc' dir='ltr'>ἄπιστον,</span> <span class='ocrx_word' id='word_1_92' title='bbox 271 600 368 633; x_wconf 75' lang='grc' dir='ltr'>ἔχοντά</span> <span class='ocrx_word' id='word_1_93' title='bbox 396 610 428 635; x_wconf 88' lang='grc' dir='ltr'>γε</span> <span class='ocrx_word' id='word_1_94' title='bbox 455 603 519 630; x_wconf 94' lang='grc' dir='ltr'>νοῦν</span> <span class='ocrx_word' id='word_1_95' title='bbox 545 604 706 640; x_wconf 81' lang='grc' dir='ltr'><strong>διακρίνειν,</strong></span> <span class='ocrx_word' id='word_1_96' title='bbox 728 607 774 634; x_wconf 78' lang='grc' dir='ltr'><strong>καὶ</strong></span> <span class='ocrx_word' id='word_1_97' title='bbox 803 608 909 642; x_wconf 75' lang='grc' dir='ltr'><strong>λογιζό-</strong></span> 
     </span>
    </p>
   </div>
   <div class='ocr_carea' id='block_1_15' title="bbox 126 644 909 686">
    <p class='ocr_par' dir='ltr' id='par_1_15' title="bbox 126 644 909 686">
     <span class='ocr_line' id='line_1_15' title="bbox 126 644 909 686; baseline 0.015 -18"><span class='ocrx_word' id='word_1_98' title='bbox 126 652 221 677; x_wconf 80' lang='grc' dir='ltr'>μενον,</span> <span class='ocrx_word' id='word_1_99' title='bbox 240 644 289 676; x_wconf 75' lang='grc' dir='ltr'>τὰς</span> <span class='ocrx_word' id='word_1_100' title='bbox 303 646 456 681; x_wconf 71' lang='grc' dir='ltr'>ὑπερϐολὰς</span> <span class='ocrx_word' id='word_1_101' title='bbox 472 650 518 675; x_wconf 82' lang='grc' dir='ltr'><strong>καὶ</strong></span> <span class='ocrx_word' id='word_1_102' title='bbox 535 650 585 681; x_wconf 85' lang='grc' dir='ltr'>τὰς</span> <span class='ocrx_word' id='word_1_103' title='bbox 596 653 788 686; x_wconf 81' lang='grc' dir='ltr'>παραχρήσεις</span> <span class='ocrx_word' id='word_1_104' title='bbox 813 654 868 682; x_wconf 84' lang='grc' dir='ltr'>τοῖς</span> <span class='ocrx_word' id='word_1_105' title='bbox 878 654 909 680; x_wconf 80' lang='grc' dir='ltr'>οὺ</span> 
     </span>
    </p>
   </div>
   <div class='ocr_carea' id='block_1_16' title="bbox 124 689 910 731">
    <p class='ocr_par' dir='ltr' id='par_1_16' title="bbox 124 689 910 731">
     <span class='ocr_line' id='line_1_16' title="bbox 124 689 910 731; baseline 0.015 -18"><span class='ocrx_word' id='word_1_106' title='bbox 124 689 216 720; x_wconf 79' lang='grc' dir='ltr'>καλῶς</span> <span class='ocrx_word' id='word_1_107' title='bbox 233 690 386 725; x_wconf 67' lang='grc' dir='ltr'>χρωμένοις</span> <span class='ocrx_word' id='word_1_108' title='bbox 398 690 469 719; x_wconf 77' lang='grc' dir='ltr'>εἶναι</span> <span class='ocrx_word' id='word_1_109' title='bbox 483 701 490 708; x_wconf 83' lang='lat'><strong>&#39;</strong></span> <span class='ocrx_word' id='word_1_110' title='bbox 509 695 559 728; x_wconf 73' lang='grc' dir='ltr'><strong>τῆς</strong></span> <span class='ocrx_word' id='word_1_111' title='bbox 568 695 596 721; x_wconf 73' lang='grc' dir='ltr'><strong>δὲ</strong></span> <span class='ocrx_word' id='word_1_112' title='bbox 608 696 703 730; x_wconf 78' lang='grc' dir='ltr'><strong>ἡδονῆς</strong></span> <span class='ocrx_word' id='word_1_113' title='bbox 715 698 765 731; x_wconf 75' lang='grc' dir='ltr'><strong>τὴν</strong></span> <span class='ocrx_word' id='word_1_114' title='bbox 779 698 910 725; x_wconf 84' lang='grc' dir='ltr'>σύστασιν</span> 
     </span>
    </p>
   </div>
   <div class='ocr_carea' id='block_1_17' title="bbox 125 734 910 777">
    <p class='ocr_par' dir='ltr' id='par_1_17' title="bbox 125 734 910 777">
     <span class='ocr_line' id='line_1_17' title="bbox 125 734 910 777; baseline 0.014 -17"><span class='ocrx_word' id='word_1_115' title='bbox 125 734 205 765; x_wconf 77' lang='grc' dir='ltr'>αὖθις</span> <span class='ocrx_word' id='word_1_116' title='bbox 231 734 300 762; x_wconf 73' lang='grc' dir='ltr'>εἶναι</span> <span class='ocrx_word' id='word_1_117' title='bbox 318 739 348 771; x_wconf 84' lang='grc' dir='ltr'><strong>τῇ</strong></span> <span class='ocrx_word' id='word_1_118' title='bbox 371 740 530 775; x_wconf 75' lang='grc' dir='ltr'><strong>συμμετρίᾳ</strong></span> <span class='ocrx_word' id='word_1_119' title='bbox 550 741 599 774; x_wconf 72' lang='grc' dir='ltr'><strong>τῆς</strong></span> <span class='ocrx_word' id='word_1_120' title='bbox 617 743 809 777; x_wconf 77' lang='grc' dir='ltr'>μεταλήψεως.</span> <span class='ocrx_word' id='word_1_121' title='bbox 826 744 910 771; x_wconf 78' lang='grc' dir='ltr'>Ὥστε</span> 
     </span>
    </p>
   </div>
   <div class='ocr_carea' id='block_1_18' title="bbox 130 780 908 821">
    <p class='ocr_par' dir='ltr' id='par_1_18' title="bbox 130 780 908 821">
     <span class='ocr_line' id='line_1_18' title="bbox 130 780 908 821; baseline 0.013 -15"><span class='ocrx_word' id='word_1_122' title='bbox 130 780 236 813; x_wconf 73' lang='grc' dir='ltr'>ἔξεστιν</span> <span class='ocrx_word' id='word_1_123' title='bbox 252 783 350 814; x_wconf 73' lang='grc' dir='ltr'>εἰπεῖν,</span> <span class='ocrx_word' id='word_1_124' title='bbox 371 784 427 817; x_wconf 73' lang='grc' dir='ltr'><strong>Πρὸ</strong></span> <span class='ocrx_word' id='word_1_125' title='bbox 451 785 498 811; x_wconf 79' lang='grc' dir='ltr'><strong>τοῦ</strong></span> <span class='ocrx_word' id='word_1_126' title='bbox 527 786 635 820; x_wconf 79' lang='grc' dir='ltr'>βαδίσαι</span> <span class='ocrx_word' id='word_1_127' title='bbox 653 788 775 821; x_wconf 76' lang='grc' dir='ltr'><strong>ἔφθασας</strong></span> <span class='ocrx_word' id='word_1_128' title='bbox 788 797 794 805; x_wconf 93' lang='grc'>·</span> <span class='ocrx_word' id='word_1_129' title='bbox 810 790 825 816; x_wconf 84' lang='grc' dir='ltr'><strong>ὅ</strong></span> <span class='ocrx_word' id='word_1_130' title='bbox 854 798 908 817; x_wconf 85' lang='grc' dir='ltr'>τινι</span> 
     </span>
    </p>
   </div>
   <div class='ocr_carea' id='block_1_19' title="bbox 129 826 911 868">
    <p class='ocr_par' dir='ltr' id='par_1_19' title="bbox 129 826 911 868">
     <span class='ocr_line' id='line_1_19' title="bbox 129 826 911 868; baseline 0.013 -17"><span class='ocrx_word' id='word_1_131' title='bbox 129 826 183 851; x_wconf 85' lang='grc' dir='ltr'><strong>τῶν</strong></span> <span class='ocrx_word' id='word_1_132' title='bbox 205 827 285 854; x_wconf 84' lang='grc' dir='ltr'>θείων</span> <span class='ocrx_word' id='word_1_133' title='bbox 309 828 414 863; x_wconf 78' lang='grc' dir='ltr'>ἀνδρῶν</span> <span class='ocrx_word' id='word_1_134' title='bbox 431 831 549 864; x_wconf 74' lang='grc' dir='ltr'>εἴρηται,</span> <span class='ocrx_word' id='word_1_135' title='bbox 582 832 736 868; x_wconf 75' lang='grc' dir='ltr'>ὑπερϐολὴν</span> <span class='ocrx_word' id='word_1_136' title='bbox 765 835 805 865; x_wconf 79' lang='grc' dir='ltr'><strong>είς</strong></span> <span class='ocrx_word' id='word_1_137' title='bbox 829 843 911 868; x_wconf 76' lang='grc' dir='ltr'>ταχυ-</span> 
     </span>
    </p>
   </div>
   <div class='ocr_carea' id='block_1_20' title="bbox 124 872 912 915">
    <p class='ocr_par' dir='ltr' id='par_1_20' title="bbox 124 872 912 915">
     <span class='ocr_line' id='line_1_20' title="bbox 124 872 912 915; baseline 0.013 -18"><span class='ocrx_word' id='word_1_138' title='bbox 124 872 195 906; x_wconf 80' lang='grc' dir='ltr'><strong>τῆτα</strong></span> <span class='ocrx_word' id='word_1_139' title='bbox 208 873 312 900; x_wconf 79' lang='grc' dir='ltr'>θέλοντι</span> <span class='ocrx_word' id='word_1_140' title='bbox 326 875 423 908; x_wconf 75' lang='grc' dir='ltr'>δεῖξαι.</span> <span class='ocrx_word' id='word_1_141' title='bbox 439 874 524 910; x_wconf 74' lang='grc' dir='ltr'>Οἶμαι</span> <span class='ocrx_word' id='word_1_142' title='bbox 553 878 580 904; x_wconf 79' lang='grc' dir='ltr'><strong>δέ</strong></span> <span class='ocrx_word' id='word_1_143' title='bbox 603 887 678 908; x_wconf 75' lang='grc' dir='ltr'>τινας</span> <span class='ocrx_word' id='word_1_144' title='bbox 699 879 754 906; x_wconf 83' lang='grc' dir='ltr'><strong>τῶν</strong></span> <span class='ocrx_word' id='word_1_145' title='bbox 769 881 912 915; x_wconf 77' lang='grc' dir='ltr'>παρόντων</span> 
     </span>
    </p>
   </div>
   <div class='ocr_carea' id='block_1_21' title="bbox 126 919 913 959">
    <p class='ocr_par' dir='ltr' id='par_1_21' title="bbox 126 919 913 959">
     <span class='ocr_line' id='line_1_21' title="bbox 126 919 913 959; baseline 0.013 -16"><span class='ocrx_word' id='word_1_146' title='bbox 126 919 299 954; x_wconf 67' lang='grc' dir='ltr'>σαφέστερον</span> <span class='ocrx_word' id='word_1_147' title='bbox 318 921 422 947; x_wconf 72' lang='grc' dir='ltr'>ἐθέλειν</span> <span class='ocrx_word' id='word_1_148' title='bbox 435 922 562 955; x_wconf 76' lang='grc' dir='ltr'>ἀκοῦσαι,</span> <span class='ocrx_word' id='word_1_149' title='bbox 574 924 622 950; x_wconf 68' lang='grc' dir='ltr'><strong>καὶ</strong></span> <span class='ocrx_word' id='word_1_150' title='bbox 633 924 730 959; x_wconf 77' lang='grc' dir='ltr'>χρῆναι</span> <span class='ocrx_word' id='word_1_151' title='bbox 744 926 851 956; x_wconf 71' lang='grc' dir='ltr'>τούτοις</span> <span class='ocrx_word' id='word_1_152' title='bbox 859 935 913 953; x_wconf 79' lang='grc' dir='ltr'>πα-</span> 
     </span>
    </p>
   </div>
   <div class='ocr_carea' id='block_1_22' title="bbox 126 964 912 1006">
    <p class='ocr_par' dir='ltr' id='par_1_22' title="bbox 126 964 912 1006">
     <span class='ocr_line' id='line_1_22' title="bbox 126 964 912 1006; baseline 0.011 -17"><span class='ocrx_word' id='word_1_153' title='bbox 126 964 340 998; x_wconf 73' lang='grc' dir='ltr'>ραμυθήσασοαί</span> <span class='ocrx_word' id='word_1_154' title='bbox 356 975 401 1000; x_wconf 88' lang='grc' dir='ltr'><strong>μοι</strong></span> <span class='ocrx_word' id='word_1_155' title='bbox 414 968 498 998; x_wconf 77' lang='grc' dir='ltr'><strong>δοκεῖ,</strong></span> <span class='ocrx_word' id='word_1_156' title='bbox 523 969 584 995; x_wconf 80' lang='grc' dir='ltr'>ὅσον</span> <span class='ocrx_word' id='word_1_157' title='bbox 600 971 702 1005; x_wconf 54' lang='grc' dir='ltr'>ἰκακὸν.</span> <span class='ocrx_word' id='word_1_158' title='bbox 727 971 810 998; x_wconf 86' lang='grc' dir='ltr'>Ὅθεν</span> <span class='ocrx_word' id='word_1_159' title='bbox 822 972 853 1006; x_wconf 85' lang='grc' dir='ltr'><strong>δὴ</strong></span> <span class='ocrx_word' id='word_1_160' title='bbox 868 972 912 998; x_wconf 69' lang='grc' dir='ltr'><strong>διὰ</strong></span> 
     </span>
    </p>
   </div>
   <div class='ocr_carea' id='block_1_23' title="bbox 124 1011 912 1050">
    <p class='ocr_par' dir='ltr' id='par_1_23' title="bbox 124 1011 912 1050">
     <span class='ocr_line' id='line_1_23' title="bbox 124 1011 912 1050; baseline 0.011 -15"><span class='ocrx_word' id='word_1_161' title='bbox 124 1011 257 1037; x_wconf 71' lang='grc' dir='ltr'>πλειόνων</span> <span class='ocrx_word' id='word_1_162' title='bbox 271 1012 420 1046; x_wconf 71' lang='grc' dir='ltr'>ἐκθέμενος</span> <span class='ocrx_word' id='word_1_163' title='bbox 435 1014 481 1040; x_wconf 82' lang='grc' dir='ltr'><strong>τὸν</strong></span> <span class='ocrx_word' id='word_1_164' title='bbox 495 1014 583 1048; x_wconf 78' lang='grc' dir='ltr'><strong>λόγον,</strong></span> <span class='ocrx_word' id='word_1_165' title='bbox 597 1015 684 1050; x_wconf 76' lang='grc' dir='ltr'>ὀρθῶς</span> <span class='ocrx_word' id='word_1_166' title='bbox 700 1024 730 1049; x_wconf 84' lang='grc' dir='ltr'>γε</span> <span class='ocrx_word' id='word_1_167' title='bbox 747 1017 808 1050; x_wconf 73' lang='grc' dir='ltr'>ἔχον</span> <span class='ocrx_word' id='word_1_168' title='bbox 833 1017 912 1050; x_wconf 80' lang='grc' dir='ltr'><strong>δείξω</strong></span> 
     </span>
    </p>
   </div>
   <div class='ocr_carea' id='block_1_24' title="bbox 123 1057 911 1095">
    <p class='ocr_par' dir='ltr' id='par_1_24' title="bbox 123 1057 911 1095">
     <span class='ocr_line' id='line_1_24' title="bbox 123 1057 911 1095; baseline 0.01 -13"><span class='ocrx_word' id='word_1_169' title='bbox 123 1057 156 1083; x_wconf 75' lang='grc' dir='ltr'><strong>τὸ</strong></span> <span class='ocrx_word' id='word_1_170' title='bbox 184 1058 285 1092; x_wconf 71' lang='grc' dir='ltr'>δόγμα.</span> <span class='ocrx_word' id='word_1_171' title='bbox 309 1059 456 1093; x_wconf 76' lang='grc' dir='ltr'><strong>ἀνάγκαις,</strong></span> <span class='ocrx_word' id='word_1_172' title='bbox 477 1058 565 1094; x_wconf 79' lang='grc' dir='ltr'>οἶμαι,</span> <span class='ocrx_word' id='word_1_173' title='bbox 597 1061 780 1095; x_wconf 77' lang='grc' dir='ltr'><strong>πρεπούσαις.</strong></span> <span class='ocrx_word' id='word_1_174' title='bbox 815 1064 911 1090; x_wconf 82' lang='grc' dir='ltr'><strong>Καίτοι</strong></span> 
     </span>
    </p>
   </div>
   <div class='ocr_carea' id='block_1_25' title="bbox 123 1103 912 1144">
    <p class='ocr_par' dir='ltr' id='par_1_25' title="bbox 123 1103 912 1144">
     <span class='ocr_line' id='line_1_25' title="bbox 123 1103 912 1144; baseline 0.01 -16"><span class='ocrx_word' id='word_1_175' title='bbox 123 1103 198 1128; x_wconf 72' lang='grc' dir='ltr'><strong>δοκεῖ)</strong></span> <span class='ocrx_word' id='word_1_176' title='bbox 216 1112 260 1137; x_wconf 87' lang='grc' dir='ltr'><strong>μοι</strong></span> <span class='ocrx_word' id='word_1_177' title='bbox 271 1103 331 1131; x_wconf 77' lang='grc' dir='ltr'>λίαν</span> <span class='ocrx_word' id='word_1_178' title='bbox 347 1105 431 1138; x_wconf 81' lang='grc' dir='ltr'>σαφὲς</span> <span class='ocrx_word' id='word_1_179' title='bbox 444 1107 663 1139; x_wconf 76' lang='grc' dir='ltr'>κατασκευάζειν</span> <span class='ocrx_word' id='word_1_180' title='bbox 682 1109 912 1144; x_wconf 78' lang='grc' dir='ltr'><strong>ὲπιχειρείν.Κα-</strong></span> 
     </span>
    </p>
   </div>
   <div class='ocr_carea' id='block_1_26' title="bbox 123 1149 912 1189">
    <p class='ocr_par' dir='ltr' id='par_1_26' title="bbox 123 1149 912 1189">
     <span class='ocr_line' id='line_1_26' title="bbox 123 1149 912 1189; baseline 0.01 -15"><span class='ocrx_word' id='word_1_181' title='bbox 123 1150 172 1175; x_wconf 74' lang='grc' dir='ltr'><strong>ὶὺν</strong></span> <span class='ocrx_word' id='word_1_182' title='bbox 184 1149 212 1175; x_wconf 71' lang='grc' dir='ltr'><strong>δὲ</strong></span> <span class='ocrx_word' id='word_1_183' title='bbox 229 1150 303 1184; x_wconf 81' lang='grc' dir='ltr'>ὅμως</span> <span class='ocrx_word' id='word_1_184' title='bbox 327 1152 416 1178; x_wconf 77' lang='grc' dir='ltr'>εἰπεῖν</span> <span class='ocrx_word' id='word_1_185' title='bbox 432 1153 476 1178; x_wconf 77' lang='grc' dir='ltr'><strong>καὶ</strong></span> <span class='ocrx_word' id='word_1_186' title='bbox 490 1153 521 1178; x_wconf 75' lang='grc' dir='ltr'><strong>τδ</strong></span> <span class='ocrx_word' id='word_1_187' title='bbox 544 1153 605 1179; x_wconf 74' lang='grc' dir='ltr'><strong>καθ’</strong></span> <span class='ocrx_word' id='word_1_188' title='bbox 624 1154 691 1180; x_wconf 74' lang='grc' dir='ltr'><strong>αὐτὸ</strong></span> <span class='ocrx_word' id='word_1_189' title='bbox 712 1156 912 1189; x_wconf 76' lang='grc' dir='ltr'>συνιστάμενον</span> 
     </span>
    </p>
   </div>
   <div class='ocr_carea' id='block_1_27' title="bbox 125 1195 912 1236">
    <p class='ocr_par' dir='ltr' id='par_1_27' title="bbox 125 1195 912 1236">
     <span class='ocr_line' id='line_1_27' title="bbox 125 1195 912 1236; baseline 0.01 -16"><span class='ocrx_word' id='word_1_190' title='bbox 125 1195 181 1221; x_wconf 81' lang='grc' dir='ltr'><strong>ἀπὸ</strong></span> <span class='ocrx_word' id='word_1_191' title='bbox 199 1196 254 1221; x_wconf 82' lang='grc' dir='ltr'><strong>τῶν</strong></span> <span class='ocrx_word' id='word_1_192' title='bbox 280 1196 330 1231; x_wconf 71' lang='grc' dir='ltr'><strong>ἤδη</strong></span> <span class='ocrx_word' id='word_1_193' title='bbox 350 1197 488 1232; x_wconf 76' lang='grc' dir='ltr'><strong>ῥηθέντων</strong></span> <span class='ocrx_word' id='word_1_194' title='bbox 501 1198 546 1225; x_wconf 82' lang='grc' dir='ltr'><strong>διὰ</strong></span> <span class='ocrx_word' id='word_1_195' title='bbox 568 1199 664 1233; x_wconf 81' lang='grc' dir='ltr'><strong>κοινῆς</strong></span> <span class='ocrx_word' id='word_1_196' title='bbox 680 1200 728 1234; x_wconf 80' lang='grc' dir='ltr'><strong>(ὡς</strong></span> <span class='ocrx_word' id='word_1_197' title='bbox 753 1202 854 1236; x_wconf 81' lang='grc' dir='ltr'>εἰπεῖν)</span> <span class='ocrx_word' id='word_1_198' title='bbox 870 1203 912 1228; x_wconf 63' lang='lat' dir='ltr'><strong>sv-</strong></span> 
     </span>
    </p>
   </div>
   <div class='ocr_carea' id='block_1_28' title="bbox 124 1241 912 1282">
    <p class='ocr_par' dir='ltr' id='par_1_28' title="bbox 124 1241 912 1282">
     <span class='ocr_line' id='line_1_28' title="bbox 124 1241 912 1282; baseline 0.01 -15"><span class='ocrx_word' id='word_1_199' title='bbox 124 1241 198 1272; x_wconf 77' lang='grc' dir='ltr'>νοίας</span> <span class='ocrx_word' id='word_1_200' title='bbox 217 1242 263 1269; x_wconf 71' lang='grc' dir='ltr'><strong>καὶ</strong></span> <span class='ocrx_word' id='word_1_201' title='bbox 279 1242 444 1277; x_wconf 76' lang='grc' dir='ltr'>ἀξιώματος,</span> <span class='ocrx_word' id='word_1_202' title='bbox 464 1244 503 1270; x_wconf 77' lang='grc' dir='ltr'><strong>ἔτι</strong></span> <span class='ocrx_word' id='word_1_203' title='bbox 520 1245 567 1271; x_wconf 75' lang='grc' dir='ltr'><strong>καὶ</strong></span> <span class='ocrx_word' id='word_1_204' title='bbox 597 1246 700 1279; x_wconf 81' lang='grc' dir='ltr'>μᾶλλον</span> <span class='ocrx_word' id='word_1_205' title='bbox 718 1248 850 1282; x_wconf 72' lang='grc' dir='ltr'>συστῆσαι</span> <span class='ocrx_word' id='word_1_206' title='bbox 865 1249 912 1275; x_wconf 76' lang='grc' dir='ltr'><strong>καὶ</strong></span> 
     </span>
    </p>
   </div>
   <div class='ocr_carea' id='block_1_29' title="bbox 125 1289 913 1329">
    <p class='ocr_par' dir='ltr' id='par_1_29' title="bbox 125 1289 913 1329">
     <span class='ocr_line' id='line_1_29' title="bbox 125 1289 913 1329; baseline 0.009 -16"><span class='ocrx_word' id='word_1_207' title='bbox 125 1289 158 1323; x_wconf 71' lang='grc' dir='ltr'><strong>τῇ</strong></span> <span class='ocrx_word' id='word_1_208' title='bbox 190 1289 245 1314; x_wconf 71' lang='grc' dir='ltr'><strong>τῶν</strong></span> <span class='ocrx_word' id='word_1_209' title='bbox 270 1289 358 1322; x_wconf 84' lang='grc' dir='ltr'>λόγων</span> <span class='ocrx_word' id='word_1_210' title='bbox 386 1290 534 1325; x_wconf 79' lang='grc' dir='ltr'><strong>ἀκολουθίᾳ</strong></span> <span class='ocrx_word' id='word_1_211' title='bbox 555 1292 584 1318; x_wconf 69' lang='grc' dir='ltr'><strong>ἐν</strong></span> <span class='ocrx_word' id='word_1_212' title='bbox 615 1292 755 1327; x_wconf 71' lang='grc' dir='ltr'><strong>διαφόροις</strong></span> <span class='ocrx_word' id='word_1_213' title='bbox 770 1294 913 1329; x_wconf 77' lang='grc' dir='ltr'>ἐπιχειρή-</span> 
     </span>
    </p>
   </div>
   <div class='ocr_carea' id='block_1_30' title="bbox 127 1335 912 1374">
    <p class='ocr_par' dir='ltr' id='par_1_30' title="bbox 127 1335 912 1374">
     <span class='ocr_line' id='line_1_30' title="bbox 127 1335 912 1374; baseline 0.008 -14"><span class='ocrx_word' id='word_1_214' title='bbox 127 1343 207 1368; x_wconf 74' lang='grc' dir='ltr'>μασι.</span> <span class='ocrx_word' id='word_1_215' title='bbox 228 1335 264 1361; x_wconf 83' lang='grc' dir='ltr'><strong>Τὸ</strong></span> <span class='ocrx_word' id='word_1_216' title='bbox 278 1335 333 1370; x_wconf 77' lang='grc' dir='ltr'>γὰρ</span> <span class='ocrx_word' id='word_1_217' title='bbox 345 1335 419 1362; x_wconf 80' lang='grc' dir='ltr'>δυοῖν</span> <span class='ocrx_word' id='word_1_218' title='bbox 437 1337 647 1372; x_wconf 77' lang='grc' dir='ltr'>συνιστάμενον,</span> <span class='ocrx_word' id='word_1_219' title='bbox 663 1338 711 1364; x_wconf 74' lang='grc' dir='ltr'><strong>δύο</strong></span> <span class='ocrx_word' id='word_1_220' title='bbox 724 1339 756 1373; x_wconf 79' lang='grc' dir='ltr'>δή</span> <span class='ocrx_word' id='word_1_221' title='bbox 772 1347 850 1371; x_wconf 85' lang='grc' dir='ltr'>τινας</span> <span class='ocrx_word' id='word_1_222' title='bbox 864 1340 912 1374; x_wconf 79' lang='grc' dir='ltr'><strong>(ὡς</strong></span> 
     </span>
    </p>
   </div>
   <div class='ocr_carea' id='block_1_31' title="bbox 125 1380 912 1417">
    <p class='ocr_par' dir='ltr' id='par_1_31' title="bbox 125 1380 912 1417">
     <span class='ocr_line' id='line_1_31' title="bbox 125 1380 912 1417; baseline 0.009 -12"><span class='ocrx_word' id='word_1_223' title='bbox 125 1380 228 1410; x_wconf 68' lang='grc' dir='ltr'>εἰπεῖν)</span> <span class='ocrx_word' id='word_1_224' title='bbox 243 1381 304 1415; x_wconf 73' lang='grc' dir='ltr'>ἕχον</span> <span class='ocrx_word' id='word_1_225' title='bbox 324 1381 417 1414; x_wconf 61' lang='grc' dir='ltr'>πόδας,</span> <span class='ocrx_word' id='word_1_226' title='bbox 434 1381 610 1417; x_wconf 80' lang='grc' dir='ltr'>ὲδραιότερόν</span> <span class='ocrx_word' id='word_1_227' title='bbox 626 1392 677 1410; x_wconf 83' lang='grc' dir='ltr'><strong>που</strong></span> <span class='ocrx_word' id='word_1_228' title='bbox 691 1383 739 1411; x_wconf 84' lang='grc' dir='ltr'>τοῦ</span> <span class='ocrx_word' id='word_1_229' title='bbox 753 1384 787 1410; x_wconf 85' lang='grc' dir='ltr'><strong>δι’</strong></span> <span class='ocrx_word' id='word_1_230' title='bbox 804 1385 863 1416; x_wconf 82' lang='grc' dir='ltr'>ἐνὸς</span> <span class='ocrx_word' id='word_1_231' title='bbox 874 1385 912 1417; x_wconf 80' lang='grc' dir='ltr'><strong>ὡς</strong></span> 
     </span>
    </p>
   </div>
   <div class='ocr_carea' id='block_1_32' title="bbox 125 1427 910 1465">
    <p class='ocr_par' dir='ltr' id='par_1_32' title="bbox 125 1427 910 1465">
     <span class='ocr_line' id='line_1_32' title="bbox 125 1427 910 1465; baseline 0.008 -13"><span class='ocrx_word' id='word_1_232' title='bbox 125 1427 155 1458; x_wconf 74' lang='grc' dir='ltr'><strong>ἐξ</strong></span> <span class='ocrx_word' id='word_1_233' title='bbox 171 1427 303 1461; x_wconf 71' lang='grc' dir='ltr'>ἡμισείας</span> <span class='ocrx_word' id='word_1_234' title='bbox 332 1437 390 1459; x_wconf 88' lang='grc' dir='ltr'>πως</span> <span class='ocrx_word' id='word_1_235' title='bbox 410 1428 568 1463; x_wconf 76' lang='grc' dir='ltr'>βεὸηκότος,</span> <span class='ocrx_word' id='word_1_236' title='bbox 594 1429 689 1465; x_wconf 83' lang='grc' dir='ltr'>ὥσπερ</span> <span class='ocrx_word' id='word_1_237' title='bbox 715 1431 759 1463; x_wconf 78' lang='grc' dir='ltr'><strong>ἐφ’</strong></span> <span class='ocrx_word' id='word_1_238' title='bbox 782 1431 823 1457; x_wconf 78' lang='grc' dir='ltr'>ἑνὶ</span> <span class='ocrx_word' id='word_1_239' title='bbox 840 1432 910 1459; x_wconf 83' lang='grc' dir='ltr'>ποδί.</span> 
     </span>
    </p>
   </div>
   <div class='ocr_carea' id='block_1_33' title="bbox 125 1473 912 1514">
    <p class='ocr_par' dir='ltr' id='par_1_33' title="bbox 125 1473 912 1514">
     <span class='ocr_line' id='line_1_33' title="bbox 125 1473 912 1514; baseline 0.01 -16"><span class='ocrx_word' id='word_1_240' title='bbox 125 1473 155 1499; x_wconf 84' lang='grc' dir='ltr'><strong>Εἰ</strong></span> <span class='ocrx_word' id='word_1_241' title='bbox 171 1473 199 1499; x_wconf 78' lang='grc' dir='ltr'><strong>δὲ</strong></span> <span class='ocrx_word' id='word_1_242' title='bbox 216 1474 264 1499; x_wconf 77' lang='grc' dir='ltr'><strong>καὶ</strong></span> <span class='ocrx_word' id='word_1_243' title='bbox 282 1473 407 1500; x_wconf 78' lang='grc' dir='ltr'><strong>πλείοσιν</strong></span> <span class='ocrx_word' id='word_1_244' title='bbox 416 1474 602 1513; x_wconf 47' lang='grc' dir='ltr'>ἔπερείδεται,</span> <span class='ocrx_word' id='word_1_245' title='bbox 620 1476 688 1503; x_wconf 77' lang='grc' dir='ltr'>πολύ</span> <span class='ocrx_word' id='word_1_246' title='bbox 704 1486 735 1510; x_wconf 85' lang='grc' dir='ltr'>γι</span> <span class='ocrx_word' id='word_1_247' title='bbox 747 1478 821 1504; x_wconf 85' lang='grc' dir='ltr'>τοῦτ’</span> <span class='ocrx_word' id='word_1_248' title='bbox 831 1479 912 1514; x_wconf 77' lang='grc' dir='ltr'>ἄμει-</span> 
     </span>
    </p>
   </div>
   <div class='ocr_carea' id='block_1_34' title="bbox 125 1519 946 1570">
    <p class='ocr_par' dir='ltr' id='par_1_34' title="bbox 125 1519 946 1570">
     <span class='ocr_line' id='line_1_34' title="bbox 125 1519 946 1570; baseline 0.011 -26"><span class='ocrx_word' id='word_1_249' title='bbox 125 1526 180 1544; x_wconf 88' lang='grc' dir='ltr'>νον.</span> <span class='ocrx_word' id='word_1_250' title='bbox 202 1519 256 1545; x_wconf 80' lang='grc' dir='ltr'><strong>Καὶ</strong></span> <span class='ocrx_word' id='word_1_251' title='bbox 268 1519 299 1553; x_wconf 90' lang='grc' dir='ltr'><strong>δὴ</strong></span> <span class='ocrx_word' id='word_1_252' title='bbox 313 1520 462 1553; x_wconf 79' lang='grc' dir='ltr'>σκοπῶμεν</span> <span class='ocrx_word' id='word_1_253' title='bbox 484 1520 544 1547; x_wconf 85' lang='grc' dir='ltr'>ὡδί.</span> <span class='ocrx_word' id='word_1_254' title='bbox 564 1521 718 1557; x_wconf 79' lang='grc' dir='ltr'>Ἀρξόμεθα</span> <span class='ocrx_word' id='word_1_255' title='bbox 732 1524 755 1550; x_wconf 76' lang='grc' dir='ltr'><strong>δ’</strong></span> <span class='ocrx_word' id='word_1_256' title='bbox 771 1522 850 1556; x_wconf 79' lang='grc' dir='ltr'>αὖθις</span> <span class='ocrx_word' id='word_1_257' title='bbox 879 1527 911 1552; x_wconf 83' lang='grc' dir='ltr'><strong>ὲκ</strong></span> <span class='ocrx_word' id='word_1_258' title='bbox 925 1540 946 1570; x_wconf 76' lang='lat' dir='ltr'><strong>c</strong></span> 
     </span>
    </p>
   </div>
   <div class='ocr_carea' id='block_1_35' title="bbox 125 1564 911 1602">
    <p class='ocr_par' dir='ltr' id='par_1_35' title="bbox 125 1564 911 1602">
     <span class='ocr_line' id='line_1_35' title="bbox 125 1564 911 1602; baseline 0.013 -13"><span class='ocrx_word' id='word_1_259' title='bbox 125 1564 180 1590; x_wconf 76' lang='grc' dir='ltr'><strong>τῶν</strong></span> <span class='ocrx_word' id='word_1_260' title='bbox 195 1565 347 1600; x_wconf 81' lang='grc' dir='ltr'>προτέρων.</span> <span class='ocrx_word' id='word_1_261' title='bbox 372 1566 506 1600; x_wconf 77' lang='grc' dir='ltr'><strong>Θεμέλιον</strong></span> <span class='ocrx_word' id='word_1_262' title='bbox 524 1567 577 1602; x_wconf 81' lang='grc' dir='ltr'>γὰρ</span> <span class='ocrx_word' id='word_1_263' title='bbox 602 1567 682 1594; x_wconf 79' lang='grc' dir='ltr'>ἄλλον</span> <span class='ocrx_word' id='word_1_264' title='bbox 697 1570 786 1602; x_wconf 79' lang='grc' dir='ltr'>οὐδεὶς</span> <span class='ocrx_word' id='word_1_265' title='bbox 801 1571 911 1599; x_wconf 76' lang='grc' dir='ltr'>δύναται</span> 
     </span>
    </p>
   </div>
   <div class='ocr_carea' id='block_1_36' title="bbox 125 1611 911 1653">
    <p class='ocr_par' dir='ltr' id='par_1_36' title="bbox 125 1611 911 1653">
     <span class='ocr_line' id='line_1_36' title="bbox 125 1611 911 1653; baseline 0.009 -16"><span class='ocrx_word' id='word_1_266' title='bbox 125 1611 213 1638; x_wconf 73' lang='grc' dir='ltr'>θεῖναι</span> <span class='ocrx_word' id='word_1_267' title='bbox 232 1612 308 1646; x_wconf 67' lang='lat' dir='ltr'><strong>napi</strong></span> <span class='ocrx_word' id='word_1_268' title='bbox 323 1612 369 1638; x_wconf 58' lang='grc' dir='ltr'><strong>τὴν</strong></span> <span class='ocrx_word' id='word_1_269' title='bbox 384 1612 524 1646; x_wconf 75' lang='grc' dir='ltr'>κείμενον.</span> <span class='ocrx_word' id='word_1_270' title='bbox 552 1614 607 1647; x_wconf 76' lang='grc' dir='ltr'><strong>ἔφη</strong></span> <span class='ocrx_word' id='word_1_271' title='bbox 634 1614 752 1646; x_wconf 84' lang='grc' dir='ltr'>Παῦλος.</span> <span class='ocrx_word' id='word_1_272' title='bbox 777 1617 833 1643; x_wconf 80' lang='grc' dir='ltr'><strong>Καὶ</strong></span> <span class='ocrx_word' id='word_1_273' title='bbox 858 1617 911 1653; x_wconf 81' lang='grc' dir='ltr'><strong>ὁδῷ</strong></span> 
     </span>
    </p>
   </div>
   <div class='ocr_carea' id='block_1_37' title="bbox 126 1657 911 1697">
    <p class='ocr_par' dir='ltr' id='par_1_37' title="bbox 126 1657 911 1697">
     <span class='ocr_line' id='line_1_37' title="bbox 126 1657 911 1697; baseline 0.006 -12"><span class='ocrx_word' id='word_1_274' title='bbox 126 1657 243 1693; x_wconf 77' lang='grc' dir='ltr'>βαδίζων</span> <span class='ocrx_word' id='word_1_275' title='bbox 261 1658 276 1684; x_wconf 83' lang='grc' dir='ltr'><strong><em>ὸ</em></strong></span> <span class='ocrx_word' id='word_1_276' title='bbox 294 1658 384 1692; x_wconf 76' lang='grc' dir='ltr'><strong>λόγος,</strong></span> <span class='ocrx_word' id='word_1_277' title='bbox 396 1657 466 1685; x_wconf 78' lang='grc' dir='ltr'>Θεοῦ</span> <span class='ocrx_word' id='word_1_278' title='bbox 495 1659 705 1695; x_wconf 81' lang='grc' dir='ltr'>συναιρομένου,</span> <span class='ocrx_word' id='word_1_279' title='bbox 725 1662 865 1697; x_wconf 82' lang='grc' dir='ltr'><strong>συντόμως</strong></span> <span class='ocrx_word' id='word_1_280' title='bbox 881 1663 911 1690; x_wconf 84' lang='grc' dir='ltr'><strong>τδ</strong></span> 
     </span>
    </p>
   </div>
   <div class='ocr_carea' id='block_1_38' title="bbox 125 1704 911 1744">
    <p class='ocr_par' dir='ltr' id='par_1_38' title="bbox 125 1704 911 1744">
     <span class='ocr_line' id='line_1_38' title="bbox 125 1704 911 1744; baseline 0.008 -14"><span class='ocrx_word' id='word_1_281' title='bbox 125 1705 289 1739; x_wconf 79' lang='grc' dir='ltr'>γιγνόμενον</span> <span class='ocrx_word' id='word_1_282' title='bbox 302 1704 453 1737; x_wconf 73' lang='grc' dir='ltr'>ἀποδώσει,</span> <span class='ocrx_word' id='word_1_283' title='bbox 470 1705 618 1738; x_wconf 72' lang='grc' dir='ltr'><strong>ἀποδείξας</strong></span> <span class='ocrx_word' id='word_1_284' title='bbox 633 1707 683 1741; x_wconf 85' lang='grc' dir='ltr'><strong>μὲν</strong></span> <span class='ocrx_word' id='word_1_285' title='bbox 697 1707 805 1741; x_wconf 79' lang='grc' dir='ltr'>ἐκεῖνα,</span> <span class='ocrx_word' id='word_1_286' title='bbox 824 1705 862 1735; x_wconf 83' lang='grc' dir='ltr'><strong>ὧν</strong></span> <span class='ocrx_word' id='word_1_287' title='bbox 874 1711 911 1744; x_wconf 83' lang='grc' dir='ltr'>μὴ</span> 
     </span>
    </p>
   </div>
   <div class='ocr_carea' id='block_1_39' title="bbox 125 1751 910 1789">
    <p class='ocr_par' dir='ltr' id='par_1_39' title="bbox 125 1751 910 1789">
     <span class='ocr_line' id='line_1_39' title="bbox 125 1751 910 1789; baseline 0.008 -13"><span class='ocrx_word' id='word_1_288' title='bbox 125 1751 297 1786; x_wconf 77' lang='grc' dir='ltr'><strong>δειχθέντων,</strong></span> <span class='ocrx_word' id='word_1_289' title='bbox 316 1751 366 1778; x_wconf 81' lang='grc' dir='ltr'>οὐκ</span> <span class='ocrx_word' id='word_1_290' title='bbox 378 1751 413 1778; x_wconf 77' lang='grc' dir='ltr'><strong>ἂν</strong></span> <span class='ocrx_word' id='word_1_291' title='bbox 428 1751 587 1786; x_wconf 79' lang='grc' dir='ltr'><strong>ἀρκούντως</strong></span> <span class='ocrx_word' id='word_1_292' title='bbox 600 1752 673 1788; x_wconf 73' lang='grc' dir='ltr'>ἔχειν</span> <span class='ocrx_word' id='word_1_293' title='bbox 685 1753 718 1780; x_wconf 80' lang='grc' dir='ltr'><strong>τὰ</strong></span> <span class='ocrx_word' id='word_1_294' title='bbox 733 1755 910 1789; x_wconf 76' lang='grc' dir='ltr'>ῥηθησόμενα</span> 
     </span>
    </p>
   </div>
   <div class='ocr_carea' id='block_1_40' title="bbox 123 1797 909 1835">
    <p class='ocr_par' dir='ltr' id='par_1_40' title="bbox 123 1797 909 1835">
     <span class='ocr_line' id='line_1_40' title="bbox 123 1797 909 1835; baseline 0.005 -12"><span class='ocrx_word' id='word_1_295' title='bbox 123 1797 211 1829; x_wconf 80' lang='grc' dir='ltr'>δόξαι·</span> <span class='ocrx_word' id='word_1_296' title='bbox 228 1797 372 1831; x_wconf 73' lang='grc' dir='ltr'><strong>σιωπήσας</strong></span> <span class='ocrx_word' id='word_1_297' title='bbox 387 1797 417 1824; x_wconf 77' lang='grc' dir='ltr'><strong>δὲ</strong></span> <span class='ocrx_word' id='word_1_298' title='bbox 433 1797 529 1831; x_wconf 80' lang='grc' dir='ltr'>πολλὰ,</span> <span class='ocrx_word' id='word_1_299' title='bbox 543 1798 561 1825; x_wconf 76' lang='grc' dir='ltr'><strong>ἃ.</strong></span> <span class='ocrx_word' id='word_1_300' title='bbox 577 1799 624 1826; x_wconf 71' lang='grc' dir='ltr'><strong>καὶ</strong></span> <span class='ocrx_word' id='word_1_301' title='bbox 640 1799 677 1835; x_wconf 83' lang='grc' dir='ltr'>μὴ</span> <span class='ocrx_word' id='word_1_302' title='bbox 694 1800 825 1835; x_wconf 72' lang='grc' dir='ltr'><strong>λεχθέντα</strong></span> <span class='ocrx_word' id='word_1_303' title='bbox 835 1802 909 1835; x_wconf 81' lang='grc' dir='ltr'>φυγῇ</span> 
     </span>
    </p>
   </div>
   <div class='ocr_carea' id='block_1_41' title="bbox 123 1838 912 1882">
    <p class='ocr_par' dir='ltr' id='par_1_41' title="bbox 123 1838 912 1882">
     <span class='ocr_line' id='line_1_41' title="bbox 123 1838 912 1882; baseline 0.005 -13"><span class='ocrx_word' id='word_1_304' title='bbox 123 1843 171 1870; x_wconf 80' lang='grc' dir='ltr'>τοῦ</span> <span class='ocrx_word' id='word_1_305' title='bbox 181 1844 276 1878; x_wconf 72' lang='grc' dir='ltr'>κόρου,</span> <span class='ocrx_word' id='word_1_306' title='bbox 292 1838 343 1870; x_wconf 62' lang='grc' dir='ltr'><strong>οῦκ</strong></span> <span class='ocrx_word' id='word_1_307' title='bbox 359 1844 393 1871; x_wconf 69' lang='grc' dir='ltr'>ἂν</span> <span class='ocrx_word' id='word_1_308' title='bbox 407 1845 520 1879; x_wconf 70' lang='grc' dir='ltr'>ἐνέγκαι</span> <span class='ocrx_word' id='word_1_309' title='bbox 545 1845 660 1881; x_wconf 77' lang='grc' dir='ltr'>ζημίαν,</span> <span class='ocrx_word' id='word_1_310' title='bbox 679 1844 767 1882; x_wconf 75' lang='grc' dir='ltr'>οἶμαι,</span> <span class='ocrx_word' id='word_1_311' title='bbox 791 1846 830 1882; x_wconf 81' lang='grc' dir='ltr'><strong>τῷ</strong></span> <span class='ocrx_word' id='word_1_312' title='bbox 847 1856 912 1882; x_wconf 85' lang='grc' dir='ltr'>προ-</span> 
     </span>
    </p>
   </div>
   <div class='ocr_carea' id='block_1_42' title="bbox 124 1889 366 1925">
    <p class='ocr_par' dir='ltr' id='par_1_42' title="bbox 124 1889 366 1925">
     <span class='ocr_line' id='line_1_42' title="bbox 124 1889 366 1925; baseline 0.008 -9"><span class='ocrx_word' id='word_1_313' title='bbox 124 1889 244 1925; x_wconf 76' lang='grc' dir='ltr'>κειμένῳ</span> <span class='ocrx_word' id='word_1_314' title='bbox 260 1890 366 1924; x_wconf 79' lang='grc' dir='ltr'>σκοπῷ.</span> 
     </span>
    </p>
   </div>
   <div class='ocr_carea' id='block_1_43' title="bbox 962 236 1748 270">
    <p class='ocr_par' dir='ltr' id='par_1_43' title="bbox 962 236 1748 270">
     <span class='ocr_line' id='line_1_43' title="bbox 962 236 1748 270; baseline 0.003 -7"><span class='ocrx_word' id='word_1_315' title='bbox 962 244 1025 263; x_wconf 88' lang='lat' dir='ltr'><strong>vero</strong></span> <span class='ocrx_word' id='word_1_316' title='bbox 1040 236 1203 270; x_wconf 86' lang='lat' dir='ltr'><strong>voluptatem</strong></span> <span class='ocrx_word' id='word_1_317' title='bbox 1224 244 1238 264; x_wconf 90' lang='lat' dir='ltr'><strong>a</strong></span> <span class='ocrx_word' id='word_1_318' title='bbox 1266 236 1330 268; x_wconf 85' lang='lat' dir='ltr'><strong>Deo,</strong></span> <span class='ocrx_word' id='word_1_319' title='bbox 1351 236 1451 263; x_wconf 85' lang='lat' dir='ltr'><strong>nullius</strong></span> <span class='ocrx_word' id='word_1_320' title='bbox 1469 244 1548 270; x_wconf 77' lang='lat' dir='ltr'><strong>egere</strong></span> <span class='ocrx_word' id='word_1_321' title='bbox 1578 237 1748 270; x_wconf 85' lang='lat' dir='ltr'><strong>probationis</strong></span> 
     </span>
    </p>
   </div>
   <div class='ocr_carea' id='block_1_44' title="bbox 961 281 1751 314">
    <p class='ocr_par' dir='ltr' id='par_1_44' title="bbox 961 281 1751 314">
     <span class='ocr_line' id='line_1_44' title="bbox 961 281 1751 314; baseline 0.003 -6"><span class='ocrx_word' id='word_1_322' title='bbox 961 281 1087 308; x_wconf 77' lang='lat' dir='ltr'><strong>arbitror.</strong></span> <span class='ocrx_word' id='word_1_323' title='bbox 1103 281 1170 310; x_wconf 85' lang='lat' dir='ltr'><strong>Nam</strong></span> <span class='ocrx_word' id='word_1_324' title='bbox 1186 289 1246 309; x_wconf 80' lang='lat' dir='ltr'><strong>cum</strong></span> <span class='ocrx_word' id='word_1_325' title='bbox 1260 282 1350 309; x_wconf 84' lang='lat' dir='ltr'><strong>omnia</strong></span> <span class='ocrx_word' id='word_1_326' title='bbox 1365 282 1452 314; x_wconf 86' lang='lat' dir='ltr'><strong>nobis,</strong></span> <span class='ocrx_word' id='word_1_327' title='bbox 1471 283 1541 310; x_wconf 93' lang='lat' dir='ltr'><strong>sicut</strong></span> <span class='ocrx_word' id='word_1_328' title='bbox 1556 286 1583 310; x_wconf 85' lang='lat' dir='ltr'><strong>et</strong></span> <span class='ocrx_word' id='word_1_329' title='bbox 1596 284 1675 310; x_wconf 85' lang='lat' dir='ltr'><strong>rebus</strong></span> <span class='ocrx_word' id='word_1_330' title='bbox 1691 284 1751 310; x_wconf 82' lang='lat' dir='ltr'><strong>uni-</strong></span> 
     </span>
    </p>
   </div>
   <div class='ocr_carea' id='block_1_45' title="bbox 961 328 1747 364">
    <p class='ocr_par' dir='ltr' id='par_1_45' title="bbox 961 328 1747 364">
     <span class='ocr_line' id='line_1_45' title="bbox 961 328 1747 364; baseline 0.003 -10"><span class='ocrx_word' id='word_1_331' title='bbox 961 328 1083 358; x_wconf 85' lang='lat' dir='ltr'><strong>versis.a</strong></span> <span class='ocrx_word' id='word_1_332' title='bbox 1106 328 1160 356; x_wconf 90' lang='lat' dir='ltr'><strong>Deo</strong></span> <span class='ocrx_word' id='word_1_333' title='bbox 1172 328 1271 356; x_wconf 85' lang='lat' dir='ltr'><strong>tributa</strong></span> <span class='ocrx_word' id='word_1_334' title='bbox 1289 330 1352 362; x_wconf 88' lang='lat' dir='ltr'><strong>sint,</strong></span> <span class='ocrx_word' id='word_1_335' title='bbox 1380 330 1450 363; x_wconf 87' lang='lat' dir='ltr'><strong>quod</strong></span> <span class='ocrx_word' id='word_1_336' title='bbox 1476 329 1583 364; x_wconf 84' lang='lat' dir='ltr'><strong>quidem</strong></span> <span class='ocrx_word' id='word_1_337' title='bbox 1608 331 1747 357; x_wconf 91' lang='lat' dir='ltr'><strong>communi</strong></span> 
     </span>
    </p>
   </div>
   <div class='ocr_carea' id='block_1_46' title="bbox 961 375 1750 410">
    <p class='ocr_par' dir='ltr' id='par_1_46' title="bbox 961 375 1750 410">
     <span class='ocr_line' id='line_1_46' title="bbox 961 375 1750 410; baseline 0.003 -9"><span class='ocrx_word' id='word_1_338' title='bbox 961 379 1098 408; x_wconf 85' lang='lat' dir='ltr'><strong>receptum</strong></span> <span class='ocrx_word' id='word_1_339' title='bbox 1115 380 1156 402; x_wconf 90' lang='lat' dir='ltr'><strong>est</strong></span> <span class='ocrx_word' id='word_1_340' title='bbox 1170 375 1320 407; x_wconf 70' lang='lat' dir='ltr'><strong>sententia,</strong></span> <span class='ocrx_word' id='word_1_341' title='bbox 1334 376 1466 410; x_wconf 83' lang='lat' dir='ltr'><strong>sequitur,</strong></span> <span class='ocrx_word' id='word_1_342' title='bbox 1487 381 1513 403; x_wconf 89' lang='lat' dir='ltr'><strong>et</strong></span> <span class='ocrx_word' id='word_1_343' title='bbox 1538 377 1588 403; x_wconf 87' lang='lat' dir='ltr'><strong>hoc</strong></span> <span class='ocrx_word' id='word_1_344' title='bbox 1604 383 1750 403; x_wconf 83' lang='lat' dir='ltr'><strong>commune</strong></span> 
     </span>
    </p>
   </div>
   <div class='ocr_carea' id='block_1_47' title="bbox 961 419 1748 454">
    <p class='ocr_par' dir='ltr' id='par_1_47' title="bbox 961 419 1748 454">
     <span class='ocr_line' id='line_1_47' title="bbox 961 419 1748 454; baseline 0.001 -9"><span class='ocrx_word' id='word_1_345' title='bbox 961 420 1037 453; x_wconf 90' lang='lat' dir='ltr'><strong>quasi</strong></span> <span class='ocrx_word' id='word_1_346' title='bbox 1054 419 1187 454; x_wconf 81' lang='lat' dir='ltr'><strong>quoddam</strong></span> <span class='ocrx_word' id='word_1_347' title='bbox 1204 427 1266 447; x_wconf 87' lang='lat' dir='ltr'><strong>esse</strong></span> <span class='ocrx_word' id='word_1_348' title='bbox 1279 420 1419 454; x_wconf 86' lang='lat' dir='ltr'><strong>placitum,</strong></span> <span class='ocrx_word' id='word_1_349' title='bbox 1436 422 1600 454; x_wconf 83' lang='lat' dir='ltr'><strong>voluptatem</strong></span> <span class='ocrx_word' id='word_1_350' title='bbox 1617 428 1677 448; x_wconf 86' lang='lat' dir='ltr'><strong>esse</strong></span> <span class='ocrx_word' id='word_1_351' title='bbox 1691 428 1748 447; x_wconf 90' lang='lat' dir='ltr'><strong>rem</strong></span> 
     </span>
    </p>
   </div>
   <div class='ocr_carea' id='block_1_48' title="bbox 962 465 1750 500">
    <p class='ocr_par' dir='ltr' id='par_1_48' title="bbox 962 465 1750 500">
     <span class='ocr_line' id='line_1_48' title="bbox 962 465 1750 500; baseline -0.001 -8"><span class='ocrx_word' id='word_1_352' title='bbox 962 466 1072 498; x_wconf 83' lang='lat' dir='ltr'><strong>bonam,</strong></span> <span class='ocrx_word' id='word_1_353' title='bbox 1091 465 1170 499; x_wconf 86' lang='lat' dir='ltr'><strong>idque</strong></span> <span class='ocrx_word' id='word_1_354' title='bbox 1186 465 1229 492; x_wconf 97' lang='lat' dir='ltr'><strong>vel</strong></span> <span class='ocrx_word' id='word_1_355' title='bbox 1256 465 1319 492; x_wconf 87' lang='lat' dir='ltr'><strong>hinc</strong></span> <span class='ocrx_word' id='word_1_356' title='bbox 1339 466 1510 500; x_wconf 82' lang='lat' dir='ltr'><strong>perspicuum</strong></span> <span class='ocrx_word' id='word_1_357' title='bbox 1537 469 1578 493; x_wconf 87' lang='lat' dir='ltr'><strong>est</strong></span> <span class='ocrx_word' id='word_1_358' title='bbox 1599 465 1662 492; x_wconf 87' lang='lat' dir='ltr'><strong>:vel</strong></span> <span class='ocrx_word' id='word_1_359' title='bbox 1678 465 1750 492; x_wconf 82' lang='lat' dir='ltr'><strong>enim</strong></span> 
     </span>
    </p>
   </div>
   <div class='ocr_carea' id='block_1_49' title="bbox 961 509 1750 546">
    <p class='ocr_par' dir='ltr' id='par_1_49' title="bbox 961 509 1750 546">
     <span class='ocr_line' id='line_1_49' title="bbox 961 509 1750 546; baseline 0 -9"><span class='ocrx_word' id='word_1_360' title='bbox 961 509 1035 538; x_wconf 89' lang='lat' dir='ltr'><strong>nulla</strong></span> <span class='ocrx_word' id='word_1_361' title='bbox 1049 511 1172 546; x_wconf 80' lang='lat' dir='ltr'><strong>voluptas</strong></span> <span class='ocrx_word' id='word_1_362' title='bbox 1184 515 1235 543; x_wconf 87' lang='lat' dir='ltr'><strong>est,</strong></span> <span class='ocrx_word' id='word_1_363' title='bbox 1246 511 1288 538; x_wconf 85' lang='lat' dir='ltr'><strong>vel</strong></span> <span class='ocrx_word' id='word_1_364' title='bbox 1309 519 1324 538; x_wconf 87' lang='lat' dir='ltr'><strong>a</strong></span> <span class='ocrx_word' id='word_1_365' title='bbox 1339 519 1393 545; x_wconf 92' lang='lat' dir='ltr'><strong>quo</strong></span> <span class='ocrx_word' id='word_1_366' title='bbox 1408 517 1503 539; x_wconf 88' lang='lat' dir='ltr'><strong>cuncta</strong></span> <span class='ocrx_word' id='word_1_367' title='bbox 1519 516 1592 543; x_wconf 87' lang='lat' dir='ltr'><strong>sunt,</strong></span> <span class='ocrx_word' id='word_1_368' title='bbox 1606 512 1639 538; x_wconf 85' lang='lat' dir='ltr'><strong>ab</strong></span> <span class='ocrx_word' id='word_1_369' title='bbox 1655 511 1750 538; x_wconf 82' lang='lat' dir='ltr'><strong>eodem</strong></span> 
     </span>
    </p>
   </div>
   <div class='ocr_carea' id='block_1_50' title="bbox 960 557 1751 592">
    <p class='ocr_par' dir='ltr' id='par_1_50' title="bbox 960 557 1751 592">
     <span class='ocr_line' id='line_1_50' title="bbox 960 557 1751 592; baseline 0 -8"><span class='ocrx_word' id='word_1_370' title='bbox 960 562 988 585; x_wconf 90' lang='lat' dir='ltr'><strong>et</strong></span> <span class='ocrx_word' id='word_1_371' title='bbox 1003 558 1069 592; x_wconf 89' lang='lat' dir='ltr'><strong>ipsa.</strong></span> <span class='ocrx_word' id='word_1_372' title='bbox 1082 557 1117 584; x_wconf 79' lang='lat' dir='ltr'><strong>At</strong></span> <span class='ocrx_word' id='word_1_373' title='bbox 1134 565 1199 584; x_wconf 86' lang='lat' dir='ltr'><strong>vero</strong></span> <span class='ocrx_word' id='word_1_374' title='bbox 1211 558 1331 591; x_wconf 78' lang='lat' dir='ltr'><strong>voluptas</strong></span> <span class='ocrx_word' id='word_1_375' title='bbox 1347 561 1389 586; x_wconf 90' lang='lat' dir='ltr'><strong>est</strong></span> <span class='ocrx_word' id='word_1_376' title='bbox 1404 558 1524 585; x_wconf 92' lang='lat' dir='ltr'><strong>omnium</strong></span> <span class='ocrx_word' id='word_1_377' title='bbox 1544 567 1550 584; x_wconf 89' lang='lat'>:</span> <span class='ocrx_word' id='word_1_378' title='bbox 1566 566 1579 584; x_wconf 94' lang='lat' dir='ltr'><strong>a</strong></span> <span class='ocrx_word' id='word_1_379' title='bbox 1597 559 1649 584; x_wconf 84' lang='lat' dir='ltr'><strong>Deo</strong></span> <span class='ocrx_word' id='word_1_380' title='bbox 1661 558 1751 591; x_wconf 79' lang='lat' dir='ltr'><strong>igitur.</strong></span> 
     </span>
    </p>
   </div>
   <div class='ocr_carea' id='block_1_51' title="bbox 962 601 1751 638">
    <p class='ocr_par' dir='ltr' id='par_1_51' title="bbox 962 601 1751 638">
     <span class='ocr_line' id='line_1_51' title="bbox 962 601 1751 638; baseline 0.001 -11"><span class='ocrx_word' id='word_1_381' title='bbox 962 601 1026 634; x_wconf 64' lang='lat' dir='ltr'><strong>Quae</strong></span> <span class='ocrx_word' id='word_1_382' title='bbox 1043 606 1132 628; x_wconf 90' lang='lat' dir='ltr'><strong>autem</strong></span> <span class='ocrx_word' id='word_1_383' title='bbox 1156 609 1171 628; x_wconf 87' lang='lat' dir='ltr'><strong>a</strong></span> <span class='ocrx_word' id='word_1_384' title='bbox 1196 601 1260 634; x_wconf 88' lang='lat' dir='ltr'><strong>Deo,</strong></span> <span class='ocrx_word' id='word_1_385' title='bbox 1284 602 1353 629; x_wconf 87' lang='lat' dir='ltr'><strong>bona</strong></span> <span class='ocrx_word' id='word_1_386' title='bbox 1381 607 1463 629; x_wconf 85' lang='lat' dir='ltr'><strong>sunt:</strong></span> <span class='ocrx_word' id='word_1_387' title='bbox 1482 603 1552 630; x_wconf 82' lang='lat' dir='ltr'><strong>bona</strong></span> <span class='ocrx_word' id='word_1_388' title='bbox 1581 603 1671 638; x_wconf 73' lang='lat' dir='ltr'><strong>igitur.</strong></span> <span class='ocrx_word' id='word_1_389' title='bbox 1692 602 1751 629; x_wconf 73' lang='lat' dir='ltr'><strong>Non</strong></span> 
     </span>
    </p>
   </div>
   <div class='ocr_carea' id='block_1_52' title="bbox 962 647 1749 682">
    <p class='ocr_par' dir='ltr' id='par_1_52' title="bbox 962 647 1749 682">
     <span class='ocr_line' id='line_1_52' title="bbox 962 647 1749 682; baseline 0.001 -9"><span class='ocrx_word' id='word_1_390' title='bbox 962 647 1090 681; x_wconf 71' lang='lat' dir='ltr'><strong>ergotibi</strong></span> <span class='ocrx_word' id='word_1_391' title='bbox 1110 647 1241 681; x_wconf 83' lang='lat' dir='ltr'><strong>pluribus,</strong></span> <span class='ocrx_word' id='word_1_392' title='bbox 1254 648 1360 681; x_wconf 86' lang='lat' dir='ltr'><strong>opinor,</strong></span> <span class='ocrx_word' id='word_1_393' title='bbox 1385 656 1452 682; x_wconf 81' lang='lat' dir='ltr'><strong>opus</strong></span> <span class='ocrx_word' id='word_1_394' title='bbox 1471 650 1524 675; x_wconf 86' lang='lat' dir='ltr'><strong>erit</strong></span> <span class='ocrx_word' id='word_1_395' title='bbox 1534 649 1565 674; x_wconf 85' lang='lat' dir='ltr'><strong>ad</strong></span> <span class='ocrx_word' id='word_1_396' title='bbox 1586 648 1749 682; x_wconf 79' lang='lat' dir='ltr'><strong>persolutio-</strong></span> 
     </span>
    </p>
   </div>
   <div class='ocr_carea' id='block_1_53' title="bbox 963 692 1753 726">
    <p class='ocr_par' dir='ltr' id='par_1_53' title="bbox 963 692 1753 726">
     <span class='ocr_line' id='line_1_53' title="bbox 963 692 1753 726; baseline 0.004 -7"><span class='ocrx_word' id='word_1_397' title='bbox 963 699 1023 719; x_wconf 86' lang='lat' dir='ltr'><strong>nem</strong></span> <span class='ocrx_word' id='word_1_398' title='bbox 1038 692 1077 718; x_wconf 86' lang='lat' dir='ltr'><strong>rei</strong></span> <span class='ocrx_word' id='word_1_399' title='bbox 1090 693 1239 726; x_wconf 66' lang='lat' dir='ltr'><strong>promissae.</strong></span> <span class='ocrx_word' id='word_1_400' title='bbox 1258 692 1317 720; x_wconf 87' lang='lat' dir='ltr'><strong>Non</strong></span> <span class='ocrx_word' id='word_1_401' title='bbox 1329 693 1403 720; x_wconf 90' lang='lat' dir='ltr'><strong>enim</strong></span> <span class='ocrx_word' id='word_1_402' title='bbox 1421 693 1493 726; x_wconf 77' lang='lat' dir='ltr'><strong>licet,</strong></span> <span class='ocrx_word' id='word_1_403' title='bbox 1511 702 1564 721; x_wconf 91' lang='lat' dir='ltr'><strong>non</strong></span> <span class='ocrx_word' id='word_1_404' title='bbox 1581 694 1644 721; x_wconf 85' lang='lat' dir='ltr'><strong>licet</strong></span> <span class='ocrx_word' id='word_1_405' title='bbox 1665 696 1753 722; x_wconf 81' lang='grc' dir='ltr'>Ιιοηιὶ-</span> 
     </span>
    </p>
   </div>
   <div class='ocr_carea' id='block_1_54' title="bbox 964 737 1752 774">
    <p class='ocr_par' dir='ltr' id='par_1_54' title="bbox 964 737 1752 774">
     <span class='ocr_line' id='line_1_54' title="bbox 964 737 1752 774; baseline 0.005 -10"><span class='ocrx_word' id='word_1_406' title='bbox 964 738 990 764; x_wconf 92' lang='lat' dir='ltr'><strong>ni</strong></span> <span class='ocrx_word' id='word_1_407' title='bbox 1006 737 1076 765; x_wconf 87' lang='lat' dir='ltr'><strong>iideli</strong></span> <span class='ocrx_word' id='word_1_408' title='bbox 1095 738 1228 765; x_wconf 86' lang='lat' dir='ltr'><strong>diversam</strong></span> <span class='ocrx_word' id='word_1_409' title='bbox 1244 742 1273 765; x_wconf 90' lang='lat' dir='ltr'><strong>ut</strong></span> <span class='ocrx_word' id='word_1_410' title='bbox 1288 739 1314 766; x_wconf 94' lang='lat' dir='ltr'><strong>in</strong></span> <span class='ocrx_word' id='word_1_411' title='bbox 1328 745 1430 773; x_wconf 84' lang='lat' dir='ltr'><strong>partem</strong></span> <span class='ocrx_word' id='word_1_412' title='bbox 1456 740 1554 766; x_wconf 84' lang='lat' dir='ltr'><strong>audeat</strong></span> <span class='ocrx_word' id='word_1_413' title='bbox 1565 748 1595 767; x_wconf 86' lang='lat' dir='ltr'><strong>os</strong></span> <span class='ocrx_word' id='word_1_414' title='bbox 1612 742 1718 774; x_wconf 85' lang='lat' dir='ltr'><strong>aperire</strong></span> <span class='ocrx_word' id='word_1_415' title='bbox 1743 750 1752 774; x_wconf 87' lang='lat'><strong>;</strong></span> 
     </span>
    </p>
   </div>
   <div class='ocr_carea' id='block_1_55' title="bbox 963 783 1753 819">
    <p class='ocr_par' dir='ltr' id='par_1_55' title="bbox 963 783 1753 819">
     <span class='ocr_line' id='line_1_55' title="bbox 963 783 1753 819; baseline 0.003 -9"><span class='ocrx_word' id='word_1_416' title='bbox 963 783 1018 810; x_wconf 89' lang='lat' dir='ltr'><strong>imo</strong></span> <span class='ocrx_word' id='word_1_417' title='bbox 1033 791 1084 811; x_wconf 89' lang='lat' dir='ltr'><strong>nec</strong></span> <span class='ocrx_word' id='word_1_418' title='bbox 1098 783 1207 816; x_wconf 81' lang='lat' dir='ltr'><strong>inﬁdeli,</strong></span> <span class='ocrx_word' id='word_1_419' title='bbox 1225 791 1284 811; x_wconf 84' lang='lat' dir='ltr'><strong>mea</strong></span> <span class='ocrx_word' id='word_1_420' title='bbox 1301 785 1409 819; x_wconf 84' lang='lat' dir='ltr'><strong>quidem</strong></span> <span class='ocrx_word' id='word_1_421' title='bbox 1425 785 1564 819; x_wconf 90' lang='lat' dir='ltr'><strong>opinione,</strong></span> <span class='ocrx_word' id='word_1_422' title='bbox 1582 786 1661 812; x_wconf 86' lang='lat' dir='ltr'><strong>modo</strong></span> <span class='ocrx_word' id='word_1_423' title='bbox 1676 794 1753 814; x_wconf 89' lang='lat' dir='ltr'><strong>men-</strong></span> 
     </span>
    </p>
   </div>
   <div class='ocr_carea' id='block_1_56' title="bbox 965 829 1754 864">
    <p class='ocr_par' dir='ltr' id='par_1_56' title="bbox 965 829 1754 864">
     <span class='ocr_line' id='line_1_56' title="bbox 965 829 1754 864; baseline 0.001 -8"><span class='ocrx_word' id='word_1_424' title='bbox 965 835 1001 862; x_wconf 88' lang='lat' dir='ltr'><strong>te,</strong></span> <span class='ocrx_word' id='word_1_425' title='bbox 1037 836 1098 863; x_wconf 71' lang='lat' dir='ltr'><strong>quae</strong></span> <span class='ocrx_word' id='word_1_426' title='bbox 1119 829 1251 864; x_wconf 75' lang='lat' dir='ltr'><strong>judicium</strong></span> <span class='ocrx_word' id='word_1_427' title='bbox 1280 829 1353 857; x_wconf 82' lang='lat' dir='ltr'><strong>ferre</strong></span> <span class='ocrx_word' id='word_1_428' title='bbox 1382 831 1476 864; x_wconf 81' lang='lat' dir='ltr'><strong>possit,</strong></span> <span class='ocrx_word' id='word_1_429' title='bbox 1504 831 1633 864; x_wconf 74' lang='lat' dir='ltr'><strong>pmditus</strong></span> <span class='ocrx_word' id='word_1_430' title='bbox 1654 831 1688 857; x_wconf 87' lang='lat' dir='ltr'><strong>sit</strong></span> <span class='ocrx_word' id='word_1_431' title='bbox 1706 835 1754 863; x_wconf 87' lang='lat' dir='ltr'><strong>;et</strong></span> 
     </span>
    </p>
   </div>
   <div class='ocr_carea' id='block_1_57' title="bbox 964 874 1754 909">
    <p class='ocr_par' dir='ltr' id='par_1_57' title="bbox 964 874 1754 909">
     <span class='ocr_line' id='line_1_57' title="bbox 964 874 1754 909; baseline 0.001 -7"><span class='ocrx_word' id='word_1_432' title='bbox 964 874 1072 909; x_wconf 74' lang='lat' dir='ltr'><strong>cogitet,</strong></span> <span class='ocrx_word' id='word_1_433' title='bbox 1089 882 1149 908; x_wconf 81' lang='lat' dir='ltr'><strong>quae</strong></span> <span class='ocrx_word' id='word_1_434' title='bbox 1172 875 1254 902; x_wconf 82' lang='lat' dir='ltr'><strong>nimia</strong></span> <span class='ocrx_word' id='word_1_435' title='bbox 1271 875 1335 908; x_wconf 81' lang='lat' dir='ltr'><strong>sint,</strong></span> <span class='ocrx_word' id='word_1_436' title='bbox 1355 883 1408 902; x_wconf 83' lang='lat' dir='ltr'><strong>una</strong></span> <span class='ocrx_word' id='word_1_437' title='bbox 1431 883 1492 902; x_wconf 91' lang='lat' dir='ltr'><strong>cum</strong></span> <span class='ocrx_word' id='word_1_438' title='bbox 1509 875 1649 906; x_wconf 82' lang='lat' dir='ltr'><strong>abusibus.</strong></span> <span class='ocrx_word' id='word_1_439' title='bbox 1665 877 1698 903; x_wconf 89' lang='lat' dir='ltr'><strong>ad</strong></span> <span class='ocrx_word' id='word_1_440' title='bbox 1707 884 1754 903; x_wconf 85' lang='lat' dir='ltr'><strong>eos</strong></span> 
     </span>
    </p>
   </div>
   <div class='ocr_carea' id='block_1_58' title="bbox 963 920 1754 956">
    <p class='ocr_par' dir='ltr' id='par_1_58' title="bbox 963 920 1754 956">
     <span class='ocr_line' id='line_1_58' title="bbox 963 920 1754 956; baseline 0.001 -9"><span class='ocrx_word' id='word_1_441' title='bbox 963 929 1024 948; x_wconf 87' lang='lat' dir='ltr'><strong>esse</strong></span> <span class='ocrx_word' id='word_1_442' title='bbox 1044 920 1186 948; x_wconf 80' lang='lat' dir='ltr'><strong>referenda</strong></span> <span class='ocrx_word' id='word_1_443' title='bbox 1201 921 1248 955; x_wconf 78' lang='lat' dir='ltr'><strong>qui</strong></span> <span class='ocrx_word' id='word_1_444' title='bbox 1265 928 1319 948; x_wconf 92' lang='lat' dir='ltr'><strong>non</strong></span> <span class='ocrx_word' id='word_1_445' title='bbox 1350 926 1424 948; x_wconf 87' lang='lat' dir='ltr'><strong>recte</strong></span> <span class='ocrx_word' id='word_1_446' title='bbox 1453 926 1566 949; x_wconf 85' lang='lat' dir='ltr'><strong>utantur</strong></span> <span class='ocrx_word' id='word_1_447' title='bbox 1583 931 1590 954; x_wconf 82' lang='lat'><strong>;</strong></span> <span class='ocrx_word' id='word_1_448' title='bbox 1604 921 1754 956; x_wconf 77' lang='lat' dir='ltr'><strong>voluptatis</strong></span> 
     </span>
    </p>
   </div>
   <div class='ocr_carea' id='block_1_59' title="bbox 967 966 1754 1002">
    <p class='ocr_par' dir='ltr' id='par_1_59' title="bbox 967 966 1754 1002">
     <span class='ocr_line' id='line_1_59' title="bbox 967 966 1754 1002; baseline 0.004 -10"><span class='ocrx_word' id='word_1_449' title='bbox 967 971 1058 993; x_wconf 81' lang='lat' dir='ltr'><strong>autem</strong></span> <span class='ocrx_word' id='word_1_450' title='bbox 1079 966 1175 1002; x_wconf 76' lang='lat' dir='ltr'><strong>&#39;ipsius</strong></span> <span class='ocrx_word' id='word_1_451' title='bbox 1187 967 1264 1000; x_wconf 87' lang='lat' dir='ltr'><strong>quasi</strong></span> <span class='ocrx_word' id='word_1_452' title='bbox 1288 966 1504 1001; x_wconf 78' lang='lat' dir='ltr'><strong>fundamentum,</strong></span> <span class='ocrx_word' id='word_1_453' title='bbox 1528 967 1553 994; x_wconf 90' lang='lat' dir='ltr'><strong>in</strong></span> <span class='ocrx_word' id='word_1_454' title='bbox 1573 968 1754 1001; x_wconf 74' lang='lat' dir='ltr'><strong>perceptionis</strong></span> 
     </span>
    </p>
   </div>
   <div class='ocr_carea' id='block_1_60' title="bbox 963 1011 1754 1044">
    <p class='ocr_par' dir='ltr' id='par_1_60' title="bbox 963 1011 1754 1044">
     <span class='ocr_line' id='line_1_60' title="bbox 963 1011 1754 1044; baseline 0.003 -7"><span class='ocrx_word' id='word_1_455' title='bbox 963 1012 1147 1038; x_wconf 82' lang='lat' dir='ltr'><strong>moderamine</strong></span> <span class='ocrx_word' id='word_1_456' title='bbox 1174 1012 1336 1039; x_wconf 81' lang='lat' dir='ltr'><strong>consistere.</strong></span> <span class='ocrx_word' id='word_1_457' title='bbox 1356 1011 1414 1044; x_wconf 88' lang='lat' dir='ltr'><strong>Quo</strong></span> <span class='ocrx_word' id='word_1_458' title='bbox 1426 1011 1454 1038; x_wconf 83' lang='lat' dir='ltr'><strong>ﬁt</strong></span> <span class='ocrx_word' id='word_1_459' title='bbox 1471 1017 1501 1039; x_wconf 92' lang='lat' dir='ltr'><strong>ut</strong></span> <span class='ocrx_word' id='word_1_460' title='bbox 1517 1013 1607 1040; x_wconf 81' lang='lat' dir='ltr'><strong>dicere</strong></span> <span class='ocrx_word' id='word_1_461' title='bbox 1632 1013 1697 1040; x_wconf 75' lang='lat' dir='ltr'><strong>milii</strong></span> <span class='ocrx_word' id='word_1_462' title='bbox 1720 1013 1754 1039; x_wconf 85' lang='lat' dir='ltr'><strong>li-</strong></span> 
     </span>
    </p>
   </div>
   <div class='ocr_carea' id='block_1_61' title="bbox 963 1058 1756 1094">
    <p class='ocr_par' dir='ltr' id='par_1_61' title="bbox 963 1058 1756 1094">
     <span class='ocr_line' id='line_1_61' title="bbox 963 1058 1756 1094; baseline 0.001 -10"><span class='ocrx_word' id='word_1_463' title='bbox 963 1062 1024 1084; x_wconf 88' lang='lat' dir='ltr'><strong>ccat</strong></span> <span class='ocrx_word' id='word_1_464' title='bbox 1048 1066 1055 1084; x_wconf 92' lang='lat'>:</span> <span class='ocrx_word' id='word_1_465' title='bbox 1074 1058 1224 1093; x_wconf 78' lang='lat' dir='ltr'><strong>Antequam</strong></span> <span class='ocrx_word' id='word_1_466' title='bbox 1251 1059 1302 1086; x_wconf 89' lang='lat' dir='ltr'><strong>iter</strong></span> <span class='ocrx_word' id='word_1_467' title='bbox 1318 1060 1468 1093; x_wconf 87' lang='lat' dir='ltr'><strong>occiperes,</strong></span> <span class='ocrx_word' id='word_1_468' title='bbox 1498 1060 1664 1094; x_wconf 82' lang='lat' dir='ltr'><strong>pervenisti;</strong></span> <span class='ocrx_word' id='word_1_469' title='bbox 1684 1059 1756 1093; x_wconf 89' lang='lat' dir='ltr'><strong>quod</strong></span> 
     </span>
    </p>
   </div>
   <div class='ocr_carea' id='block_1_62' title="bbox 963 1102 1756 1140">
    <p class='ocr_par' dir='ltr' id='par_1_62' title="bbox 963 1102 1756 1140">
     <span class='ocr_line' id='line_1_62' title="bbox 963 1102 1756 1140; baseline 0.004 -12"><span class='ocrx_word' id='word_1_470' title='bbox 963 1102 1070 1131; x_wconf 78' lang='lat' dir='ltr'><strong>divinus</strong></span> <span class='ocrx_word' id='word_1_471' title='bbox 1101 1104 1210 1138; x_wconf 87' lang='lat' dir='ltr'><strong>quidam</strong></span> <span class='ocrx_word' id='word_1_472' title='bbox 1226 1106 1267 1131; x_wconf 89' lang='lat' dir='ltr'><strong>vir</strong></span> <span class='ocrx_word' id='word_1_473' title='bbox 1281 1104 1358 1137; x_wconf 82' lang='lat' dir='ltr'><strong>dixit,</strong></span> <span class='ocrx_word' id='word_1_474' title='bbox 1375 1105 1486 1132; x_wconf 87' lang='lat' dir='ltr'><strong>nitniam</strong></span> <span class='ocrx_word' id='word_1_475' title='bbox 1504 1106 1647 1140; x_wconf 79' lang='lat' dir='ltr'><strong>quamdam</strong></span> <span class='ocrx_word' id='word_1_476' title='bbox 1660 1106 1756 1133; x_wconf 84' lang='lat' dir='ltr'><strong>celeri--</strong></span> 
     </span>
    </p>
   </div>
   <div class='ocr_carea' id='block_1_63' title="bbox 965 1150 1755 1186">
    <p class='ocr_par' dir='ltr' id='par_1_63' title="bbox 965 1150 1755 1186">
     <span class='ocr_line' id='line_1_63' title="bbox 965 1150 1755 1186; baseline 0.004 -11"><span class='ocrx_word' id='word_1_477' title='bbox 965 1153 1047 1176; x_wconf 81' lang='lat' dir='ltr'><strong>tatem</strong></span> <span class='ocrx_word' id='word_1_478' title='bbox 1065 1150 1159 1177; x_wconf 72' lang='lat' dir='ltr'><strong>volens</strong></span> <span class='ocrx_word' id='word_1_479' title='bbox 1181 1150 1335 1178; x_wconf 83' lang='lat' dir='ltr'><strong>ostendere.</strong></span> <span class='ocrx_word' id='word_1_480' title='bbox 1351 1151 1477 1178; x_wconf 85' lang='lat' dir='ltr'><strong>Arbitror</strong></span> <span class='ocrx_word' id='word_1_481' title='bbox 1506 1156 1595 1178; x_wconf 84' lang='lat' dir='ltr'><strong>autem</strong></span> <span class='ocrx_word' id='word_1_482' title='bbox 1623 1154 1755 1186; x_wconf 82' lang='lat' dir='ltr'><strong>quosdam</strong></span> 
     </span>
    </p>
   </div>
   <div class='ocr_carea' id='block_1_64' title="bbox 964 1195 1757 1232">
    <p class='ocr_par' dir='ltr' id='par_1_64' title="bbox 964 1195 1757 1232">
     <span class='ocr_line' id='line_1_64' title="bbox 964 1195 1757 1232; baseline 0.005 -10"><span class='ocrx_word' id='word_1_483' title='bbox 964 1195 1008 1222; x_wconf 88' lang='lat' dir='ltr'><strong>hic</strong></span> <span class='ocrx_word' id='word_1_484' title='bbox 1023 1200 1171 1229; x_wconf 62' lang='lat' dir='ltr'><strong>praesentes</strong></span> <span class='ocrx_word' id='word_1_485' title='bbox 1182 1195 1326 1224; x_wconf 81' lang='lat' dir='ltr'><strong>dilucidius</strong></span> <span class='ocrx_word' id='word_1_486' title='bbox 1339 1196 1395 1224; x_wconf 56' lang='lat' dir='ltr'><strong>hac</strong></span> <span class='ocrx_word' id='word_1_487' title='bbox 1408 1197 1501 1226; x_wconf 73' lang='lat' dir='ltr'><strong>audire</strong></span> <span class='ocrx_word' id='word_1_488' title='bbox 1516 1205 1616 1232; x_wconf 83' lang='lat' dir='ltr'><strong>cupere</strong></span> <span class='ocrx_word' id='word_1_489' title='bbox 1637 1207 1644 1231; x_wconf 87' lang='lat'><strong>;</strong></span> <span class='ocrx_word' id='word_1_490' title='bbox 1660 1198 1757 1232; x_wconf 76' lang='lat' dir='ltr'><strong>quibus</strong></span> 
     </span>
    </p>
   </div>
   <div class='ocr_carea' id='block_1_65' title="bbox 962 1242 1755 1278">
    <p class='ocr_par' dir='ltr' id='par_1_65' title="bbox 962 1242 1755 1278">
     <span class='ocr_line' id='line_1_65' title="bbox 962 1242 1755 1278; baseline 0.003 -10"><span class='ocrx_word' id='word_1_491' title='bbox 962 1242 1084 1276; x_wconf 84' lang='lat' dir='ltr'><strong>equidem</strong></span> <span class='ocrx_word' id='word_1_492' title='bbox 1112 1242 1331 1276; x_wconf 77' lang='lat' dir='ltr'><strong>gratiﬁcaudutn,</strong></span> <span class='ocrx_word' id='word_1_493' title='bbox 1358 1243 1422 1270; x_wconf 91' lang='lat' dir='ltr'><strong>dum</strong></span> <span class='ocrx_word' id='word_1_494' title='bbox 1447 1243 1514 1270; x_wconf 85' lang='lat' dir='ltr'><strong>satis</strong></span> <span class='ocrx_word' id='word_1_495' title='bbox 1538 1244 1579 1271; x_wconf 88' lang='lat' dir='ltr'><strong>eis</strong></span> <span class='ocrx_word' id='word_1_496' title='bbox 1596 1245 1651 1278; x_wconf 84' lang='lat' dir='ltr'><strong>iiat,</strong></span> <span class='ocrx_word' id='word_1_497' title='bbox 1682 1249 1755 1278; x_wconf 89' lang='lat' dir='ltr'><strong>puto.</strong></span> 
     </span>
    </p>
   </div>
   <div class='ocr_carea' id='block_1_66' title="bbox 962 1287 1758 1324">
    <p class='ocr_par' dir='ltr' id='par_1_66' title="bbox 962 1287 1758 1324">
     <span class='ocr_line' id='line_1_66' title="bbox 962 1287 1758 1324; baseline 0.005 -10"><span class='ocrx_word' id='word_1_498' title='bbox 962 1287 1142 1321; x_wconf 80' lang='lat' dir='ltr'><strong>Quamobrem</strong></span> <span class='ocrx_word' id='word_1_499' title='bbox 1176 1287 1297 1322; x_wconf 80' lang='lat' dir='ltr'><strong>pluribus</strong></span> <span class='ocrx_word' id='word_1_500' title='bbox 1321 1296 1429 1316; x_wconf 88' lang='lat' dir='ltr'><strong>omnem</strong></span> <span class='ocrx_word' id='word_1_501' title='bbox 1459 1289 1591 1317; x_wconf 87' lang='lat' dir='ltr'><strong>rationem</strong></span> <span class='ocrx_word' id='word_1_502' title='bbox 1618 1290 1758 1324; x_wconf 78' lang='lat' dir='ltr'><strong>explicans</strong></span> 
     </span>
    </p>
   </div>
   <div class='ocr_carea' id='block_1_67' title="bbox 963 1335 1757 1368">
    <p class='ocr_par' dir='ltr' id='par_1_67' title="bbox 963 1335 1757 1368">
     <span class='ocr_line' id='line_1_67' title="bbox 963 1335 1757 1368; baseline 0.004 -8"><span class='ocrx_word' id='word_1_503' title='bbox 963 1338 1036 1361; x_wconf 89' lang='lat' dir='ltr'><strong>recte</strong></span> <span class='ocrx_word' id='word_1_504' title='bbox 1056 1338 1241 1367; x_wconf 81' lang='lat' dir='ltr'><strong>comparatam</strong></span> <span class='ocrx_word' id='word_1_505' title='bbox 1267 1341 1328 1362; x_wconf 87' lang='lat' dir='ltr'><strong>esse</strong></span> <span class='ocrx_word' id='word_1_506' title='bbox 1358 1335 1520 1362; x_wconf 85' lang='lat' dir='ltr'><strong>sententiam</strong></span> <span class='ocrx_word' id='word_1_507' title='bbox 1532 1355 1539 1368; x_wconf 96' lang='lat'><strong>,</strong></span> <span class='ocrx_word' id='word_1_508' title='bbox 1556 1337 1720 1363; x_wconf 77' lang='lat' dir='ltr'><strong>necessariis</strong></span> <span class='ocrx_word' id='word_1_509' title='bbox 1730 1340 1757 1363; x_wconf 87' lang='lat' dir='ltr'><strong>et</strong></span> 
     </span>
    </p>
   </div>
   <div class='ocr_carea' id='block_1_68' title="bbox 961 1379 1756 1415">
    <p class='ocr_par' dir='ltr' id='par_1_68' title="bbox 961 1379 1756 1415">
     <span class='ocr_line' id='line_1_68' title="bbox 961 1379 1756 1415; baseline 0.003 -9"><span class='ocrx_word' id='word_1_510' title='bbox 961 1379 1196 1412; x_wconf 83' lang='lat' dir='ltr'><strong>convenientibus,</strong></span> <span class='ocrx_word' id='word_1_511' title='bbox 1222 1384 1252 1406; x_wconf 93' lang='lat' dir='ltr'><strong>ut</strong></span> <span class='ocrx_word' id='word_1_512' title='bbox 1279 1380 1408 1413; x_wconf 84' lang='lat' dir='ltr'><strong>arbitror,</strong></span> <span class='ocrx_word' id='word_1_513' title='bbox 1431 1381 1597 1414; x_wconf 71' lang='lat' dir='ltr'><strong>argumentis</strong></span> <span class='ocrx_word' id='word_1_514' title='bbox 1625 1380 1756 1415; x_wconf 86' lang='lat' dir='ltr'><strong>probabo-</strong></span> 
     </span>
    </p>
   </div>
   <div class='ocr_carea' id='block_1_69' title="bbox 970 1423 1757 1461">
    <p class='ocr_par' dir='ltr' id='par_1_69' title="bbox 970 1423 1757 1461">
     <span class='ocr_line' id='line_1_69' title="bbox 970 1423 1757 1461; baseline 0.004 -11"><span class='ocrx_word' id='word_1_515' title='bbox 970 1423 1130 1459; x_wconf 81' lang='lat' dir='ltr'><strong>Quanquam</strong></span> <span class='ocrx_word' id='word_1_516' title='bbox 1153 1433 1209 1452; x_wconf 88' lang='lat' dir='ltr'><strong>rem</strong></span> <span class='ocrx_word' id='word_1_517' title='bbox 1234 1425 1313 1453; x_wconf 81' lang='lat' dir='ltr'><strong>valde</strong></span> <span class='ocrx_word' id='word_1_518' title='bbox 1339 1427 1512 1461; x_wconf 78' lang='lat' dir='ltr'><strong>perspicuam</strong></span> <span class='ocrx_word' id='word_1_519' title='bbox 1538 1433 1663 1454; x_wconf 85' lang='lat' dir='ltr'><strong>astruere</strong></span> <span class='ocrx_word' id='word_1_520' title='bbox 1691 1427 1757 1454; x_wconf 86' lang='lat' dir='ltr'><strong>mihi</strong></span> 
     </span>
    </p>
   </div>
   <div class='ocr_carea' id='block_1_70' title="bbox 962 1470 1755 1508">
    <p class='ocr_par' dir='ltr' id='par_1_70' title="bbox 962 1470 1755 1508">
     <span class='ocr_line' id='line_1_70' title="bbox 962 1470 1755 1508; baseline 0.001 -10"><span class='ocrx_word' id='word_1_521' title='bbox 962 1470 1031 1498; x_wconf 81' lang='lat' dir='ltr'><strong>velle</strong></span> <span class='ocrx_word' id='word_1_522' title='bbox 1046 1471 1149 1504; x_wconf 80' lang='lat' dir='ltr'><strong>videor,</strong></span> <span class='ocrx_word' id='word_1_523' title='bbox 1163 1471 1339 1499; x_wconf 85' lang='lat' dir='ltr'><strong>nihilominus</strong></span> <span class='ocrx_word' id='word_1_524' title='bbox 1354 1473 1454 1500; x_wconf 86' lang='lat' dir='ltr'><strong>bonum</strong></span> <span class='ocrx_word' id='word_1_525' title='bbox 1470 1478 1512 1500; x_wconf 86' lang='lat' dir='ltr'><strong>est</strong></span> <span class='ocrx_word' id='word_1_526' title='bbox 1530 1474 1589 1501; x_wconf 80' lang='lat' dir='ltr'><strong>haec</strong></span> <span class='ocrx_word' id='word_1_527' title='bbox 1603 1473 1755 1508; x_wconf 77' lang='lat' dir='ltr'><strong>explicare.</strong></span> 
     </span>
    </p>
   </div>
   <div class='ocr_carea' id='block_1_71' title="bbox 965 1516 1755 1553">
    <p class='ocr_par' dir='ltr' id='par_1_71' title="bbox 965 1516 1755 1553">
     <span class='ocr_line' id='line_1_71' title="bbox 965 1516 1755 1553; baseline 0.004 -10"><span class='ocrx_word' id='word_1_528' title='bbox 965 1516 1090 1550; x_wconf 85' lang='lat' dir='ltr'><strong>quodque</strong></span> <span class='ocrx_word' id='word_1_529' title='bbox 1103 1523 1151 1550; x_wconf 89' lang='lat' dir='ltr'><strong>per</strong></span> <span class='ocrx_word' id='word_1_530' title='bbox 1167 1524 1196 1544; x_wconf 90' lang='lat' dir='ltr'><strong>se</strong></span> <span class='ocrx_word' id='word_1_531' title='bbox 1208 1517 1333 1544; x_wconf 86' lang='lat' dir='ltr'><strong>consistit</strong></span> <span class='ocrx_word' id='word_1_532' title='bbox 1346 1525 1378 1544; x_wconf 83' lang='lat' dir='ltr'><strong>ex</strong></span> <span class='ocrx_word' id='word_1_533' title='bbox 1399 1518 1431 1545; x_wconf 83' lang='lat' dir='ltr'><strong>iis</strong></span> <span class='ocrx_word' id='word_1_534' title='bbox 1444 1526 1503 1553; x_wconf 66' lang='lat' dir='ltr'><strong>qua:</strong></span> <span class='ocrx_word' id='word_1_535' title='bbox 1522 1519 1578 1553; x_wconf 81' lang='lat' dir='ltr'><strong>jam</strong></span> <span class='ocrx_word' id='word_1_536' title='bbox 1596 1520 1667 1546; x_wconf 86' lang='lat' dir='ltr'><strong>dicta</strong></span> <span class='ocrx_word' id='word_1_537' title='bbox 1681 1524 1755 1549; x_wconf 86' lang='lat' dir='ltr'><strong>sunt,</strong></span> 
     </span>
    </p>
   </div>
   <div class='ocr_carea' id='block_1_72' title="bbox 965 1563 1758 1601">
    <p class='ocr_par' dir='ltr' id='par_1_72' title="bbox 965 1563 1758 1601">
     <span class='ocr_line' id='line_1_72' title="bbox 965 1563 1758 1601; baseline 0.004 -11"><span class='ocrx_word' id='word_1_538' title='bbox 965 1569 1013 1597; x_wconf 87' lang='lat' dir='ltr'><strong>per</strong></span> <span class='ocrx_word' id='word_1_539' title='bbox 1029 1569 1214 1595; x_wconf 89' lang='lat' dir='ltr'><strong>communem,</strong></span> <span class='ocrx_word' id='word_1_540' title='bbox 1231 1568 1261 1590; x_wconf 94' lang='lat' dir='ltr'><strong>ut</strong></span> <span class='ocrx_word' id='word_1_541' title='bbox 1289 1563 1326 1590; x_wconf 91' lang='lat' dir='ltr'><strong>ita</strong></span> <span class='ocrx_word' id='word_1_542' title='bbox 1351 1564 1479 1597; x_wconf 77' lang='lat' dir='ltr'><strong>dixerim,</strong></span> <span class='ocrx_word' id='word_1_543' title='bbox 1509 1566 1647 1593; x_wconf 75' lang='lat' dir='ltr'><strong>notionem</strong></span> <span class='ocrx_word' id='word_1_544' title='bbox 1675 1571 1758 1601; x_wconf 87' lang='lat' dir='ltr'><strong>atque</strong></span> 
     </span>
    </p>
   </div>
   <div class='ocr_carea' id='block_1_73' title="bbox 964 1609 1757 1644">
    <p class='ocr_par' dir='ltr' id='par_1_73' title="bbox 964 1609 1757 1644">
     <span class='ocr_line' id='line_1_73' title="bbox 964 1609 1757 1644; baseline 0.004 -8"><span class='ocrx_word' id='word_1_545' title='bbox 964 1609 1139 1640; x_wconf 85' lang='lat' dir='ltr'><strong>sententiam.</strong></span> <span class='ocrx_word' id='word_1_546' title='bbox 1167 1609 1251 1644; x_wconf 74' lang='lat' dir='ltr'><strong>magis</strong></span> <span class='ocrx_word' id='word_1_547' title='bbox 1283 1610 1364 1637; x_wconf 89' lang='lat' dir='ltr'><strong>etiam</strong></span> <span class='ocrx_word' id='word_1_548' title='bbox 1387 1612 1579 1638; x_wconf 84' lang='lat' dir='ltr'><strong>consentaneis</strong></span> <span class='ocrx_word' id='word_1_549' title='bbox 1604 1612 1757 1639; x_wconf 83' lang='lat' dir='ltr'><strong>ratiunibns</strong></span> 
     </span>
    </p>
   </div>
   <div class='ocr_carea' id='block_1_74' title="bbox 965 1655 1756 1692">
    <p class='ocr_par' dir='ltr' id='par_1_74' title="bbox 965 1655 1756 1692">
     <span class='ocr_line' id='line_1_74' title="bbox 965 1655 1756 1692; baseline 0.005 -11"><span class='ocrx_word' id='word_1_550' title='bbox 965 1656 1092 1690; x_wconf 79' lang='lat' dir='ltr'><strong>probare,</strong></span> <span class='ocrx_word' id='word_1_551' title='bbox 1109 1655 1216 1682; x_wconf 86' lang='lat' dir='ltr'><strong>diversa</strong></span> <span class='ocrx_word' id='word_1_552' title='bbox 1241 1663 1289 1690; x_wconf 86' lang='lat' dir='ltr'><strong>per</strong></span> <span class='ocrx_word' id='word_1_553' title='bbox 1307 1660 1476 1690; x_wconf 80' lang='lat' dir='ltr'><strong>argumenta.</strong></span> <span class='ocrx_word' id='word_1_554' title='bbox 1493 1657 1560 1684; x_wconf 80' lang='lat' dir='ltr'><strong>Nam</strong></span> <span class='ocrx_word' id='word_1_555' title='bbox 1586 1658 1656 1692; x_wconf 87' lang='lat' dir='ltr'><strong>quod</strong></span> <span class='ocrx_word' id='word_1_556' title='bbox 1672 1658 1756 1685; x_wconf 88' lang='lat' dir='ltr'><strong>rebus</strong></span> 
     </span>
    </p>
   </div>
   <div class='ocr_carea' id='block_1_75' title="bbox 965 1702 1755 1739">
    <p class='ocr_par' dir='ltr' id='par_1_75' title="bbox 965 1702 1755 1739">
     <span class='ocr_line' id='line_1_75' title="bbox 965 1702 1755 1739; baseline 0.004 -10"><span class='ocrx_word' id='word_1_557' title='bbox 965 1702 1071 1730; x_wconf 83' lang='lat' dir='ltr'><strong>duabus</strong></span> <span class='ocrx_word' id='word_1_558' title='bbox 1085 1706 1203 1734; x_wconf 81' lang='lat' dir='ltr'><strong>constat,</strong></span> <span class='ocrx_word' id='word_1_559' title='bbox 1217 1702 1285 1730; x_wconf 90' lang='lat' dir='ltr'><strong>duos</strong></span> <span class='ocrx_word' id='word_1_560' title='bbox 1299 1702 1443 1737; x_wconf 86' lang='lat' dir='ltr'><strong>quosdam,</strong></span> <span class='ocrx_word' id='word_1_561' title='bbox 1456 1708 1484 1730; x_wconf 87' lang='lat' dir='ltr'><strong>ttt</strong></span> <span class='ocrx_word' id='word_1_562' title='bbox 1501 1703 1538 1730; x_wconf 90' lang='lat' dir='ltr'><strong>ita</strong></span> <span class='ocrx_word' id='word_1_563' title='bbox 1555 1703 1655 1736; x_wconf 83' lang='lat' dir='ltr'><strong>dica&#39;m,</strong></span> <span class='ocrx_word' id='word_1_564' title='bbox 1670 1705 1755 1739; x_wconf 85' lang='lat' dir='ltr'><strong>pedes</strong></span> 
     </span>
    </p>
   </div>
   <div class='ocr_carea' id='block_1_76' title="bbox 964 1746 1756 1785">
    <p class='ocr_par' dir='ltr' id='par_1_76' title="bbox 964 1746 1756 1785">
     <span class='ocr_line' id='line_1_76' title="bbox 964 1746 1756 1785; baseline 0.001 -9"><span class='ocrx_word' id='word_1_565' title='bbox 964 1749 1076 1782; x_wconf 81' lang='lat' dir='ltr'><strong>habens,</strong></span> <span class='ocrx_word' id='word_1_566' title='bbox 1104 1749 1303 1784; x_wconf 88' lang='lat' dir='ltr'><strong>quodammodo</strong></span> <span class='ocrx_word' id='word_1_567' title='bbox 1334 1746 1459 1777; x_wconf 82' lang='lat' dir='ltr'><strong>stabilius</strong></span> <span class='ocrx_word' id='word_1_568' title='bbox 1493 1755 1534 1777; x_wconf 85' lang='lat' dir='ltr'><strong>est</strong></span> <span class='ocrx_word' id='word_1_569' title='bbox 1564 1757 1596 1778; x_wconf 90' lang='lat' dir='ltr'><strong>eo</strong></span> <span class='ocrx_word' id='word_1_570' title='bbox 1620 1750 1691 1785; x_wconf 89' lang='lat' dir='ltr'><strong>quod</strong></span> <span class='ocrx_word' id='word_1_571' title='bbox 1708 1758 1756 1785; x_wconf 88' lang='lat' dir='ltr'><strong>per</strong></span> 
     </span>
    </p>
   </div>
   <div class='ocr_carea' id='block_1_77' title="bbox 964 1796 1756 1832">
    <p class='ocr_par' dir='ltr' id='par_1_77' title="bbox 964 1796 1756 1832">
     <span class='ocr_line' id='line_1_77' title="bbox 964 1796 1756 1832; baseline 0.001 -8"><span class='ocrx_word' id='word_1_572' title='bbox 964 1804 1047 1824; x_wconf 90' lang='lat' dir='ltr'><strong>unum</strong></span> <span class='ocrx_word' id='word_1_573' title='bbox 1062 1796 1176 1832; x_wconf 84' lang='lat' dir='ltr'><strong>aliquid,</strong></span> <span class='ocrx_word' id='word_1_574' title='bbox 1190 1796 1262 1823; x_wconf 88' lang='lat' dir='ltr'><strong>velut</strong></span> <span class='ocrx_word' id='word_1_575' title='bbox 1275 1803 1306 1823; x_wconf 82' lang='lat' dir='ltr'><strong>ex</strong></span> <span class='ocrx_word' id='word_1_576' title='bbox 1318 1797 1442 1829; x_wconf 81' lang='lat' dir='ltr'><strong>semisse,</strong></span> <span class='ocrx_word' id='word_1_577' title='bbox 1456 1797 1588 1831; x_wconf 79' lang='lat' dir='ltr'><strong>quasique</strong></span> <span class='ocrx_word' id='word_1_578' title='bbox 1603 1798 1670 1832; x_wconf 85' lang='lat' dir='ltr'><strong>pede</strong></span> <span class='ocrx_word' id='word_1_579' title='bbox 1683 1799 1756 1825; x_wconf 88' lang='lat' dir='ltr'><strong>dun-</strong></span> 
     </span>
    </p>
   </div>
   <div class='ocr_carea' id='block_1_78' title="bbox 966 1841 1752 1878">
    <p class='ocr_par' dir='ltr' id='par_1_78' title="bbox 966 1841 1752 1878">
     <span class='ocr_line' id='line_1_78' title="bbox 966 1841 1752 1878; baseline 0 -8"><span class='ocrx_word' id='word_1_580' title='bbox 966 1847 1042 1870; x_wconf 82' lang='lat' dir='ltr'><strong>taxat</strong></span> <span class='ocrx_word' id='word_1_581' title='bbox 1057 1850 1112 1869; x_wconf 88' lang='lat' dir='ltr'><strong>uno</strong></span> <span class='ocrx_word' id='word_1_582' title='bbox 1132 1841 1270 1869; x_wconf 88' lang='lat' dir='ltr'><strong>consistit.</strong></span> <span class='ocrx_word' id='word_1_583' title='bbox 1291 1842 1367 1875; x_wconf 79' lang='lat' dir='ltr'><strong>Quod</strong></span> <span class='ocrx_word' id='word_1_584' title='bbox 1382 1843 1404 1869; x_wconf 88' lang='lat' dir='ltr'><strong>si</strong></span> <span class='ocrx_word' id='word_1_585' title='bbox 1422 1844 1505 1869; x_wconf 88' lang='lat' dir='ltr'><strong>etiam</strong></span> <span class='ocrx_word' id='word_1_586' title='bbox 1523 1843 1645 1878; x_wconf 90' lang='lat' dir='ltr'><strong>pluribus</strong></span> <span class='ocrx_word' id='word_1_587' title='bbox 1673 1843 1752 1870; x_wconf 82' lang='lat' dir='ltr'><strong>fulci-</strong></span> 
     </span>
    </p>
   </div>
   <div class='ocr_carea' id='block_1_79' title="bbox 966 1888 1754 1923">
    <p class='ocr_par' dir='ltr' id='par_1_79' title="bbox 966 1888 1754 1923">
     <span class='ocr_line' id='line_1_79' title="bbox 966 1888 1754 1923; baseline 0 -6"><span class='ocrx_word' id='word_1_588' title='bbox 966 1894 1022 1921; x_wconf 88' lang='lat' dir='ltr'><strong>tur,</strong></span> <span class='ocrx_word' id='word_1_589' title='bbox 1039 1890 1119 1923; x_wconf 75' lang='lat' dir='ltr'><strong>l0uge</strong></span> <span class='ocrx_word' id='word_1_590' title='bbox 1139 1888 1165 1915; x_wconf 87' lang='lat' dir='ltr'><strong>id</strong></span> <span class='ocrx_word' id='word_1_591' title='bbox 1189 1895 1297 1923; x_wconf 85' lang='lat' dir='ltr'><strong>quoque</strong></span> <span class='ocrx_word' id='word_1_592' title='bbox 1313 1888 1410 1916; x_wconf 86' lang='lat' dir='ltr'><strong>melius</strong></span> <span class='ocrx_word' id='word_1_593' title='bbox 1432 1894 1484 1916; x_wconf 79' lang='lat' dir='ltr'><strong>est.</strong></span> <span class='ocrx_word' id='word_1_594' title='bbox 1510 1889 1542 1916; x_wconf 88' lang='lat' dir='ltr'><strong>Et</strong></span> <span class='ocrx_word' id='word_1_595' title='bbox 1570 1890 1754 1918; x_wconf 85' lang='lat' dir='ltr'><strong>consideratio</strong></span> 
     </span>
    </p>
   </div>
   <div class='ocr_carea' id='block_1_80' title="bbox 124 1936 1755 1973">
    <p class='ocr_par' dir='ltr' id='par_1_80' title="bbox 124 1936 1755 1973">
     <span class='ocr_line' id='line_1_80' title="bbox 124 1936 1755 1973; baseline 0.001 -10"><span class='ocrx_word' id='word_1_596' title='bbox 124 1944 189 1964; x_wconf 84' lang='lat' dir='ltr'><strong>sane</strong></span> <span class='ocrx_word' id='word_1_597' title='bbox 214 1941 307 1964; x_wconf 87' lang='lat' dir='ltr'><strong>nostra</strong></span> <span class='ocrx_word' id='word_1_598' title='bbox 333 1937 384 1964; x_wconf 88' lang='lat' dir='ltr'><strong>hoc</strong></span> <span class='ocrx_word' id='word_1_599' title='bbox 403 1937 518 1971; x_wconf 82' lang='lat' dir='ltr'><strong>quodam</strong></span> <span class='ocrx_word' id='word_1_600' title='bbox 537 1939 616 1965; x_wconf 88' lang='lat' dir='ltr'><strong>modo</strong></span> <span class='ocrx_word' id='word_1_601' title='bbox 630 1938 798 1965; x_wconf 84' lang='lat' dir='ltr'><strong>instituatur.</strong></span> <span class='ocrx_word' id='word_1_602' title='bbox 815 1937 959 1965; x_wconf 89' lang='lat' dir='ltr'><strong>Ordiamur</strong></span> <span class='ocrx_word' id='word_1_603' title='bbox 992 1940 1082 1962; x_wconf 84' lang='lat' dir='ltr'><strong>autem</strong></span> <span class='ocrx_word' id='word_1_604' title='bbox 1105 1942 1197 1962; x_wconf 83' lang='lat' dir='ltr'><strong>rursus</strong></span> <span class='ocrx_word' id='word_1_605' title='bbox 1229 1943 1261 1962; x_wconf 80' lang='lat' dir='ltr'><strong>ex</strong></span> <span class='ocrx_word' id='word_1_606' title='bbox 1293 1936 1540 1970; x_wconf 87' lang='lat' dir='ltr'><strong>antecedentibus;</strong></span> <span class='ocrx_word' id='word_1_607' title='bbox 1562 1938 1661 1973; x_wconf 88' lang='lat' dir='ltr'><strong>quippe</strong></span> <span class='ocrx_word' id='word_1_608' title='bbox 1692 1937 1755 1965; x_wconf 82' lang='lat' dir='ltr'><strong>fun-</strong></span> 
     </span>
    </p>
   </div>
   <div class='ocr_carea' id='block_1_81' title="bbox 124 1982 1754 2020">
    <p class='ocr_par' dir='ltr' id='par_1_81' title="bbox 124 1982 1754 2020">
     <span class='ocr_line' id='line_1_81' title="bbox 124 1982 1754 2020; baseline 0.002 -9"><span class='ocrx_word' id='word_1_609' title='bbox 124 1985 279 2011; x_wconf 56' lang='lat' dir='ltr'><strong>damentum</strong></span> <span class='ocrx_word' id='word_1_610' title='bbox 294 1985 366 2011; x_wconf 90' lang='lat' dir='ltr'><strong>aliud</strong></span> <span class='ocrx_word' id='word_1_611' title='bbox 380 1985 443 2020; x_wconf 90' lang='lat' dir='ltr'><strong>poni</strong></span> <span class='ocrx_word' id='word_1_612' title='bbox 459 1986 552 2020; x_wconf 88' lang='lat' dir='ltr'><strong>nequit</strong></span> <span class='ocrx_word' id='word_1_613' title='bbox 563 1987 724 2020; x_wconf 87' lang='lat' dir='ltr'><strong>quamquod</strong></span> <span class='ocrx_word' id='word_1_614' title='bbox 738 1986 840 2019; x_wconf 72' lang='lat' dir='ltr'><strong>iactum</strong></span> <span class='ocrx_word' id='word_1_615' title='bbox 857 1990 909 2017; x_wconf 88' lang='lat' dir='ltr'><strong>est,</strong></span> <span class='ocrx_word' id='word_1_616' title='bbox 949 1990 978 2012; x_wconf 91' lang='lat' dir='ltr'><strong>ut</strong></span> <span class='ocrx_word' id='word_1_617' title='bbox 1013 1983 1089 2010; x_wconf 81' lang='lat' dir='ltr'><strong>Pauli</strong></span> <span class='ocrx_word' id='word_1_618' title='bbox 1112 1982 1204 2010; x_wconf 88' lang='lat' dir='ltr'><strong>verbis</strong></span> <span class='ocrx_word' id='word_1_619' title='bbox 1228 1987 1298 2010; x_wconf 87' lang='lat' dir='ltr'><strong>utar.</strong></span> <span class='ocrx_word' id='word_1_620' title='bbox 1316 1984 1348 2011; x_wconf 86' lang='lat' dir='ltr'><strong>Et</strong></span> <span class='ocrx_word' id='word_1_621' title='bbox 1372 1985 1430 2019; x_wconf 87' lang='lat' dir='ltr'><strong>ipsa</strong></span> <span class='ocrx_word' id='word_1_622' title='bbox 1458 1985 1546 2012; x_wconf 87' lang='lat' dir='ltr'><strong>oratio</strong></span> <span class='ocrx_word' id='word_1_623' title='bbox 1575 1987 1616 2012; x_wconf 86' lang='lat' dir='ltr'><strong>via</strong></span> <span class='ocrx_word' id='word_1_624' title='bbox 1637 1987 1754 2020; x_wconf 77' lang='lat' dir='ltr'><strong>quatiant</strong></span> 
     </span>
    </p>
   </div>
   <div class='ocr_carea' id='block_1_82' title="bbox 125 2031 1514 2068">
    <p class='ocr_par' dir='ltr' id='par_1_82' title="bbox 125 2031 1514 2068">
     <span class='ocr_line' id='line_1_82' title="bbox 125 2031 1514 2068; baseline 0.002 -12"><span class='ocrx_word' id='word_1_625' title='bbox 125 2031 283 2064; x_wconf 88' lang='lat' dir='ltr'><strong>rationeque</strong></span> <span class='ocrx_word' id='word_1_626' title='bbox 307 2032 507 2065; x_wconf 70' lang='lat' dir='ltr'><strong>progrediente,</strong></span> <span class='ocrx_word' id='word_1_627' title='bbox 526 2032 677 2065; x_wconf 88' lang='lat' dir='ltr'><strong>opitulante</strong></span> <span class='ocrx_word' id='word_1_628' title='bbox 704 2032 768 2065; x_wconf 84' lang='lat' dir='ltr'><strong>DeoI</strong></span> <span class='ocrx_word' id='word_1_629' title='bbox 802 2032 1004 2063; x_wconf 79' lang='lat' dir='ltr'><strong>compendiarie</strong></span> <span class='ocrx_word' id='word_1_630' title='bbox 1030 2031 1101 2065; x_wconf 87' lang='lat' dir='ltr'><strong>quod</strong></span> <span class='ocrx_word' id='word_1_631' title='bbox 1135 2034 1250 2058; x_wconf 80' lang='lat' dir='ltr'><strong>rectum</strong></span> <span class='ocrx_word' id='word_1_632' title='bbox 1282 2031 1335 2058; x_wconf 88' lang='lat' dir='ltr'><strong>erit</strong></span> <span class='ocrx_word' id='word_1_633' title='bbox 1367 2037 1514 2068; x_wconf 79' lang='lat' dir='ltr'><strong>exponet:</strong></span> 
     </span>
    </p>
   </div>
   <div class='ocr_carea' id='block_1_83' title="bbox 1557 2033 1755 2060">
    <p class='ocr_par' dir='ltr' id='par_1_83' title="bbox 1557 2033 1755 2060">
     <span class='ocr_line' id='line_1_83' title="bbox 1557 2033 1755 2060; baseline 0 -1"><span class='ocrx_word' id='word_1_634' title='bbox 1557 2033 1755 2060; x_wconf 62' lang='lat' dir='ltr'><strong>demenstratis</strong></span> 
     </span>
    </p>
   </div>
   <div class='ocr_carea' id='block_1_84' title="bbox 125 2076 1753 2114">
    <p class='ocr_par' dir='ltr' id='par_1_84' title="bbox 125 2076 1753 2114">
     <span class='ocr_line' id='line_1_84' title="bbox 125 2076 1753 2114; baseline 0.002 -12"><span class='ocrx_word' id='word_1_635' title='bbox 125 2076 187 2109; x_wconf 79' lang='lat' dir='ltr'><strong>illis,</strong></span> <span class='ocrx_word' id='word_1_636' title='bbox 203 2077 301 2110; x_wconf 87' lang='lat' dir='ltr'><strong>quibus</strong></span> <span class='ocrx_word' id='word_1_637' title='bbox 314 2085 367 2103; x_wconf 89' lang='lat' dir='ltr'><strong>nun</strong></span> <span class='ocrx_word' id='word_1_638' title='bbox 389 2077 520 2111; x_wconf 85' lang='lat' dir='ltr'><strong>probatis,</strong></span> <span class='ocrx_word' id='word_1_639' title='bbox 543 2078 614 2104; x_wconf 84' lang='lat' dir='ltr'><strong>haud</strong></span> <span class='ocrx_word' id='word_1_640' title='bbox 633 2078 700 2105; x_wconf 87' lang='lat' dir='ltr'><strong>satis</strong></span> <span class='ocrx_word' id='word_1_641' title='bbox 718 2078 788 2106; x_wconf 87' lang='lat' dir='ltr'><strong>bene</strong></span> <span class='ocrx_word' id='word_1_642' title='bbox 811 2083 960 2106; x_wconf 77' lang='lat' dir='ltr'><strong>constituta</strong></span> <span class='ocrx_word' id='word_1_643' title='bbox 981 2086 1042 2114; x_wconf 77' lang='lat' dir='ltr'><strong>quze</strong></span> <span class='ocrx_word' id='word_1_644' title='bbox 1062 2079 1186 2107; x_wconf 78' lang='lat' dir='ltr'><strong>dicentur</strong></span> <span class='ocrx_word' id='word_1_645' title='bbox 1206 2081 1291 2107; x_wconf 78' lang='lat' dir='ltr'><strong>videri</strong></span> <span class='ocrx_word' id='word_1_646' title='bbox 1331 2083 1442 2114; x_wconf 88' lang='lat' dir='ltr'><strong>queaut,</strong></span> <span class='ocrx_word' id='word_1_647' title='bbox 1485 2079 1631 2112; x_wconf 83' lang='lat' dir='ltr'><strong>multisque</strong></span> <span class='ocrx_word' id='word_1_648' title='bbox 1666 2079 1753 2106; x_wconf 73' lang='lat' dir='ltr'><strong>sileri--</strong></span> 
     </span>
    </p>
   </div>
   <div class='ocr_carea' id='block_1_85' title="bbox 125 2122 1754 2161">
    <p class='ocr_par' dir='ltr' id='par_1_85' title="bbox 125 2122 1754 2161">
     <span class='ocr_line' id='line_1_85' title="bbox 125 2122 1754 2161; baseline 0.002 -13"><span class='ocrx_word' id='word_1_649' title='bbox 125 2122 162 2149; x_wconf 84' lang='lat' dir='ltr'><strong>tio</strong></span> <span class='ocrx_word' id='word_1_650' title='bbox 180 2122 336 2157; x_wconf 68' lang='lat' dir='ltr'><strong>praeteritis,</strong></span> <span class='ocrx_word' id='word_1_651' title='bbox 365 2130 424 2156; x_wconf 66' lang='lat' dir='ltr'><strong>quae</strong></span> <span class='ocrx_word' id='word_1_652' title='bbox 450 2123 556 2149; x_wconf 79' lang='lat' dir='ltr'><strong>tametsi</strong></span> <span class='ocrx_word' id='word_1_653' title='bbox 588 2123 690 2150; x_wconf 86' lang='lat' dir='ltr'><strong>vitandi</strong></span> <span class='ocrx_word' id='word_1_654' title='bbox 719 2124 790 2151; x_wconf 80' lang='lat' dir='ltr'><strong>t:et|ii</strong></span> <span class='ocrx_word' id='word_1_655' title='bbox 827 2131 908 2151; x_wconf 83' lang='lat' dir='ltr'><strong>causa</strong></span> <span class='ocrx_word' id='word_1_656' title='bbox 928 2125 1035 2159; x_wconf 68' lang='lat' dir='ltr'><strong>prolata</strong></span> <span class='ocrx_word' id='word_1_657' title='bbox 1053 2133 1104 2153; x_wconf 92' lang='lat' dir='ltr'><strong>non</strong></span> <span class='ocrx_word' id='word_1_658' title='bbox 1133 2126 1245 2160; x_wconf 80' lang='lat' dir='ltr'><strong>fuerint,</strong></span> <span class='ocrx_word' id='word_1_659' title='bbox 1264 2126 1365 2154; x_wconf 86' lang='lat' dir='ltr'><strong>nullum</strong></span> <span class='ocrx_word' id='word_1_660' title='bbox 1392 2130 1482 2153; x_wconf 89' lang='lat' dir='ltr'><strong>tamen</strong></span> <span class='ocrx_word' id='word_1_661' title='bbox 1499 2125 1638 2161; x_wconf 84' lang='lat' dir='ltr'><strong>proposito</strong></span> <span class='ocrx_word' id='word_1_662' title='bbox 1669 2132 1754 2161; x_wconf 88' lang='lat' dir='ltr'><strong>scopo</strong></span> 
     </span>
    </p>
   </div>
   <div class='ocr_carea' id='block_1_86' title="bbox 124 2171 631 2206">
    <p class='ocr_par' dir='ltr' id='par_1_86' title="bbox 124 2171 631 2206">
     <span class='ocr_line' id='line_1_86' title="bbox 124 2171 631 2206; baseline -0.002 -8"><span class='ocrx_word' id='word_1_663' title='bbox 124 2171 329 2203; x_wconf 83' lang='lat' dir='ltr'><strong>detrimentum,</strong></span> <span class='ocrx_word' id='word_1_664' title='bbox 345 2172 452 2206; x_wconf 89' lang='lat' dir='ltr'><strong>opinor,</strong></span> <span class='ocrx_word' id='word_1_665' title='bbox 479 2171 631 2203; x_wconf 79' lang='lat' dir='ltr'><strong>attulerint.</strong></span> 
     </span>
    </p>
   </div>
   <div class='ocr_carea' id='block_1_87' title="bbox 160 2218 910 2254">
    <p class='ocr_par' dir='ltr' id='par_1_87' title="bbox 160 2218 907 2253">
     <span class='ocr_line' id='line_1_87' title="bbox 160 2218 907 2253; baseline 0 -9"><span class='ocrx_word' id='word_1_666' title='bbox 160 2218 190 2244; x_wconf 83' lang='grc' dir='ltr'>Εί</span> <span class='ocrx_word' id='word_1_667' title='bbox 206 2218 272 2252; x_wconf 85' lang='grc' dir='ltr'>γοῦν</span> <span class='ocrx_word' id='word_1_668' title='bbox 292 2219 308 2252; x_wconf 84' lang='grc' dir='ltr'><strong>ἡ</strong></span> <span class='ocrx_word' id='word_1_669' title='bbox 326 2218 408 2252; x_wconf 74' lang='grc' dir='ltr'>φύσις</span> <span class='ocrx_word' id='word_1_670' title='bbox 433 2218 487 2244; x_wconf 85' lang='grc' dir='ltr'><strong>τῶν</strong></span> <span class='ocrx_word' id='word_1_671' title='bbox 501 2218 587 2244; x_wconf 72' lang='grc' dir='ltr'>ὀντων</span> <span class='ocrx_word' id='word_1_672' title='bbox 606 2218 681 2252; x_wconf 70' lang='grc' dir='ltr'>παρὰ</span> <span class='ocrx_word' id='word_1_673' title='bbox 710 2218 789 2251; x_wconf 76' lang='grc' dir='ltr'>Θεοῦ,</span> <span class='ocrx_word' id='word_1_674' title='bbox 819 2219 866 2246; x_wconf 71' lang='grc' dir='ltr'>καὶ</span> <span class='ocrx_word' id='word_1_675' title='bbox 891 2220 907 2253; x_wconf 78' lang='grc' dir='ltr'>ἡ</span> 
     </span>
    </p>
   </div>
   <div class='ocr_carea' id='block_1_88' title="bbox 963 2218 1753 2254">
    <p class='ocr_par' dir='ltr' id='par_1_88' title="bbox 1000 2218 1753 2254">
     <span class='ocr_line' id='line_1_88' title="bbox 1000 2218 1753 2254; baseline 0.003 -9"><span class='ocrx_word' id='word_1_676' title='bbox 1000 2218 1027 2245; x_wconf 91' lang='lat' dir='ltr'><strong>Si</strong></span> <span class='ocrx_word' id='word_1_677' title='bbox 1056 2225 1120 2254; x_wconf 80' lang='lat' dir='ltr'><strong>ergo</strong></span> <span class='ocrx_word' id='word_1_678' title='bbox 1154 2223 1249 2246; x_wconf 86' lang='lat' dir='ltr'><strong>natura</strong></span> <span class='ocrx_word' id='word_1_679' title='bbox 1273 2225 1364 2246; x_wconf 90' lang='lat' dir='ltr'><strong>rerum</strong></span> <span class='ocrx_word' id='word_1_680' title='bbox 1381 2226 1395 2245; x_wconf 89' lang='lat' dir='ltr'><strong>a</strong></span> <span class='ocrx_word' id='word_1_681' title='bbox 1411 2218 1467 2245; x_wconf 87' lang='lat' dir='ltr'><strong>Deo</strong></span> <span class='ocrx_word' id='word_1_682' title='bbox 1496 2221 1548 2250; x_wconf 86' lang='lat' dir='ltr'><strong>est,</strong></span> <span class='ocrx_word' id='word_1_683' title='bbox 1564 2222 1591 2245; x_wconf 89' lang='lat' dir='ltr'><strong>et</strong></span> <span class='ocrx_word' id='word_1_684' title='bbox 1615 2219 1753 2254; x_wconf 80' lang='lat' dir='ltr'><strong>appetitus</strong></span> 
     </span>
    </p>
   </div>
   <div class='ocr_carea' id='block_1_89' title="bbox 126 2263 910 2300">
    <p class='ocr_par' dir='ltr' id='par_1_89' title="bbox 126 2263 910 2300">
     <span class='ocr_line' id='line_1_89' title="bbox 126 2263 910 2300; baseline 0.003 -11"><span class='ocrx_word' id='word_1_685' title='bbox 126 2263 260 2298; x_wconf 67' lang='grc' dir='ltr'>ἐπιθυμία</span> <span class='ocrx_word' id='word_1_686' title='bbox 277 2263 345 2290; x_wconf 74' lang='grc' dir='ltr'>πᾶσι</span> <span class='ocrx_word' id='word_1_687' title='bbox 360 2264 417 2295; x_wconf 76' lang='grc' dir='ltr'>τοῖς</span> <span class='ocrx_word' id='word_1_688' title='bbox 430 2263 511 2294; x_wconf 79' lang='grc' dir='ltr'>ζώοις</span> <span class='ocrx_word' id='word_1_689' title='bbox 528 2264 708 2298; x_wconf 75' lang='grc' dir='ltr'>ὲνὲσπαρται,</span> <span class='ocrx_word' id='word_1_690' title='bbox 724 2264 851 2300; x_wconf 79' lang='grc' dir='ltr'>καθάπερ</span> <span class='ocrx_word' id='word_1_691' title='bbox 867 2265 910 2291; x_wconf 73' lang='grc' dir='ltr'><strong>καὶ</strong></span> 
     </span>
    </p>
   </div>
   <div class='ocr_carea' id='block_1_90' title="bbox 963 2263 1752 2300">
    <p class='ocr_par' dir='ltr' id='par_1_90' title="bbox 967 2264 1752 2297">
     <span class='ocr_line' id='line_1_90' title="bbox 967 2264 1752 2297; baseline 0.003 -7"><span class='ocrx_word' id='word_1_692' title='bbox 967 2265 1074 2291; x_wconf 83' lang='lat' dir='ltr'><strong>cunctis</strong></span> <span class='ocrx_word' id='word_1_693' title='bbox 1092 2265 1278 2292; x_wconf 88' lang='lat' dir='ltr'><strong>animantibus</strong></span> <span class='ocrx_word' id='word_1_694' title='bbox 1292 2264 1402 2297; x_wconf 86' lang='lat' dir='ltr'><strong>insitus,</strong></span> <span class='ocrx_word' id='word_1_695' title='bbox 1428 2264 1500 2291; x_wconf 87' lang='lat' dir='ltr'><strong>sicut</strong></span> <span class='ocrx_word' id='word_1_696' title='bbox 1515 2268 1542 2291; x_wconf 86' lang='lat' dir='ltr'><strong>et</strong></span> <span class='ocrx_word' id='word_1_697' title='bbox 1560 2270 1622 2292; x_wconf 87' lang='lat' dir='ltr'><strong>ante</strong></span> <span class='ocrx_word' id='word_1_698' title='bbox 1650 2265 1752 2292; x_wconf 87' lang='lat' dir='ltr'><strong>dictum</strong></span> 
     </span>
    </p>
   </div>
   <div class='ocr_carea' id='block_1_91' title="bbox 126 2307 911 2344">
    <p class='ocr_par' dir='ltr' id='par_1_91' title="bbox 126 2307 911 2344">
     <span class='ocr_line' id='line_1_91' title="bbox 126 2307 911 2344; baseline -0.001 -10"><span class='ocrx_word' id='word_1_699' title='bbox 126 2311 303 2343; x_wconf 79' lang='grc' dir='ltr'>προείρηται,</span> <span class='ocrx_word' id='word_1_700' title='bbox 325 2309 374 2335; x_wconf 76' lang='grc' dir='ltr'><strong>καὶ</strong></span> <span class='ocrx_word' id='word_1_701' title='bbox 393 2309 445 2335; x_wconf 79' lang='grc' dir='ltr'><strong>οὐκ</strong></span> <span class='ocrx_word' id='word_1_702' title='bbox 473 2307 548 2335; x_wconf 74' lang='grc' dir='ltr'>ἔστιν</span> <span class='ocrx_word' id='word_1_703' title='bbox 578 2308 678 2340; x_wconf 78' lang='grc' dir='ltr'>ἔξωθεν</span> <span class='ocrx_word' id='word_1_704' title='bbox 697 2309 727 2336; x_wconf 77' lang='grc' dir='ltr'>ἰδ</span> <span class='ocrx_word' id='word_1_705' title='bbox 751 2309 911 2344; x_wconf 71' lang='grc' dir='ltr'><strong>ἐπιθυμεῖν,</strong></span> 
     </span>
    </p>
   </div>
   <div class='ocr_carea' id='block_1_92' title="bbox 125 2354 913 2390">
    <p class='ocr_par' dir='ltr' id='par_1_92' title="bbox 125 2354 913 2390">
     <span class='ocr_line' id='line_1_92' title="bbox 125 2354 913 2390; baseline 0 -9"><span class='ocrx_word' id='word_1_706' title='bbox 125 2355 185 2382; x_wconf 70' lang='grc' dir='ltr'><strong>οὐδὲ</strong></span> <span class='ocrx_word' id='word_1_707' title='bbox 199 2355 391 2388; x_wconf 75' lang='grc' dir='ltr'>ὑστερογενὲς,</span> <span class='ocrx_word' id='word_1_708' title='bbox 408 2354 464 2381; x_wconf 70' lang='grc' dir='ltr'>οὐδ’</span> <span class='ocrx_word' id='word_1_709' title='bbox 479 2355 638 2389; x_wconf 75' lang='grc' dir='ltr'>ἐπίκτητον,</span> <span class='ocrx_word' id='word_1_710' title='bbox 653 2355 713 2382; x_wconf 78' lang='grc' dir='ltr'><strong>ἀλλ’</strong></span> <span class='ocrx_word' id='word_1_711' title='bbox 724 2355 847 2390; x_wconf 72' lang='grc' dir='ltr'>ἔμφυτός</span> <span class='ocrx_word' id='word_1_712' title='bbox 870 2363 913 2386; x_wconf 77' lang='grc' dir='ltr'><strong>τις</strong></span> 
     </span>
    </p>
   </div>
   <div class='ocr_carea' id='block_1_93' title="bbox 126 2400 911 2436">
    <p class='ocr_par' dir='ltr' id='par_1_93' title="bbox 126 2400 911 2436">
     <span class='ocr_line' id='line_1_93' title="bbox 126 2400 911 2436; baseline 0.001 -10"><span class='ocrx_word' id='word_1_713' title='bbox 126 2400 244 2436; x_wconf 68' lang='grc' dir='ltr'>δύναμις</span> <span class='ocrx_word' id='word_1_714' title='bbox 264 2401 314 2435; x_wconf 76' lang='grc' dir='ltr'><strong>τῆς</strong></span> <span class='ocrx_word' id='word_1_715' title='bbox 328 2400 432 2435; x_wconf 77' lang='grc' dir='ltr'>ψυχῆς,</span> <span class='ocrx_word' id='word_1_716' title='bbox 447 2400 495 2427; x_wconf 75' lang='grc' dir='ltr'><strong>καὶ</strong></span> <span class='ocrx_word' id='word_1_717' title='bbox 512 2400 676 2435; x_wconf 76' lang='grc' dir='ltr'>ἁχώριστος,</span> <span class='ocrx_word' id='word_1_718' title='bbox 694 2401 741 2427; x_wconf 82' lang='grc' dir='ltr'><strong>καὶ</strong></span> <span class='ocrx_word' id='word_1_719' title='bbox 773 2401 856 2436; x_wconf 79' lang='grc' dir='ltr'>μέρος</span> <span class='ocrx_word' id='word_1_720' title='bbox 879 2402 911 2434; x_wconf 82' lang='grc' dir='ltr'><strong><em>γέ</em></strong></span> 
     </span>
    </p>
   </div>
   <div class='ocr_carea' id='block_1_94' title="bbox 127 2445 911 2481">
    <p class='ocr_par' dir='ltr' id='par_1_94' title="bbox 127 2445 911 2481">
     <span class='ocr_line' id='line_1_94' title="bbox 127 2445 911 2481; baseline 0 -9"><span class='ocrx_word' id='word_1_721' title='bbox 127 2455 153 2473; x_wconf 80' lang='grc' dir='ltr'><strong>τι</strong></span> <span class='ocrx_word' id='word_1_722' title='bbox 170 2447 272 2480; x_wconf 79' lang='grc' dir='ltr'>ταύτης</span> <span class='ocrx_word' id='word_1_723' title='bbox 290 2447 326 2480; x_wconf 85' lang='grc' dir='ltr'><strong>(ει</strong></span> <span class='ocrx_word' id='word_1_724' title='bbox 346 2445 437 2480; x_wconf 80' lang='grc' dir='ltr'>βούλει</span> <span class='ocrx_word' id='word_1_725' title='bbox 455 2445 557 2480; x_wconf 82' lang='grc' dir='ltr'>λέγειν)</span> <span class='ocrx_word' id='word_1_726' title='bbox 572 2445 622 2480; x_wconf 83' lang='grc' dir='ltr'><strong>τῆς</strong></span> <span class='ocrx_word' id='word_1_727' title='bbox 642 2445 793 2481; x_wconf 77' lang='grc' dir='ltr'>τριμεροῦς</span> <span class='ocrx_word' id='word_1_728' title='bbox 817 2454 847 2472; x_wconf 78' lang='grc' dir='ltr'>τε</span> <span class='ocrx_word' id='word_1_729' title='bbox 863 2446 911 2472; x_wconf 75' lang='grc' dir='ltr'><strong>καὶ</strong></span> 
     </span>
    </p>
   </div>
   <div class='ocr_carea' id='block_1_95' title="bbox 127 2490 913 2527">
    <p class='ocr_par' dir='ltr' id='par_1_95' title="bbox 127 2490 913 2527">
     <span class='ocr_line' id='line_1_95' title="bbox 127 2490 913 2527; baseline 0 -9"><span class='ocrx_word' id='word_1_730' title='bbox 127 2491 247 2526; x_wconf 76' lang='grc' dir='ltr'>ἀμεροῦς</span> <span class='ocrx_word' id='word_1_731' title='bbox 265 2491 349 2526; x_wconf 82' lang='grc' dir='ltr'><strong>(λέγω</strong></span> <span class='ocrx_word' id='word_1_732' title='bbox 366 2491 394 2517; x_wconf 80' lang='grc' dir='ltr'><strong>δὲ</strong></span> <span class='ocrx_word' id='word_1_733' title='bbox 412 2491 459 2517; x_wconf 92' lang='grc' dir='ltr'>νῦν</span> <span class='ocrx_word' id='word_1_734' title='bbox 472 2491 537 2527; x_wconf 80' lang='grc' dir='ltr'>περὶ</span> <span class='ocrx_word' id='word_1_735' title='bbox 550 2490 602 2524; x_wconf 81' lang='grc' dir='ltr'><strong>τῆς</strong></span> <span class='ocrx_word' id='word_1_736' title='bbox 617 2491 731 2526; x_wconf 83' lang='grc' dir='ltr'><strong>λογικῆς</strong></span> <span class='ocrx_word' id='word_1_737' title='bbox 745 2500 774 2518; x_wconf 75' lang='grc' dir='ltr'><strong>τι</strong></span> <span class='ocrx_word' id='word_1_738' title='bbox 786 2492 834 2518; x_wconf 82' lang='grc' dir='ltr'><strong>καὶ</strong></span> <span class='ocrx_word' id='word_1_739' title='bbox 844 2492 913 2526; x_wconf 87' lang='grc' dir='ltr'>ἡμε-</span> 
     </span>
    </p>
   </div>
   <div class='ocr_carea' id='block_1_96' title="bbox 125 2537 912 2573">
    <p class='ocr_par' dir='ltr' id='par_1_96' title="bbox 125 2537 912 2573">
     <span class='ocr_line' id='line_1_96' title="bbox 125 2537 912 2573; baseline 0.001 -10"><span class='ocrx_word' id='word_1_740' title='bbox 125 2537 233 2572; x_wconf 79' lang='grc' dir='ltr'>τέρας),</span> <span class='ocrx_word' id='word_1_741' title='bbox 246 2537 369 2572; x_wconf 81' lang='grc' dir='ltr'>δηλονότι</span> <span class='ocrx_word' id='word_1_742' title='bbox 384 2537 487 2571; x_wconf 74' lang='grc' dir='ltr'><strong>ἀγαθὸν</strong></span> <span class='ocrx_word' id='word_1_743' title='bbox 501 2539 518 2572; x_wconf 86' lang='grc' dir='ltr'><strong>ἡ</strong></span> <span class='ocrx_word' id='word_1_744' title='bbox 535 2537 682 2572; x_wconf 70' lang='grc' dir='ltr'>ἐπιθυμία,</span> <span class='ocrx_word' id='word_1_745' title='bbox 711 2537 759 2564; x_wconf 63' lang='lat' dir='ltr'><strong>an</strong></span> <span class='ocrx_word' id='word_1_746' title='bbox 779 2539 810 2572; x_wconf 85' lang='grc' dir='ltr'><strong>δὴ</strong></span> <span class='ocrx_word' id='word_1_747' title='bbox 835 2538 912 2573; x_wconf 76' lang='grc' dir='ltr'>παρὰ</span> 
     </span>
    </p>
   </div>
   <div class='ocr_carea' id='block_1_97' title="bbox 126 2581 912 2620">
    <p class='ocr_par' dir='ltr' id='par_1_97' title="bbox 126 2581 912 2620">
     <span class='ocr_line' id='line_1_97' title="bbox 126 2581 912 2620; baseline 0.001 -10"><span class='ocrx_word' id='word_1_748' title='bbox 126 2584 196 2611; x_wconf 78' lang='grc' dir='ltr'>Θεοῦ</span> <span class='ocrx_word' id='word_1_749' title='bbox 218 2586 252 2619; x_wconf 82' lang='grc' dir='ltr'><strong>τῇ</strong></span> <span class='ocrx_word' id='word_1_750' title='bbox 270 2584 344 2619; x_wconf 80' lang='grc' dir='ltr'>ψυχῇ</span> <span class='ocrx_word' id='word_1_751' title='bbox 367 2584 502 2619; x_wconf 79' lang='grc' dir='ltr'>δεδομένη</span> <span class='ocrx_word' id='word_1_752' title='bbox 527 2586 576 2619; x_wconf 66' lang='grc' dir='ltr'><strong>οὐχ</strong></span> <span class='ocrx_word' id='word_1_753' title='bbox 594 2581 676 2619; x_wconf 78' lang='grc' dir='ltr'>ἦττον</span> <span class='ocrx_word' id='word_1_754' title='bbox 703 2584 720 2620; x_wconf 75' lang='grc' dir='ltr'><strong>ἢ</strong></span> <span class='ocrx_word' id='word_1_755' title='bbox 741 2584 776 2610; x_wconf 73' lang='grc' dir='ltr'><strong>τὰ</strong></span> <span class='ocrx_word' id='word_1_756' title='bbox 808 2584 912 2618; x_wconf 78' lang='grc' dir='ltr'>ἀδελφὰ</span> 
     </span>
    </p>
   </div>
   <div class='ocr_carea' id='block_1_98' title="bbox 128 2630 913 2665">
    <p class='ocr_par' dir='ltr' id='par_1_98' title="bbox 128 2630 913 2665">
     <span class='ocr_line' id='line_1_98' title="bbox 128 2630 913 2665; baseline -0.001 -8"><span class='ocrx_word' id='word_1_757' title='bbox 128 2631 215 2665; x_wconf 80' lang='grc' dir='ltr'>αὐτῆς</span> <span class='ocrx_word' id='word_1_758' title='bbox 248 2632 332 2665; x_wconf 78' lang='grc' dir='ltr'>μέρη,</span> <span class='ocrx_word' id='word_1_759' title='bbox 355 2631 386 2656; x_wconf 84' lang='grc' dir='ltr'><strong>τδ</strong></span> <span class='ocrx_word' id='word_1_760' title='bbox 417 2631 526 2664; x_wconf 77' lang='grc' dir='ltr'>λογικόν</span> <span class='ocrx_word' id='word_1_761' title='bbox 541 2639 571 2656; x_wconf 88' lang='grc' dir='ltr'>τε</span> <span class='ocrx_word' id='word_1_762' title='bbox 590 2631 636 2657; x_wconf 80' lang='grc' dir='ltr'>καὶ</span> <span class='ocrx_word' id='word_1_763' title='bbox 661 2630 788 2664; x_wconf 74' lang='grc' dir='ltr'><strong>θυμικόν.</strong></span> <span class='ocrx_word' id='word_1_764' title='bbox 810 2630 864 2656; x_wconf 69' lang='grc' dir='ltr'><strong>Καὶ</strong></span> <span class='ocrx_word' id='word_1_765' title='bbox 889 2632 913 2657; x_wconf 77' lang='grc' dir='ltr'>εί</span> 
     </span>
    </p>
   </div>
   <div class='ocr_carea' id='block_1_99' title="bbox 127 2675 910 2713">
    <p class='ocr_par' dir='ltr' id='par_1_99' title="bbox 127 2675 910 2713">
     <span class='ocr_line' id='line_1_99' title="bbox 127 2675 910 2713; baseline 0 -9"><span class='ocrx_word' id='word_1_766' title='bbox 127 2677 206 2704; x_wconf 75' lang='grc' dir='ltr'>τοῦτο</span> <span class='ocrx_word' id='word_1_767' title='bbox 217 2677 275 2712; x_wconf 86' lang='grc' dir='ltr'>δοίη</span> <span class='ocrx_word' id='word_1_768' title='bbox 296 2686 348 2710; x_wconf 79' lang='grc' dir='ltr'><strong>τις,</strong></span> <span class='ocrx_word' id='word_1_769' title='bbox 365 2678 468 2712; x_wconf 69' lang='grc' dir='ltr'><strong>ἀγαθὸν</strong></span> <span class='ocrx_word' id='word_1_770' title='bbox 490 2675 563 2704; x_wconf 74' lang='grc' dir='ltr'>εἶναι</span> <span class='ocrx_word' id='word_1_771' title='bbox 580 2678 631 2711; x_wconf 81' lang='grc' dir='ltr'><strong>τὴν</strong></span> <span class='ocrx_word' id='word_1_772' title='bbox 645 2678 794 2713; x_wconf 78' lang='grc' dir='ltr'>ἐπιθυμίαν</span> <span class='ocrx_word' id='word_1_773' title='bbox 818 2677 910 2713; x_wconf 83' lang='grc' dir='ltr'>(δώσει</span> 
     </span>
    </p>
   </div>
   <div class='ocr_carea' id='block_1_100' title="bbox 126 2724 912 2760">
    <p class='ocr_par' dir='ltr' id='par_1_100' title="bbox 126 2724 912 2760">
     <span class='ocr_line' id='line_1_100' title="bbox 126 2724 912 2760; baseline 0.001 -10"><span class='ocrx_word' id='word_1_774' title='bbox 126 2725 154 2751; x_wconf 76' lang='grc' dir='ltr'><strong>δὲ</strong></span> <span class='ocrx_word' id='word_1_775' title='bbox 168 2733 199 2758; x_wconf 81' lang='grc' dir='ltr'><strong>γε</strong></span> <span class='ocrx_word' id='word_1_776' title='bbox 215 2725 270 2757; x_wconf 78' lang='grc' dir='ltr'><strong>πᾶς</strong></span> <span class='ocrx_word' id='word_1_777' title='bbox 281 2734 334 2757; x_wconf 83' lang='grc' dir='ltr'>τις,</span> <span class='ocrx_word' id='word_1_778' title='bbox 347 2724 436 2759; x_wconf 76' lang='grc' dir='ltr'>οἶμαι,</span> <span class='ocrx_word' id='word_1_779' title='bbox 449 2725 499 2751; x_wconf 77' lang='grc' dir='ltr'><strong>οὐκ</strong></span> <span class='ocrx_word' id='word_1_780' title='bbox 515 2725 553 2751; x_wconf 83' lang='grc' dir='ltr'>ὢν</span> <span class='ocrx_word' id='word_1_781' title='bbox 572 2725 693 2760; x_wconf 80' lang='grc' dir='ltr'>αὐθάδης</span> <span class='ocrx_word' id='word_1_782' title='bbox 707 2733 736 2751; x_wconf 81' lang='grc' dir='ltr'>τε</span> <span class='ocrx_word' id='word_1_783' title='bbox 758 2724 806 2751; x_wconf 69' lang='grc' dir='ltr'><strong>καὶ</strong></span> <span class='ocrx_word' id='word_1_784' title='bbox 834 2724 912 2751; x_wconf 72' lang='grc' dir='ltr'><strong>ἀλλό-</strong></span> 
     </span>
    </p>
   </div>
   <div class='ocr_carea' id='block_1_101' title="bbox 129 2770 911 2806">
    <p class='ocr_par' dir='ltr' id='par_1_101' title="bbox 129 2770 911 2806">
     <span class='ocr_line' id='line_1_101' title="bbox 129 2770 911 2806; baseline 0 -10"><span class='ocrx_word' id='word_1_785' title='bbox 129 2771 231 2802; x_wconf 72' lang='grc' dir='ltr'>κοτος).</span> <span class='ocrx_word' id='word_1_786' title='bbox 251 2771 354 2805; x_wconf 70' lang='grc' dir='ltr'>ἀγαθὸν</span> <span class='ocrx_word' id='word_1_787' title='bbox 366 2771 415 2798; x_wconf 75' lang='grc' dir='ltr'><strong>καὶ</strong></span> <span class='ocrx_word' id='word_1_788' title='bbox 429 2772 445 2806; x_wconf 86' lang='grc' dir='ltr'><strong>ὴ</strong></span> <span class='ocrx_word' id='word_1_789' title='bbox 462 2770 544 2806; x_wconf 80' lang='grc' dir='ltr'>ἡδονὴ</span> <span class='ocrx_word' id='word_1_790' title='bbox 560 2771 698 2805; x_wconf 81' lang='grc' dir='ltr'>φαίνεται,</span> <span class='ocrx_word' id='word_1_791' title='bbox 712 2770 746 2797; x_wconf 85' lang='grc' dir='ltr'><strong>δι’</strong></span> <span class='ocrx_word' id='word_1_792' title='bbox 757 2770 790 2805; x_wconf 71' lang='grc' dir='ltr'><strong>ἥν</strong></span> <span class='ocrx_word' id='word_1_793' title='bbox 798 2779 828 2796; x_wconf 78' lang='grc' dir='ltr'>τε</span> <span class='ocrx_word' id='word_1_794' title='bbox 837 2770 911 2796; x_wconf 72' lang='grc' dir='ltr'>ἔστιν</span> 
     </span>
    </p>
   </div>
   <div class='ocr_carea' id='block_1_102' title="bbox 131 2814 911 2852">
    <p class='ocr_par' dir='ltr' id='par_1_102' title="bbox 131 2814 911 2852">
     <span class='ocr_line' id='line_1_102' title="bbox 131 2814 911 2852; baseline -0.003 -9"><span class='ocrx_word' id='word_1_795' title='bbox 131 2817 288 2851; x_wconf 73' lang='grc' dir='ltr'><strong>ἐπιθυμεῖν,</strong></span> <span class='ocrx_word' id='word_1_796' title='bbox 309 2818 355 2843; x_wconf 67' lang='grc' dir='ltr'><strong>καὶ</strong></span> <span class='ocrx_word' id='word_1_797' title='bbox 369 2814 403 2852; x_wconf 76' lang='grc' dir='ltr'>ἦς</span> <span class='ocrx_word' id='word_1_798' title='bbox 418 2817 501 2852; x_wconf 70' lang='grc' dir='ltr'>χωρὶς</span> <span class='ocrx_word' id='word_1_799' title='bbox 513 2818 574 2844; x_wconf 71' lang='grc' dir='ltr'>οὐδὲ</span> <span class='ocrx_word' id='word_1_800' title='bbox 585 2817 633 2852; x_wconf 78' lang='grc' dir='ltr'><strong>τὴν</strong></span> <span class='ocrx_word' id='word_1_801' title='bbox 654 2816 803 2850; x_wconf 74' lang='grc' dir='ltr'>ἐπιθυμίαν</span> <span class='ocrx_word' id='word_1_802' title='bbox 826 2815 911 2847; x_wconf 72' lang='grc' dir='ltr'><strong>αὐτὴν</strong></span> 
     </span>
    </p>
   </div>
   <div class='ocr_carea' id='block_1_103' title="bbox 133 2861 911 2899">
    <p class='ocr_par' dir='ltr' id='par_1_103' title="bbox 133 2861 911 2899">
     <span class='ocr_line' id='line_1_103' title="bbox 133 2861 911 2899; baseline 0 -11"><span class='ocrx_word' id='word_1_803' title='bbox 133 2863 205 2895; x_wconf 66' lang='grc' dir='ltr'>εἰκὸς</span> <span class='ocrx_word' id='word_1_804' title='bbox 220 2862 252 2897; x_wconf 76' lang='grc' dir='ltr'><strong>ἦν</strong></span> <span class='ocrx_word' id='word_1_805' title='bbox 266 2863 352 2897; x_wconf 67' lang='grc' dir='ltr'>δήπου</span> <span class='ocrx_word' id='word_1_806' title='bbox 363 2864 395 2898; x_wconf 76' lang='grc' dir='ltr'><strong>τῇ</strong></span> <span class='ocrx_word' id='word_1_807' title='bbox 409 2863 483 2899; x_wconf 70' lang='grc' dir='ltr'><strong>ψυχῇ</strong></span> <span class='ocrx_word' id='word_1_808' title='bbox 501 2863 709 2899; x_wconf 79' lang='grc' dir='ltr'>ξυμπεφυκέναι</span> <span class='ocrx_word' id='word_1_809' title='bbox 724 2863 772 2898; x_wconf 78' lang='grc' dir='ltr'><strong>τὴν</strong></span> <span class='ocrx_word' id='word_1_810' title='bbox 789 2861 911 2898; x_wconf 73' lang='grc' dir='ltr'>πρώτην.</span> 
     </span>
    </p>
   </div>
   <div class='ocr_carea' id='block_1_104' title="bbox 964 2310 1754 2346">
    <p class='ocr_par' dir='ltr' id='par_1_104' title="bbox 964 2310 1754 2346">
     <span class='ocr_line' id='line_1_104' title="bbox 964 2310 1754 2346; baseline 0 -9"><span class='ocrx_word' id='word_1_811' title='bbox 964 2316 1016 2343; x_wconf 71' lang='lat' dir='ltr'><strong>est,</strong></span> <span class='ocrx_word' id='word_1_812' title='bbox 1032 2318 1081 2338; x_wconf 90' lang='lat' dir='ltr'><strong>nec</strong></span> <span class='ocrx_word' id='word_1_813' title='bbox 1097 2310 1240 2345; x_wconf 84' lang='lat' dir='ltr'><strong>appetendi</strong></span> <span class='ocrx_word' id='word_1_814' title='bbox 1253 2311 1294 2337; x_wconf 78' lang='lat' dir='ltr'><strong>vis</strong></span> <span class='ocrx_word' id='word_1_815' title='bbox 1311 2314 1357 2337; x_wconf 84' lang='lat' dir='ltr'><strong>aut</strong></span> <span class='ocrx_word' id='word_1_816' title='bbox 1373 2311 1544 2338; x_wconf 79' lang='lat' dir='ltr'><strong>extrinsecus</strong></span> <span class='ocrx_word' id='word_1_817' title='bbox 1556 2311 1680 2339; x_wconf 87' lang='lat' dir='ltr'><strong>alicunde</strong></span> <span class='ocrx_word' id='word_1_818' title='bbox 1691 2319 1754 2346; x_wconf 82' lang='lat' dir='ltr'><strong>pro—</strong></span> 
     </span>
    </p>
   </div>
   <div class='ocr_carea' id='block_1_105' title="bbox 965 2356 1752 2389">
    <p class='ocr_par' dir='ltr' id='par_1_105' title="bbox 965 2356 1752 2389">
     <span class='ocr_line' id='line_1_105' title="bbox 965 2356 1752 2389; baseline 0.004 -8"><span class='ocrx_word' id='word_1_819' title='bbox 965 2356 1051 2388; x_wconf 84' lang='lat' dir='ltr'><strong>venit,</strong></span> <span class='ocrx_word' id='word_1_820' title='bbox 1066 2360 1113 2383; x_wconf 88' lang='lat' dir='ltr'><strong>aut</strong></span> <span class='ocrx_word' id='word_1_821' title='bbox 1127 2360 1187 2383; x_wconf 84' lang='lat' dir='ltr'><strong>urta</strong></span> <span class='ocrx_word' id='word_1_822' title='bbox 1206 2356 1343 2389; x_wconf 90' lang='lat' dir='ltr'><strong>posterius</strong></span> <span class='ocrx_word' id='word_1_823' title='bbox 1357 2361 1410 2386; x_wconf 86' lang='lat' dir='ltr'><strong>est,</strong></span> <span class='ocrx_word' id='word_1_824' title='bbox 1430 2361 1475 2382; x_wconf 89' lang='lat' dir='ltr'><strong>aut</strong></span> <span class='ocrx_word' id='word_1_825' title='bbox 1491 2357 1623 2389; x_wconf 80' lang='lat' dir='ltr'><strong>ascititia,</strong></span> <span class='ocrx_word' id='word_1_826' title='bbox 1649 2358 1695 2384; x_wconf 84' lang='lat' dir='ltr'><strong>sed</strong></span> <span class='ocrx_word' id='word_1_827' title='bbox 1709 2357 1752 2384; x_wconf 81' lang='lat' dir='ltr'><strong>in-</strong></span> 
     </span>
    </p>
   </div>
   <div class='ocr_carea' id='block_1_106' title="bbox 964 2401 1754 2435">
    <p class='ocr_par' dir='ltr' id='par_1_106' title="bbox 964 2401 1754 2435">
     <span class='ocr_line' id='line_1_106' title="bbox 964 2401 1754 2435; baseline 0.005 -8"><span class='ocrx_word' id='word_1_828' title='bbox 964 2406 1025 2428; x_wconf 86' lang='lat' dir='ltr'><strong>nata</strong></span> <span class='ocrx_word' id='word_1_829' title='bbox 1057 2401 1181 2435; x_wconf 60' lang='lat' dir='ltr'><strong>quaedam</strong></span> <span class='ocrx_word' id='word_1_830' title='bbox 1206 2405 1232 2428; x_wconf 92' lang='lat' dir='ltr'><strong>et</strong></span> <span class='ocrx_word' id='word_1_831' title='bbox 1267 2401 1457 2435; x_wconf 84' lang='lat' dir='ltr'><strong>inseparabilis</strong></span> <span class='ocrx_word' id='word_1_832' title='bbox 1482 2403 1564 2429; x_wconf 88' lang='lat' dir='ltr'><strong>anitni</strong></span> <span class='ocrx_word' id='word_1_833' title='bbox 1588 2403 1704 2430; x_wconf 83' lang='lat' dir='ltr'><strong>iacultas</strong></span> <span class='ocrx_word' id='word_1_834' title='bbox 1726 2409 1754 2431; x_wconf 88' lang='lat' dir='ltr'><strong>et</strong></span> 
     </span>
    </p>
   </div>
   <div class='ocr_carea' id='block_1_107' title="bbox 963 2446 1752 2483">
    <p class='ocr_par' dir='ltr' id='par_1_107' title="bbox 963 2446 1752 2483">
     <span class='ocr_line' id='line_1_107' title="bbox 963 2446 1752 2483; baseline 0.003 -10"><span class='ocrx_word' id='word_1_835' title='bbox 963 2455 1026 2480; x_wconf 88' lang='lat' dir='ltr'><strong>pars</strong></span> <span class='ocrx_word' id='word_1_836' title='bbox 1044 2447 1165 2480; x_wconf 69' lang='lat' dir='ltr'><strong>quaedam</strong></span> <span class='ocrx_word' id='word_1_837' title='bbox 1183 2447 1250 2480; x_wconf 80' lang='lat' dir='ltr'><strong>ejus,</strong></span> <span class='ocrx_word' id='word_1_838' title='bbox 1266 2447 1289 2474; x_wconf 87' lang='lat' dir='ltr'><strong>si</strong></span> <span class='ocrx_word' id='word_1_839' title='bbox 1301 2446 1408 2481; x_wconf 88' lang='lat' dir='ltr'><strong>quidem</strong></span> <span class='ocrx_word' id='word_1_840' title='bbox 1427 2447 1463 2474; x_wconf 88' lang='lat' dir='ltr'><strong>ita</strong></span> <span class='ocrx_word' id='word_1_841' title='bbox 1489 2447 1562 2482; x_wconf 81' lang='lat' dir='ltr'><strong>loqui</strong></span> <span class='ocrx_word' id='word_1_842' title='bbox 1581 2448 1665 2479; x_wconf 84' lang='lat' dir='ltr'><strong>voles.</strong></span> <span class='ocrx_word' id='word_1_843' title='bbox 1692 2457 1752 2483; x_wconf 66' lang='lat' dir='ltr'><strong>qua:</strong></span> 
     </span>
    </p>
   </div>
   <div class='ocr_carea' id='block_1_108' title="bbox 965 2491 1753 2529">
    <p class='ocr_par' dir='ltr' id='par_1_108' title="bbox 965 2491 1753 2529">
     <span class='ocr_line' id='line_1_108' title="bbox 965 2491 1753 2529; baseline 0.004 -12"><span class='ocrx_word' id='word_1_844' title='bbox 965 2492 1100 2525; x_wconf 83' lang='lat' dir='ltr'><strong>tripartita</strong></span> <span class='ocrx_word' id='word_1_845' title='bbox 1129 2493 1231 2525; x_wconf 83' lang='lat' dir='ltr'><strong>pariter</strong></span> <span class='ocrx_word' id='word_1_846' title='bbox 1257 2496 1285 2519; x_wconf 91' lang='lat' dir='ltr'><strong>et</strong></span> <span class='ocrx_word' id='word_1_847' title='bbox 1316 2491 1433 2525; x_wconf 89' lang='lat' dir='ltr'><strong>partium</strong></span> <span class='ocrx_word' id='word_1_848' title='bbox 1462 2500 1561 2526; x_wconf 77' lang='lat' dir='ltr'><strong>expers</strong></span> <span class='ocrx_word' id='word_1_849' title='bbox 1585 2498 1627 2520; x_wconf 84' lang='lat' dir='ltr'><strong>est</strong></span> <span class='ocrx_word' id='word_1_850' title='bbox 1646 2494 1753 2529; x_wconf 84' lang='lat' dir='ltr'><strong>(loquor</strong></span> 
     </span>
    </p>
   </div>
   <div class='ocr_carea' id='block_1_109' title="bbox 965 2537 1751 2574">
    <p class='ocr_par' dir='ltr' id='par_1_109' title="bbox 965 2537 1751 2574">
     <span class='ocr_line' id='line_1_109' title="bbox 965 2537 1751 2574; baseline 0.004 -11"><span class='ocrx_word' id='word_1_851' title='bbox 965 2543 1056 2564; x_wconf 73' lang='lat' dir='ltr'><strong>auIem</strong></span> <span class='ocrx_word' id='word_1_852' title='bbox 1070 2537 1149 2563; x_wconf 88' lang='lat' dir='ltr'><strong>modo</strong></span> <span class='ocrx_word' id='word_1_853' title='bbox 1164 2537 1197 2564; x_wconf 84' lang='lat' dir='ltr'><strong>de</strong></span> <span class='ocrx_word' id='word_1_854' title='bbox 1209 2537 1300 2564; x_wconf 89' lang='lat' dir='ltr'><strong>anima</strong></span> <span class='ocrx_word' id='word_1_855' title='bbox 1317 2537 1431 2565; x_wconf 83' lang='lat' dir='ltr'><strong>rationis</strong></span> <span class='ocrx_word' id='word_1_856' title='bbox 1448 2539 1581 2572; x_wconf 87' lang='lat' dir='ltr'><strong>participe</strong></span> <span class='ocrx_word' id='word_1_857' title='bbox 1591 2547 1622 2566; x_wconf 88' lang='lat' dir='ltr'><strong>ac</strong></span> <span class='ocrx_word' id='word_1_858' title='bbox 1633 2540 1751 2574; x_wconf 83' lang='lat' dir='ltr'><strong>nostra),</strong></span> 
     </span>
    </p>
   </div>
   <div class='ocr_carea' id='block_1_110' title="bbox 966 2583 1751 2620">
    <p class='ocr_par' dir='ltr' id='par_1_110' title="bbox 966 2583 1751 2620">
     <span class='ocr_line' id='line_1_110' title="bbox 966 2583 1751 2620; baseline 0.003 -10"><span class='ocrx_word' id='word_1_859' title='bbox 966 2584 1100 2617; x_wconf 83' lang='lat' dir='ltr'><strong>sequitur,</strong></span> <span class='ocrx_word' id='word_1_860' title='bbox 1115 2583 1264 2616; x_wconf 85' lang='lat' dir='ltr'><strong>appetitum</strong></span> <span class='ocrx_word' id='word_1_861' title='bbox 1279 2590 1339 2610; x_wconf 84' lang='lat' dir='ltr'><strong>esse</strong></span> <span class='ocrx_word' id='word_1_862' title='bbox 1364 2591 1420 2611; x_wconf 82' lang='lat' dir='ltr'><strong>rem</strong></span> <span class='ocrx_word' id='word_1_863' title='bbox 1436 2584 1546 2617; x_wconf 86' lang='lat' dir='ltr'><strong>bonam,</strong></span> <span class='ocrx_word' id='word_1_864' title='bbox 1564 2585 1645 2612; x_wconf 87' lang='lat' dir='ltr'><strong>veluti</strong></span> <span class='ocrx_word' id='word_1_865' title='bbox 1672 2585 1716 2620; x_wconf 90' lang='lat' dir='ltr'><strong>qui</strong></span> <span class='ocrx_word' id='word_1_866' title='bbox 1735 2593 1751 2612; x_wconf 70' lang='grc' dir='ltr'>ο</span> 
     </span>
    </p>
   </div>
   <div class='ocr_carea' id='block_1_111' title="bbox 967 2629 1752 2666">
    <p class='ocr_par' dir='ltr' id='par_1_111' title="bbox 967 2629 1752 2666">
     <span class='ocr_line' id='line_1_111' title="bbox 967 2629 1752 2666; baseline 0.004 -10"><span class='ocrx_word' id='word_1_867' title='bbox 967 2630 1022 2656; x_wconf 90' lang='lat' dir='ltr'><strong>Deo</strong></span> <span class='ocrx_word' id='word_1_868' title='bbox 1042 2636 1094 2655; x_wconf 92' lang='lat' dir='ltr'><strong>non</strong></span> <span class='ocrx_word' id='word_1_869' title='bbox 1113 2629 1202 2655; x_wconf 87' lang='lat' dir='ltr'><strong>minus</strong></span> <span class='ocrx_word' id='word_1_870' title='bbox 1212 2629 1303 2656; x_wconf 89' lang='lat' dir='ltr'><strong>animo</strong></span> <span class='ocrx_word' id='word_1_871' title='bbox 1317 2629 1437 2657; x_wconf 86' lang='lat' dir='ltr'><strong>tributus</strong></span> <span class='ocrx_word' id='word_1_872' title='bbox 1452 2631 1499 2662; x_wconf 87' lang='lat' dir='ltr'><strong>sit,</strong></span> <span class='ocrx_word' id='word_1_873' title='bbox 1517 2638 1548 2658; x_wconf 89' lang='lat' dir='ltr'><strong>ac</strong></span> <span class='ocrx_word' id='word_1_874' title='bbox 1560 2637 1651 2666; x_wconf 82' lang='lat' dir='ltr'><strong>partes</strong></span> <span class='ocrx_word' id='word_1_875' title='bbox 1667 2632 1752 2666; x_wconf 75' lang='lat' dir='ltr'><strong>ipsius</strong></span> 
     </span>
    </p>
   </div>
   <div class='ocr_carea' id='block_1_112' title="bbox 965 2673 1750 2712">
    <p class='ocr_par' dir='ltr' id='par_1_112' title="bbox 965 2673 1750 2712">
     <span class='ocr_line' id='line_1_112' title="bbox 965 2673 1750 2712; baseline 0.006 -13"><span class='ocrx_word' id='word_1_876' title='bbox 965 2681 1112 2710; x_wconf 64' lang='lat' dir='ltr'><strong>germanae,</strong></span> <span class='ocrx_word' id='word_1_877' title='bbox 1127 2673 1316 2702; x_wconf 82' lang='lat' dir='ltr'><strong>ratiocinatrix</strong></span> <span class='ocrx_word' id='word_1_878' title='bbox 1331 2680 1358 2702; x_wconf 90' lang='lat' dir='ltr'><strong>et</strong></span> <span class='ocrx_word' id='word_1_879' title='bbox 1380 2675 1512 2704; x_wconf 87' lang='lat' dir='ltr'><strong>irascens.</strong></span> <span class='ocrx_word' id='word_1_880' title='bbox 1534 2676 1572 2703; x_wconf 79' lang='lat' dir='ltr'><strong>Ac</strong></span> <span class='ocrx_word' id='word_1_881' title='bbox 1602 2677 1623 2703; x_wconf 85' lang='lat' dir='ltr'><strong>si</strong></span> <span class='ocrx_word' id='word_1_882' title='bbox 1642 2677 1750 2712; x_wconf 79' lang='lat' dir='ltr'><strong>quidem</strong></span> 
     </span>
    </p>
   </div>
   <div class='ocr_carea' id='block_1_113' title="bbox 965 2721 1752 2759">
    <p class='ocr_par' dir='ltr' id='par_1_113' title="bbox 965 2721 1752 2759">
     <span class='ocr_line' id='line_1_113' title="bbox 965 2721 1752 2759; baseline 0.005 -11"><span class='ocrx_word' id='word_1_883' title='bbox 965 2721 1064 2755; x_wconf 89' lang='lat' dir='ltr'><strong>aliquis</strong></span> <span class='ocrx_word' id='word_1_884' title='bbox 1079 2721 1197 2754; x_wconf 88' lang='lat' dir='ltr'><strong>dederit,</strong></span> <span class='ocrx_word' id='word_1_885' title='bbox 1221 2723 1371 2757; x_wconf 86' lang='lat' dir='ltr'><strong>appetitum</strong></span> <span class='ocrx_word' id='word_1_886' title='bbox 1385 2730 1445 2750; x_wconf 73' lang='lat' dir='ltr'><strong>esse</strong></span> <span class='ocrx_word' id='word_1_887' title='bbox 1463 2731 1520 2751; x_wconf 84' lang='lat' dir='ltr'><strong>rem</strong></span> <span class='ocrx_word' id='word_1_888' title='bbox 1545 2724 1643 2751; x_wconf 81' lang='lat' dir='ltr'><strong>bonam</strong></span> <span class='ocrx_word' id='word_1_889' title='bbox 1665 2724 1752 2759; x_wconf 80' lang='lat' dir='ltr'><strong>(dabit</strong></span> 
     </span>
    </p>
   </div>
   <div class='ocr_carea' id='block_1_114' title="bbox 963 2767 1749 2804">
    <p class='ocr_par' dir='ltr' id='par_1_114' title="bbox 963 2767 1749 2804">
     <span class='ocr_line' id='line_1_114' title="bbox 963 2767 1749 2804; baseline 0.005 -10"><span class='ocrx_word' id='word_1_890' title='bbox 963 2773 1054 2794; x_wconf 78' lang='lat' dir='ltr'><strong>autent</strong></span> <span class='ocrx_word' id='word_1_891' title='bbox 1070 2767 1197 2802; x_wconf 87' lang='lat' dir='ltr'><strong>quilibet,</strong></span> <span class='ocrx_word' id='word_1_892' title='bbox 1216 2769 1327 2802; x_wconf 86' lang='lat' dir='ltr'><strong>opinor,</strong></span> <span class='ocrx_word' id='word_1_893' title='bbox 1353 2769 1399 2803; x_wconf 93' lang='lat' dir='ltr'><strong>qui</strong></span> <span class='ocrx_word' id='word_1_894' title='bbox 1422 2777 1509 2804; x_wconf 86' lang='lat' dir='ltr'><strong>neque</strong></span> <span class='ocrx_word' id='word_1_895' title='bbox 1523 2776 1683 2803; x_wconf 78' lang='lat' dir='ltr'><strong>contumax,</strong></span> <span class='ocrx_word' id='word_1_896' title='bbox 1700 2779 1749 2798; x_wconf 88' lang='lat' dir='ltr'><strong>ne-</strong></span> 
     </span>
    </p>
   </div>
   <div class='ocr_carea' id='block_1_115' title="bbox 965 2814 1750 2852">
    <p class='ocr_par' dir='ltr' id='par_1_115' title="bbox 965 2814 1750 2852">
     <span class='ocr_line' id='line_1_115' title="bbox 965 2814 1750 2852; baseline 0.008 -12"><span class='ocrx_word' id='word_1_897' title='bbox 965 2822 1017 2847; x_wconf 88' lang='lat' dir='ltr'><strong>que</strong></span> <span class='ocrx_word' id='word_1_898' title='bbox 1030 2814 1153 2842; x_wconf 82' lang='lat' dir='ltr'><strong>insolens</strong></span> <span class='ocrx_word' id='word_1_899' title='bbox 1173 2814 1246 2848; x_wconf 84' lang='lat' dir='ltr'><strong>erit),</strong></span> <span class='ocrx_word' id='word_1_900' title='bbox 1266 2815 1372 2849; x_wconf 85' lang='lat' dir='ltr'><strong>parebit</strong></span> <span class='ocrx_word' id='word_1_901' title='bbox 1386 2820 1413 2843; x_wconf 82' lang='lat' dir='ltr'><strong>et</strong></span> <span class='ocrx_word' id='word_1_902' title='bbox 1431 2817 1595 2852; x_wconf 73' lang='lat' dir='ltr'><strong>voluptatem</strong></span> <span class='ocrx_word' id='word_1_903' title='bbox 1619 2826 1678 2846; x_wconf 81' lang='lat' dir='ltr'><strong>esse</strong></span> <span class='ocrx_word' id='word_1_904' title='bbox 1694 2827 1750 2846; x_wconf 88' lang='lat' dir='ltr'><strong>rem</strong></span> 
     </span>
    </p>
   </div>
   <div class='ocr_carea' id='block_1_116' title="bbox 965 2861 1748 2900">
    <p class='ocr_par' dir='ltr' id='par_1_116' title="bbox 965 2861 1748 2900">
     <span class='ocr_line' id='line_1_116' title="bbox 965 2861 1748 2900; baseline 0.005 -11"><span class='ocrx_word' id='word_1_905' title='bbox 965 2861 1076 2894; x_wconf 79' lang='lat' dir='ltr'><strong>bonum,</strong></span> <span class='ocrx_word' id='word_1_906' title='bbox 1096 2866 1208 2896; x_wconf 78' lang='lat' dir='ltr'><strong>propter</strong></span> <span class='ocrx_word' id='word_1_907' title='bbox 1228 2868 1308 2897; x_wconf 80' lang='lat' dir='ltr'><strong>quam</strong></span> <span class='ocrx_word' id='word_1_908' title='bbox 1325 2864 1488 2897; x_wconf 76' lang='lat' dir='ltr'><strong>appetitum,</strong></span> <span class='ocrx_word' id='word_1_909' title='bbox 1519 2869 1545 2892; x_wconf 69' lang='grc' dir='ltr'><strong>οι</strong></span> <span class='ocrx_word' id='word_1_910' title='bbox 1565 2865 1667 2900; x_wconf 84' lang='lat' dir='ltr'><strong>absque</strong></span> <span class='ocrx_word' id='word_1_911' title='bbox 1695 2873 1748 2899; x_wconf 74' lang='lat' dir='ltr'><strong>qua</strong></span> 
     </span>
    </p>
   </div>
  </div>
