1937 3078
181 136 235 167 467

775 135 973 167 MANUELIS
989 134 1194 167 PAL/EOLOG
1203 137 1210 166 Ι

1746 131 1801 163 468

179 199 214 220 ne
239 191 327 225 ipsum
361 190 471 225 quidem
504 188 652 225 appetitum
669 190 704 217 ab
726 189 803 218 initio
837 195 960 218 naturam

1026 191 1110 227 Mth
1122 192 1177 228 γὰρ
1194 192 1227 219 ἂν
1248 192 1324 226 παρὰ
1339 191 1389 225 τὴν
1417 190 1505 226 ἀρχὴν
1523 189 1552 217 τδ
1572 189 1716 225 ἐπιθυμεῖν
1738 190 1800 223 ἐγε-

179 237 271 264 animo
284 237 433 264 indituram
448 236 542 269 fuisse,
560 241 772 264 consentaneum
785 241 835 263 est.
851 235 962 264 Frustra

182 284 255 311 enim
269 283 304 311 ab
319 283 396 310 initio
413 284 532 311 tributus
559 283 637 311 nobis
655 283 751 311 luisset
769 285 915 319 appetitus,
941 285 963 312 si

183 337 237 357 non
252 334 279 356 et
305 329 369 356 illud
391 329 551 362 exstitisset,
566 330 592 356 in
614 337 668 364 quo
684 330 790 357 animus
813 330 865 357 bac
879 330 963 357 etiam

181 375 209 402 in
224 379 301 409 parte
313 374 408 408 posset
419 374 445 400 in
461 374 541 401 nobis
555 373 649 401 efﬁcax
666 381 737 401 esse.
759 375 793 401 At
806 374 905 402 frustra
924 374 963 402 fa-

181 425 255 448 ctum
272 420 373 453 aliquid
389 427 451 448 esse
465 428 478 447 a
496 421 560 451 Deo,
579 425 632 448 tam
651 421 727 448 dictu
739 428 818 456 quam
834 421 964 457 cogitatu,

183 466 318 495 nefarium
343 466 434 494 fuerit.
448 466 578 501 Sequitur
589 475 665 501 ergo,
680 468 723 495 vel
737 468 857 495 animum
877 476 891 495 a
909 469 965 496 Deo

183 519 237 540 non
261 519 321 539 esse
339 511 453 544 factum,
477 512 548 547 (quis
564 517 652 540 autem
668 517 694 540 et
717 513 808 540 animo
825 514 965 547 praeditus,

183 563 210 584 et
227 558 325 585 utentis
345 560 489 592 particeps,
504 559 556 586 hoc
571 559 669 586 dixerit
682 559 705 594 ?)
720 560 760 586 vel
781 567 842 588 esse
854 560 967 587 creden-

185 604 260 637 dum,
279 604 444 638 voluptatem
462 604 554 631 animo
571 605 703 632 divinitus
733 605 872 633 tributam.
898 606 965 633 Cum

188 649 261 675 enim
275 650 417 683 probatum
434 649 481 682 sit,
493 657 526 676 ne
546 650 693 684 appetitum
714 651 824 685 quidem
846 659 906 678 esse
920 652 967 678 de-

186 694 291 726 buisse,
307 695 329 721 si
345 695 426 728 plane
443 695 509 722 nihil
528 695 684 728 exsisteret,
705 696 732 724 in
753 705 807 731 quo
834 697 969 732 appetitus

186 748 216 768 se
229 741 255 768 id
270 748 330 768 esse
347 741 420 776 quod
433 746 475 768 est
486 745 559 768 recte
573 741 714 770 declarare
740 747 842 778 posset,
866 743 970 778 perspi.

186 793 267 821 cuum
286 794 399 820 prorsus
412 790 454 814 est
470 787 610 819 omnibus,
623 787 695 814 nulla
705 788 727 814 si
742 788 866 823 voluptas
884 795 967 822 esset,

186 840 238 861 nec
252 834 400 868 appetitum
419 833 529 861 omnino
557 835 693 862 exsistere
710 834 846 868 debuisse,
868 836 969 870 quippe

186 877 359 906 manifestum
388 883 441 910 est.
469 879 617 913 appetitum
636 879 736 906 lartitia:
768 880 968 914 voluptatisque

187 930 268 950 causa
286 924 399 951 moveri.
416 923 471 951 Nec
484 924 555 951 enim
577 930 618 952 est
634 924 705 951 aliud
723 925 874 959 quidpiam,
890 925 969 960 cujus

187 969 232 996 hic
249 976 329 996 causa
358 969 462 997 moveri
490 971 585 1004 possit.
612 970 781 1005 Quapropter
799 971 918 1006 appetitu
942 972 968 998 in

186 1016 260 1043 hunc
278 1015 385 1043 modum
414 1015 526 1047 abolito,
545 1016 633 1051 deque
665 1016 754 1044 medio
772 1018 898 1050 sublato,
919 1025 969 1045 nec

189 1062 298 1088 animus
314 1061 371 1095 ipse
396 1062 570 1089 remanserit.
595 1061 701 1089 Etenim
731 1062 787 1090 ﬁeri
816 1063 920 1097 nequit,
942 1067 971 1090 ut

187 1107 295 1134 animus
306 1106 393 1141 aliqua
413 1115 442 1133 re
466 1114 513 1134 sua
544 1107 688 1142 spoliatus,
710 1108 736 1135 in
757 1116 787 1135 eo
813 1116 971 1143 permanere

187 1156 268 1184 statu,
286 1159 338 1187 quo
354 1153 478 1181 conditus
487 1153 547 1184 fuit.
564 1154 670 1187 possit;
686 1155 757 1188 quod
773 1162 841 1182 sane
859 1155 891 1181 de
906 1163 971 1182 con-

188 1198 274 1225 trario
288 1202 374 1232 paret.
390 1198 456 1225 Nam
471 1205 558 1232 neque
573 1204 786 1227 consentaneum
808 1204 858 1233 est,
884 1208 971 1235 neque

189 1243 249 1271 ﬁeri
266 1248 363 1278 potest,
386 1238 415 1271 ut
429 1244 536 1271 animus
566 1243 668 1279 aliquid
693 1245 863 1273 extrinsecus
893 1254 972 1274 assu-

191 1293 260 1321 mat,
275 1296 327 1323 quo
341 1290 429 1324 magis
445 1290 480 1317 sit
503 1290 621 1317 animus.
650 1290 768 1325 Ideoque
789 1299 838 1318 nec
857 1291 972 1319 alterum

193 1335 251 1362 ﬁeri
270 1337 371 1369 potest,
386 1340 414 1361 ut
429 1335 531 1369 aliquid
544 1335 648 1362 scilicet
659 1337 776 1363 amittat.
794 1336 973 1364 Namutrunt-

192 1387 245 1414 aue
260 1379 441 1407 consimiliter
455 1379 602 1407 absurdum
617 1385 669 1408 est.
690 1381 796 1408 Etenim
813 1382 895 1409 animi
911 1390 973 1417 erga

192 1432 223 1454 se
257 1425 383 1455 invicem.
413 1425 484 1458 quod
509 1425 594 1459 ipsam
622 1426 717 1454 attinet
743 1427 920 1454 substantiam
949 1431 976 1456 et

193 1475 282 1496 ortum
311 1470 440 1504 primum,
467 1470 611 1505 aequaliter
642 1476 669 1498 et
683 1472 777 1500 eodem
802 1473 893 1500 electi
910 1478 976 1501 sunt

193 1515 285 1543 modo.
310 1515 413 1550 Nequit
438 1516 519 1551 igitur
531 1517 636 1544 animus
652 1518 753 1550 animo,
777 1519 819 1546 vel
839 1519 921 1546 etiam
946 1526 1011 1563 sec

192 1562 266 1596 ipso,
281 1567 404 1589 naturam
420 1563 491 1597 quod
506 1563 614 1597 attinet,
629 1568 676 1592 aut
698 1565 830 1599 deterior,
850 1571 897 1594 aut
919 1574 976 1594 me-

193 1607 244 1635 lior
259 1608 336 1642 ﬁeri;
354 1609 469 1644 ideoque
484 1617 534 1637 nec
561 1618 701 1638 assumere
719 1611 859 1647 quidpiam
875 1613 978 1640 extrin-

193 1662 282 1686 secus,
296 1662 347 1681 nec
366 1662 444 1682 suum
462 1655 564 1690 aliquid
593 1656 719 1683 amittere
749 1661 847 1691 potest.
874 1657 940 1684 Nam
955 1658 977 1685 si

195 1705 270 1727 recte
283 1700 395 1727 allectus
413 1701 465 1727 erit
480 1708 527 1736 per
539 1708 568 1728 se
579 1701 698 1733 animus,
718 1702 763 1729 ubi
781 1703 822 1730 vel
838 1711 914 1730 suum
928 1704 979 1730 ali-

194 1747 259 1781 quid
274 1747 409 1779 amiserit,
435 1747 477 1774 vel
491 1748 619 1782 quiddam
635 1749 808 1777 extrinsecus
823 1757 977 1782 assumpsee

195 1793 243 1826 rit,
259 1794 428 1828 perspicuum
450 1798 502 1826 est,
514 1801 576 1821 eum
594 1798 667 1822 recte
691 1795 815 1822 sﬂ‘ectum
831 1803 883 1823 non
907 1804 978 1829 esse,

195 1838 220 1866 si
236 1846 286 1866 suo
303 1839 329 1866 in
348 1843 419 1866 statu
434 1844 553 1866 maneat.
567 1840 602 1867 At
616 1847 679 1867 vero
693 1841 756 1868 dum
782 1841 807 1868 in
827 1849 858 1869 eo
879 1847 978 1874 manet,

197 1885 225 1911 in
237 1892 293 1918 quo
302 1885 430 1911 conditus
449 1888 482 1912 ab
494 1885 572 1913 initio
589 1885 649 1919 fuit,
664 1887 690 1913 in
708 1894 815 1914 summo
828 1887 899 1914 bono
925 1895 982 1914 ma-

199 1934 255 1957 net.
285 1929 355 1963 Ergo
372 1930 549 1957 manifestum
567 1935 609 1958 est
631 1932 767 1964 oumibus,
799 1932 929 1966 futurum,
952 1938 981 1960 ut.

200 1980 266 2002 tunc
280 1975 366 2010 magis
380 1975 449 2002 male
460 1975 495 2002 sit
514 1976 627 2003 aﬂectus
641 1976 750 2011 (loquor
765 1983 855 2005 autem
874 1986 906 2005 ex
932 1979 981 2014 Ity-

199 2021 330 2056 potbesi),
345 2028 406 2048 cum
433 2022 534 2056 aliquid
553 2023 724 2051 extrinsecus
737 2027 913 2059 assumpserit
935 2030 981 2052 aut

200 2075 280 2095 suum
294 2068 427 2095 amiserit.
449 2068 516 2095 Nam
549 2072 711 2096 assumendo
741 2070 840 2098 nimius
864 2071 980 2104 evadet;

200 2114 350 2141 tleticiendo
379 2114 524 2149 quamdam
539 2115 615 2149 quasi
642 2115 838 2143 mutilationem
866 2117 982 2145 sustine-

1016 239 1099 273 γόνει,
1119 239 1170 266 οὐκ
1200 239 1278 271 δντος
1311 238 1428 270 ἐκείνου,
1456 238 1487 264 ἐν
1520 233 1598 271 ᾧπερ
1629 235 1663 262 ἃν
1681 233 1756 270 εἶχεν
1782 235 1800 270 ή

1017 285 1090 319 ψυχὴ
1105 284 1236 311 καὶκατὰ
1251 285 1312 311 τόδε
1327 284 1357 310 τὸ
1378 284 1462 318 μέρος
1487 283 1598 317 ἐνεργὸς
1628 283 1695 316 ἡμῖν
1715 280 1799 307 εἶναι.

1015 331 1113 365 Μάτην
1124 331 1153 357 δέ
1170 340 1195 357 τι
1208 331 1285 366 παρὰ
1296 330 1364 357 Θεοῦ
1379 330 1521 364 γεγονέναι
1535 329 1695 363 βλάσφημον
1710 328 1802 353 εἰπεῖν

1017 377 1032 410 ἢ
1049 377 1154 410 νοῆσαι.
1169 377 1319 410 Συμσαίνει
1339 376 1395 410 δέἣ
1413 375 1479 411 μηδέ
1497 375 1545 409 τὴν
1563 373 1653 409 ψυχὴν
1680 375 1711 400 ὲκ
1729 372 1801 399 Θεοῦ

1017 423 1173 456 γεγονέναι,
1188 422 1212 456 (ὃ
1225 422 1267 453 τίς
1287 422 1321 448 ἂν
1336 421 1420 452 εἴποι,
1436 419 1528 456 ψυχήν
1545 428 1575 446 τε
1592 420 1674 454 ἔχων,
1691 419 1739 446 καὶ
1753 418 1801 445 νοῦ

1018 469 1142 503 μετέχων
1162 467 1182 504 ς)
1197 468 1213 503 ἢ
1228 469 1275 495 καὶ
1290 468 1341 502 ’τὴν
1355 467 1452 502 ἡδονὴν
1468 468 1502 501 τῇ
1516 466 1590 501 ψυχῇ
1608 465 1700 492 θεόθεν
1729 463 1802 491 εἶναι

1017 514 1170 541 πιστεύειν.
1208 513 1318 548 Ἐπειδὴ
1344 513 1399 548 γὰρ
1428 512 1575 543 δέδεικται,
1598 510 1636 542 ὡς
1665 510 1727 536 οὐδὲ
1751 509 1804 545 τὴν

1018 560 1168 596 ἐπιθυμίαν
1185 561 1271 595 ἐχρῆν
1289 558 1371 592 εἶναι,
1395 558 1503 589 οὐδενός
1519 566 1594 589 τινος
1619 557 1688 589 ὅλως
1712 557 1802 588 ὄντος,

1018 607 1062 640 ἐφ’
1077 605 1154 641 ᾧπερ
1169 606 1201 633 ἂν
1216 606 1308 637 καλῶς
1318 606 1495 632 ἐπεδείκνυτο
1511 604 1577 630 αὐτό
1591 611 1622 637 γε
1638 603 1717 629 τοῦτο
1733 600 1764 629 οὗ
1771 611 1803 628 τα

1019 651 1166 686 ἐπιθυμία,
1181 651 1261 686 δῆλον
1278 650 1311 676 ἂν
1334 652 1377 685 εῐη
1408 651 1491 676 πᾶσιν
1522 648 1597 682 ἑξῆς,
1621 648 1658 679 ὥς
1675 648 1723 675 καὶ
1750 647 1804 682 τῆς

1020 697 1117 731 ἡδονῆς
1148 696 1282 730 μηδαμῶς
1310 695 1404 729 οὔσης,
1432 694 1492 721 οὐδὲ
1516 694 1566 728 τὴν
1595 693 1743 728 ἐπιθυμίαν
1770 701 1803 726 γε

1020 742 1073 769 ἔδει
1097 743 1261 777 τοπαράπαν
1291 741 1498 776 συνεστηκέναι.
1532 739 1670 775 Πρόδηλον
1695 739 1750 774 γὰρ
1765 739 1805 770 ὡς

1020 790 1036 824 ἡ
1053 789 1185 822 ἐπιθυμία
1207 789 1240 815 δι’
1258 788 1428 822 εὐφροσύνην
1450 787 1497 813 καὶ
1511 787 1607 822 ἡδονὴν
1625 786 1681 821 ἔχει
1695 786 1744 821 τὴν
1758 785 1805 811 κί-

1021 843 1108 867 νησιν.
1125 835 1162 860 Οὐ
1176 834 1230 868 γὰρ
1247 834 1321 860 ἔστιν
1342 833 1436 868 ἔτερόν
1457 841 1485 858 τι
1504 832 1559 858 τῶν
1587 832 1708 862 πάντων,
1731 831 1804 864 ὑπὲρ

1020 880 1050 906 οὗ
1061 880 1199 915 δήπουθεν
1217 879 1288 914 αὕτη
1312 879 1345 906 ἂν
1362 878 1498 914 κινηθείη.
1517 877 1595 904 Οὕτω
1616 877 1645 903 δέ
1672 876 1721 911 τῆς
1744 877 1805 902 ἐπι-

1021 925 1124 960 θυμίας
1144 924 1287 959 ἀρθείσης,
1304 923 1352 950 καὶ
1368 923 1511 954 παντελῶς
1535 923 1568 949 ἐκ
1585 922 1670 956 μέσου
1685 929 1805 955 γεγενηο

1022 971 1118 1005 μένης,
1143 970 1202 996 οὑδέ
1219 969 1249 996 τὸ
1265 969 1315 1004 ’τῆς
1340 968 1429 1003 ψυχῆς
1447 969 1542 1003 χρῆμα
1560 969 1730 1002 παρέμεινεν
1758 966 1802 992 ἄν.

1021 1016 1057 1043 Οὐ
1075 1015 1130 1050 γὰρ
1144 1015 1201 1042 ἐστι
1215 1015 1265 1048 τὴν
1277 1012 1366 1049 ψυχὴν
1377 1014 1576 1048 ἀφαιρεθεῖσάν
1589 1021 1615 1040 τι
1639 1013 1694 1039 τῶν
1707 1012 1802 1046 αὐτῆς.

1022 1063 1050 1088 ἐν
1098 1061 1201 1095 γέγονεν.
1219 1060 1387 1087 καταστάσει
1408 1061 1512 1095 μεῖναι.
1535 1059 1620 1093 Δῆλον
1645 1059 1673 1085 δέ
1703 1059 1734 1084 ἐκ
1755 1058 1805 1084 τοῦ

1022 1107 1156 1133 ἐναντίου.
1171 1106 1238 1132 Οὐδὲ
1255 1105 1308 1140 γὰρ
1329 1105 1414 1136 εἰκὸς,
1432 1104 1493 1130 οὐδὲ
1512 1103 1699 1138 ἐνδεχόμενον,
1719 1110 1805 1135 προσ-

1021 1152 1114 1179 λαϐεῖν
1129 1161 1155 1178 τι
1171 1151 1289 1186 θύραθεν
1307 1150 1357 1186 τὴν
1371 1150 1471 1186 ψυχὴν,
1486 1149 1558 1175 ὥστε
1574 1151 1620 1175 καὶ
1642 1148 1743 1182 μᾶλλον
1755 1147 1807 1182 ψυ-

1023 1198 1073 1233 χὴν
1092 1198 1231 1231 γενέσθαι.
1248 1197 1353 1224 Οὐκοῦν
1379 1196 1440 1223 οὐδὲ
1467 1196 1580 1230 θάτερον
1601 1194 1714 1221 δυνατόν
1735 1194 1806 1226 ἐστι,

1023 1245 1053 1270 ἐδ
1068 1244 1217 1270 ἀποϐαλεῖν
1233 1252 1316 1278 φημι.
1337 1242 1456 1277 Ὀμοίως
1474 1243 1528 1277 γὰρ
1545 1242 1676 1275 ἑκάτερον
1692 1241 1806 1268 ἄτοπον.

1023 1290 1121 1324 Δὶγὰρ
1140 1289 1225 1324 ψυχαὶ
1243 1289 1289 1315 καὶ
1303 1288 1371 1324 πρὸς
1388 1287 1516 1322 ἀλλήλας,
1535 1287 1581 1313 καὶ
1612 1287 1681 1321 πρὸς
1708 1285 1806 1317 αὐτὰς,

1026 1336 1090 1367 ῑσως
1112 1335 1258 1370 ἀειδήποτε
1275 1333 1323 1360 καὶ
1337 1333 1470 1364 ὡσαύτως
1486 1332 1595 1367 ἔχουσιν
1609 1332 1659 1358 ὅσα
1674 1330 1746 1357 κατὰ
1757 1330 1808 1365 τὴν

1025 1381 1121 1408 οὐσίαν
1152 1381 1249 1416 αὐτὴν,
1275 1380 1323 1407 καὶ.
1340 1380 1371 1406 τὸ
1399 1380 1516 1414 ὲξσρχῆς
1543 1376 1623 1405 εἶναι.
1651 1377 1758 1405 Οὔκουν
1775 1385 1809 1411 γι

1025 1427 1144 1463 ψυχῆςῆ
1161 1427 1273 1462 χείρων,
1290 1426 1443 1461 ἢβελτίων,
1462 1425 1522 1452 οὐδὲ
1539 1426 1723 1459 ἐαυτῆςποτε,
1736 1423 1810 1450 κατὰ

1025 1474 1075 1508 τὴν
1087 1473 1168 1507 φύσιν
1185 1472 1312 1507 γενέσθαι
1326 1469 1380 1502 οἷός
1396 1480 1437 1502 τε,
1455 1472 1485 1498 οὐ
1495 1471 1586 1497 τοίνυν
1604 1470 1665 1497 οὐδὲ
1679 1469 1810 1502 δέξασθαί

1027 1528 1054 1546 τι
1069 1519 1122 1545 τῶν
1140 1518 1267 1552 θύραθεν,
1296 1517 1351 1544 οὐδ’
1380 1517 1538 1543 ἀποϐαλεῖν
1554 1516 1608 1543 τῶν
1637 1517 1756 1542 οἰκείων.
1777 1516 1810 1542 Et

1028 1566 1084 1600 γὰρ
1101 1565 1184 1599 ὑγιῶς
1202 1564 1261 1596 ἕξει
1278 1572 1309 1598 γε
1320 1564 1352 1590 τὺ
1368 1563 1429 1590 καθ’
1448 1562 1533 1597 αὐτὴν
1548 1563 1564 1596 ἡ
1579 1562 1663 1597 ψυχὴ,
1677 1562 1693 1597 ἢ
1705 1561 1811 1588 ἀποϐα-

1027 1610 1111 1636 λοῦσα
1127 1619 1153 1636 τι
1169 1610 1224 1636 τῶν
1240 1610 1337 1644 αὐτῆς,
1356 1609 1372 1644 ἢ
1398 1609 1445 1635 καὶ
1469 1608 1568 1640 ἔξωθεν
1595 1606 1788 1642 προσλαϐοῦσα
1801 1614 1812 1622 ⁵

1028 1655 1119 1690 δῆλον,
1136 1655 1174 1686 ὡς
1185 1657 1233 1690 οὐχ
1251 1655 1335 1689 ὑγιῶς
1356 1656 1390 1682 ἂν
1414 1652 1499 1689 εἶχεν,
1526 1655 1554 1681 ἐν
1573 1654 1612 1688 τῷ
1640 1653 1701 1681 καθ’
1727 1653 1813 1688 αὐτὴν

1031 1701 1161 1735 μένουσα,
1185 1700 1267 1727 Ἀλλὰ
1283 1700 1330 1726 νῦν
1341 1708 1373 1733 γε
1391 1700 1509 1734 μένουσα
1533 1699 1577 1733 ἐφ’
1595 1696 1673 1734 ᾧπερ
1694 1698 1744 1734 τὴν
1759 1699 1813 1733 ἀρ·

1029 1749 1080 1783 χὴν
1101 1749 1233 1782 ἐγεγόνει,
1246 1749 1274 1775 ἐν
1288 1747 1326 1783 τῷ
1341 1749 1418 1783 ἄκρῳ
1433 1748 1481 1774 τοῦ
1505 1747 1590 1775 καλοῦ
1622 1747 1710 1782 μένει.
1729 1747 1813 1774 Ὥστε

1030 1795 1098 1821 πᾶσι
1109 1794 1241 1829 φανερὸν,
1257 1795 1295 1825 ὤς
1309 1794 1370 1820 τότε
1385 1793 1486 1829 μᾶλλον
1506 1793 1598 1824 κακῶς
1622 1793 1678 1825 ἔξει
1692 1793 1733 1827 (ἐξ
1744 1793 1814 1819 ὑπο-

1031 1840 1132 1872 θέσεως
1147 1840 1174 1866 δέ
1187 1839 1282 1875 λέγω),
1298 1840 1363 1866 ὃταν
1387 1849 1414 1866 τι
1435 1840 1490 1867 τῶν
1508 1839 1624 1874 θύραθεν
1643 1839 1812 1875 ἐπιδὲξηται,

1030 1886 1046 1922 ἢ
1067 1886 1121 1913 τῶν
1135 1886 1207 1913 ἰδίων
1219 1885 1354 1921 ἀποϐάλῃ.
1372 1885 1411 1920 Τῇ
1431 1887 1479 1920 μὲν
1491 1886 1545 1921 γὰρ
1557 1885 1710 1919 προσλήψει
1726 1885 1814 1919 ὑπερ.

1031 1932 1109 1959 ϐαλεί
1122 1941 1128 1948 ·
1144 1933 1176 1967 τῇ
1188 1932 1216 1958 δὲ
1232 1931 1352 1966 ἐλλείψει
1366 1931 1487 1966 ὡσπερεί
1500 1941 1561 1958 τινα
1591 1932 1716 1966 πήρωσιν
1748 1931 1815 1957 ὑπο-

1032 1979 1173 2013 στήσεται.
1186 1979 1240 2004 Καὶ
1254 1977 1318 2013 μὴν,
1339 1978 1363 2004 εί
1381 1975 1414 2012 ἦν
1437 1977 1486 2012 τὴν
1505 1977 1594 2012 ψυχὴν
1615 1977 1750 2012 ἀκεραίαν
1765 1976 1815 2003 καὶ

1031 2025 1117 2060 καλὴν
1130 2025 1288 2060 εὑρεθῆναι,
1304 2026 1354 2059 τῆς
1376 2024 1525 2059 ἐπιθυμίας
1549 2023 1682 2058 ἀπούσης,
1699 2024 1815 2059 περιττή

1031 2079 1089 2102 πως
1106 2071 1152 2097 καὶ
1163 2071 1261 2105 αἰσχρὰ
1275 2071 1371 2104 γένοιτ’
1386 2070 1418 2097 ἂν
1443 2072 1475 2105 τῇ
1490 2071 1539 2104 τῆς
1555 2070 1706 2105 ἐπιθυμίας
1728 2078 1817 2104 προσ-

1033 2118 1115 2154 θήκῃ.
1148 2118 1179 2145 Et
1195 2118 1223 2144 δέ
1239 2117 1287 2145 νῦν
1303 2118 1386 2153 αὐτὴν
1403 2118 1489 2152 καλὴν
1513 2119 1559 2144 καὶ
1574 2118 1722 2152 ὁλόκληρον
1747 2118 1818 2153 6ρῶ-

200 2161 252 2188 bit.
280 2160 361 2194 Atqui
383 2161 404 2188 si
431 2161 538 2187 animus
563 2161 668 2195 integer
694 2169 727 2188 ac
751 2163 837 2188 bonus
867 2163 971 2190 invenir

1037 2171 1096 2198 μεν,
1115 2163 1225 2197 εὔδηλον
1242 2163 1274 2190 ἂν
1285 2163 1327 2198 εἴη
1340 2163 1445 2197 σαφῶς,
1457 2163 1494 2193 ὡς
1510 2161 1545 2198 ἦν
1560 2164 1594 2189 ἂν
1611 2163 1737 2198 αίσχίστη
1767 2164 1817 2190 καὶ

200 2210 302 2238 posset,
328 2205 448 2240 appetitu
485 2206 641 2237 destitutus.
665 2207 815 2241 superﬂuus
844 2211 870 2235 et
898 2208 974 2243 turpi:

1035 2209 1147 2245 ἐλλιπὴς
1164 2211 1196 2244 τῇ
1210 2209 1256 2235 τοῦ
1275 2209 1373 2243 μέρους
1391 2209 1544 2244 ἀφαιρέσει.
1562 2209 1603 2235 Τὰ
1625 2209 1680 2244 γὰρ
1709 2209 1818 2235 ἐναντία

202 2257 275 2280 esset
296 2259 331 2279 ex
362 2251 498 2286 appetitus
528 2253 701 2284 accessione;
735 2253 776 2280 sin
810 2253 885 2280 illum
912 2262 984 2281 nunc

205 2296 345 2331 pulchrum
365 2298 393 2323 el
419 2296 553 2331 integrum
568 2297 703 2328 videmus,
734 2298 877 2333 perspicue
899 2298 985 2325 mani-

203 2343 303 2370 festum
333 2342 399 2374 erit,
430 2342 617 2377 turpissimum
644 2348 672 2369 et
698 2343 884 2376 imperfectum
915 2344 984 2377 fore,

203 2389 291 2423 partis
307 2388 480 2422 ademptione
495 2387 578 2414 facta.
597 2388 701 2423 Quippe
720 2389 856 2416 contraria
874 2394 983 2418 contra-

206 2435 255 2461 riis
272 2442 325 2462 non
338 2435 427 2461 minus
441 2434 665 2462 demonstrantur
692 2442 772 2469 quam
792 2435 889 2462 similia
905 2436 982 2463 sinti-

205 2481 289 2509 libus.
307 2480 440 2508 Neutrum
473 2481 555 2514 igitur
571 2480 668 2508 borum
697 2480 896 2508 contrariorum
922 2489 983 2509 eum

204 2529 277 2556 bono
315 2531 458 2561 congruet,
489 2527 522 2553 (le
541 2526 689 2554 amissione
719 2526 814 2560 loquor
832 2531 859 2554 et
880 2534 984 2554 assum-

204 2573 305 2608 ptione.
337 2572 393 2599 luto
428 2572 518 2606 potius
556 2572 698 2606 perspicue
726 2573 907 2599 necessarium
932 2578 984 2605 est,

206 2624 353 2653 utrumque
364 2618 456 2645 animo
469 2618 599 2645 infestum
616 2625 686 2650 esse,
716 2622 770 2644 tam
798 2619 983 2646 accessionem

206 2663 311 2690 scilicet
326 2670 406 2697 quam
419 2662 626 2694 detractionem,
654 2667 682 2689 ut
711 2669 799 2697 neque
822 2663 984 2698 superﬂuunt

207 2709 310 2743 aliquid
324 2715 456 2742 assumat,
481 2716 568 2744 neque
591 2709 730 2736 mutiletur
753 2710 824 2744 quod
850 2710 983 2745 integrum

207 2760 261 2782 est.
277 2756 458 2787 Quamobrem
476 2756 527 2783 hoc
543 2755 689 2790 explicato,
709 2756 766 2783 ﬁeri
787 2756 892 2783 scilicet
914 2757 984 2784 haud

207 2806 286 2833 posse
301 2805 329 2827 ut
341 2800 448 2828 animus
463 2801 609 2829 incolumis
622 2801 658 2828 sit
669 2800 771 2835 absque
791 2802 921 2836 appetitu,
937 2809 985 2829 ea-

207 2843 269 2871 dem
295 2845 402 2873 ratione
431 2846 574 2880 probatum
598 2845 728 2878 arbitror,
761 2853 811 2874 nec
836 2847 986 2882 appetitum

1033 2255 1089 2282 τῶν
1105 2256 1233 2282 ἐναντίων
1250 2255 1387 2287 ἀπόδειξις
1401 2255 1451 2289 οὐχ
1466 2252 1548 2291 ἧττον
1565 2255 1581 2289 ἢ
1598 2255 1632 2281 τὰ
1659 2256 1739 2288 ὅμοια
1762 2256 1818 2281 τῶν

1035 2301 1147 2336 ὁμοίων.
1165 2300 1318 2335 Τοιγαροῦν
1331 2300 1384 2326 τῶν
1399 2301 1527 2327 ἐναντίων
1542 2300 1683 2335 οὖδέτερον
1692 2301 1730 2335 τῷ
1741 2300 1818 2335 καλῷ

1036 2346 1225 2381 συμϐήσεται·
1239 2346 1288 2380 τὴν
1309 2345 1448 2379 ἀποϐολήν
1480 2354 1552 2380 φημι
1569 2346 1616 2372 καὶ
1630 2346 1679 2380 τήν
1699 2345 1820 2380 πρόσλη-

1035 2392 1092 2428 ψιν.
1118 2392 1228 2419 Μᾶλλον
1255 2393 1277 2419 δ’
1301 2393 1449 2426 ἀναγκαῖον
1476 2392 1569 2426 σαφῶς
1587 2392 1645 2417 ἐστι
1677 2393 1722 2418 καὶ
1740 2392 1821 2418 πολε-

1037 2437 1105 2472 μίως
1115 2436 1188 2472 ἔχειν
1203 2437 1334 2472 ἑκάτερον
1347 2438 1379 2472 τῇ
1395 2438 1479 2472 ψυχῇ,
1494 2436 1595 2472 δηλαδὴ
1610 2437 1656 2462 καὶ
1671 2436 1721 2471 τὴν
1733 2445 1819 2471 προσ-

1037 2483 1135 2518 θήκην,
1154 2482 1202 2509 καὶ
1229 2482 1278 2517 τὴν
1302 2482 1468 2517 ἀφαίρεσιν
1491 2482 1536 2508 ἵνα
1551 2481 1618 2516 μήτε
1648 2482 1777 2516 περιττόν
1793 2489 1820 2507 τι

1038 2528 1193 2565 προσλάϐῃ,
1220 2529 1287 2563 μήτε
1303 2527 1419 2563 πηρωθῇ
1436 2529 1465 2554 τὺ
1479 2527 1641 2561 ὁλόκληρον,
1659 2526 1766 2553 Οὐκοῦν
1781 2528 1821 2558 ὼς

1037 2574 1117 2601 τοῦτο
1129 2574 1227 2608 γέγονε
1242 2574 1334 2609 δῆλον,
1367 2574 1405 2608 μὴ
1427 2571 1484 2600 οἷόν
1512 2581 1541 2599 τε
1569 2571 1705 2607 εἷναι,τὴν
1730 2572 1821 2607 ψυχὴν

1038 2620 1175 2655 διαμένειν
1195 2620 1343 2654 ἐπιθυμίας
1360 2620 1456 2654 χωρὶς,
1477 2618 1523 2646 τὸν
1540 2619 1608 2650 ἴσον,
1631 2617 1720 2652 οἶμαι,
1733 2618 1820 2644 δέδει-

1037 2673 1100 2691 κται
1113 2665 1225 2700 τρόπον,
1240 2665 1307 2700 μηδὲ
1322 2665 1371 2700 τὴν
1385 2664 1532 2698 ἐπιθυμίαν
1550 2664 1725 2689 συνίστασθαι
1741 2663 1822 2689 δυνα-

1037 2709 1084 2735 τὸν
1098 2708 1242 2744 εἷναι,τῆς
1263 2709 1360 2744 ἡδονῆς
1382 2708 1515 2743 μηδαμῶς
1541 2707 1635 2741 οῠσης.
1658 2707 1735 2733 Ὠστΐ
1759 2707 1821 2734 οὑδὲ

1037 2755 1140 2790 ταύτης
1167 2755 1290 2790 ἀπούσης
1316 2753 1372 2782 οἷόν
1387 2754 1418 2781 τέ
1443 2755 1501 2780 ἐστι
1524 2753 1706 2785 διασώζεσθαι
1722 2753 1752 2779 τὸ
1771 2753 1821 2786 τῆς

1037 2801 1127 2835 ψυχῆς
1142 2801 1248 2836 χρῆμα,
1264 2800 1389 2835 εἷπερτῇ
1415 2799 1465 2833 μὲν
1483 2799 1563 2834 ἡδονῇ
1582 2799 1632 2834 τὴν
1659 2798 1821 2831 ἐπιθυμίαν,

1037 2846 1123 2882 ταύτῃ
1140 2847 1229 2882 δὲτὴν
1244 2846 1334 2882 ψυχὴν
1356 2848 1369 2874 ὸ
1385 2845 1463 2879 λόγος
1484 2854 1515 2879 γε
1531 2846 1597 2880 ἡμῖν
1617 2844 1701 2876 ἔδειξε
1729 2852 1823 2872 συναι-
