1937 3078
114 154 169 187 469

812 157 953 189 ORATIO
971 160 1007 189 ν.

1682 154 1734 186 4¹0

116 212 265 248 ρουμινην.
279 213 364 241 Ταυτὶ
380 213 408 241 δὲ
427 215 534 251 εἴρηταί
549 224 595 251 μοι
610 216 658 244 καὶ
667 217 897 250 κατεσκεύασται,

955 218 1098 246 consistere
1119 225 1208 254 posse,
1221 217 1242 245 si
1260 216 1332 244 nulla
1349 215 1473 250 voluptas
1498 215 1548 246 sit;
1574 215 1689 248 ideoque
1704 214 1727 240 si

116 256 179 296 Νῇ
197 259 273 286 τουτὶ
290 260 420 296 φανερὸν,
434 261 472 293 ὡς
489 262 534 296 ἄρ’
559 262 703 298 ἐμπέφυκε
718 264 752 298 τῇ
766 263 840 299 ψυχῇ
854 263 899 290 διὰ

115 305 164 331 τοῦ
174 305 374 340 ἐπιθυμητικοῦ
390 307 492 342 μέρους
508 308 524 343 ἡ
545 309 639 344 ἡδονὴ,
657 309 727 337 οὖσά
742 300 832 344 γέτις
854 310 900 336 δύ’

118 360 202 386 ναμις
231 352 316 379 αἰτοῦ
343 353 476 389 οὔσιώδης
500 355 546 380 καὶ
575 355 725 390 ἀχὼριστος
749 355 896 387 παντελῶς.

106 391 196 424 ¹Ὦστ⁹
221 398 291 433 ὅπερ
311 398 519 434 ὑπισχνούμεθα
546 399 656 432 δείξειν,
681 400 783 434 ἀγαθδν
803 401 900 435 εἴληφε

117 443 206 476 τέλος,
222 444 290 471 Θεοῦ
304 446 512 480 συναιρομένου,
529 446 643 482 βραχέσι
653 447 752 481 λόγοις.
769 448 800 474 Ei
818 448 845 474 δὲ
856 447 904 474 καὶ

119 489 253 517 πλειόνων
270 488 305 525 ἦν
324 491 416 526 χρεία,
431 491 496 526 ὲξῆν
515 500 547 525 γε
562 492 648 526 δήπου
674 493 723 519 καὶ
738 493 818 520 τοῦτο
834 493 904 527 μετᾶ

119 536 224 571 πολλῆς
239 536 288 571 τῆς
308 537 452 571 ῥᾳστώνης
464 537 606 570 γενέσθαι.
623 538 733 572 Πέφυκε
749 539 803 574 γὰρ
820 539 904 573 τάλη-

118 581 167 612 θὲς
180 581 287 608 οῐκοθςν
302 582 438 616 πηγάζειν
454 583 503 614 τὰς
515 583 645 618 ἀφορμὰς
664 584 715 619 τῆς
742 584 840 611 ἑαυτοῦ
858 593 906 611 συ-

120 627 255 657 στάσεως.
277 627 356 653 Ἐπεὶ
369 627 397 654 δὲ
410 627 470 659 ἃλις
481 628 538 664 ἔχει
552 629 587 655 τὰ
600 629 665 663 περὶ
675 628 786 662 τούτου,
801 629 848 656 καὶ
861 629 903 656 δέ·

118 671 225 698 δεικται
241 672 258 704 ή
280 672 361 707 ἡδονὴ
373 672 572 707 ξυμπεφυκυῖα
589 673 640 708 μὲν
659 675 693 709 τῇ
707 674 793 709 ψυχῇ,
808 674 904 701 θεόθεν

118 716 147 742 δὲ
165 716 233 751 αὐτὴ
251 717 395 752 δεδομένη.
412 718 503 753 ἀγαθὴ
518 719 547 745 δὲ
569 719 728 753 ἀναγκαίως
745 720 790 754 (τὰ
805 720 858 755 γὰρ
871 720 903 746 ἑκ

119 761 189 788 Θεοῦ
203 763 340 798 τοιαῦτα)·
358 764 426 797 φέρε
442 765 530 797 καλὴν
543 765 630 799 αὐτὴν
647 765 836 800 ἀποδείξωμεν
855 765 902 792 καὶ
923 779 935 790 ο

118 809 173 835 ἀπὸ
190 808 245 835 τῶν
258 810 431 844 πραγμάτων
443 810 534 837 αὐτᾶν
551 812 619 846 μετὰ
632 811 782 847 λογισμῶν,
802 811 836 846 ἢν
851 808 902 838 οἷοι

117 863 149 881 τε
165 854 310 890 γενώμεθα
327 856 406 883 τοῦτο
418 857 542 890 ποιῆσαι.

953 271 983 291 ea
1004 264 1074 291 nulla
1092 265 1138 297 sit,
1157 271 1205 291 nec
1228 263 1333 291 animus
1352 262 1408 296 ipse
1436 261 1525 288 salvus
1545 268 1604 287 esse
1623 261 1732 294 poterit,

954 309 1172 344 quandoquidem
1189 308 1336 343 appetitum
1354 314 1414 334 cum
1434 306 1582 340 voluptate,
1610 312 1670 332 cum
1688 311 1736 338 ap-

954 355 1038 390 petitu
1052 355 1171 382 animum
1189 361 1296 388 quoque
1314 352 1370 380 tolli
1400 359 1414 379 e
1432 351 1520 378 medio
1545 350 1732 385 probavimus.

955 401 1019 429 llaec
1036 405 1125 428 autem
1150 409 1163 427 a
1183 407 1226 427 me
1241 399 1312 426 dicta
1329 403 1393 426 sunt
1416 402 1443 424 et
1459 398 1617 428 constituta,
1635 401 1662 424 ut
1678 404 1734 423 ma-

955 447 1083 475 nifestum
1099 447 1143 479 sit,
1173 446 1294 473 innatam
1317 452 1377 472 esse
1393 444 1557 484 voluptatem
1574 443 1665 470 animo
1689 450 1735 476 per

954 494 1014 528 ejus
1026 497 1130 528 partem
1147 496 1328 527 appetentem.
1354 499 1414 526 qua:
1433 491 1619 518 substantialis
1645 494 1671 517 et
1696 490 1736 516 iu-

955 539 1115 574 separabilis
1130 538 1240 565 omnino
1259 537 1375 564 facultas
1393 537 1465 564 illius
1480 537 1525 563 sil.
1547 537 1674 571 Adeoque
1686 537 1735 563 bo—

954 593 1019 612 num
1045 585 1077 612 ad
1101 585 1181 612 linem
1214 584 1375 618 perductum
1419 588 1470 615 est,
1499 581 1645 614 adiuvante
1670 582 1736 612 Deo,

954 631 1049 665 paucis
1064 638 1130 658 sane
1145 630 1245 662 verbis,
1258 629 1331 663 quod
1349 634 1506 656 ostensuros
1526 635 1575 654 uos
1587 628 1736 662 polliceba-

955 684 1026 703 mur.
1038 675 1115 709 Quod
1132 675 1153 702 si
1167 674 1290 709 pluribus
1297 682 1365 709 opus
1378 678 1460 706 esset,
1475 673 1556 700 etiam
1570 673 1596 700 id
1607 680 1736 708 perquam

956 721 1034 749 facile
1049 726 1178 757 praestare
1190 728 1343 756 possemus.
1365 721 1400 748 Ea
1419 727 1537 754 namque
1551 720 1672 747 veritatis
1697 725 1739 746 est.

956 772 1064 800 natura,
1077 771 1106 794 ut
1122 767 1280 795 occasiones
1295 771 1322 794 et
1335 773 1433 794 causas
1449 766 1606 794 stabiliendi
1619 767 1736 800 seipsam

955 817 987 839 ex
1003 817 1034 838 se
1049 812 1125 845 quasi
1145 811 1217 838 fonte
1232 811 1349 846 quodam
1367 810 1522 846 profundat.
1541 811 1595 838 Sed
1610 813 1671 846 quia
1695 818 1738 838 res

955 857 1024 885 satis
1043 861 1085 884 est
1100 856 1248 890 explicata,
1266 856 1475 891 probatumque,
1499 857 1664 891 voluptatem
1678 858 1739 883 ani-

120 910 164 930 mo
178 910 193 929 a
211 908 305 931 natura
319 904 432 932 inditam
448 912 480 932 ac
495 905 627 933 divinitus
639 906 719 934 nobis
731 912 901 938 concessam,
921 907 1041 939 adeoque
1076 903 1232 931 necessario
1262 904 1360 931 bonam
1378 911 1438 931 esse
1455 904 1529 931 (sunt
1563 903 1634 930 enim
1664 903 1740 937 ejus-

118 949 191 977 modi
231 957 292 984 qua:
316 958 331 978 a
362 951 417 978 Deo
443 951 676 987 proficiscuntur),
698 959 758 987 age,
786 951 821 979 de
852 951 917 986 ipsis
954 951 1034 978 etiam
1063 950 1144 977 rebus
1175 955 1235 976 eam
1281 949 1378 976 bonam
1417 950 1651 983 demonstremus,
1685 957 1738 976 non

117 995 179 1023 eine
196 995 462 1028 ratiocinationibus,
483 997 505 1024 si
535 997 645 1032 quidem
672 997 698 1024 id
715 997 804 1025 facere
828 997 987 1031 poterimus.

154 1041 324 1076 Πολλαχὸθεν
340 1042 390 1076 μὲν
404 1039 452 1068 οὖν
466 1042 540 1068 ἔσται
552 1043 718 1077 καταφανὲς,
734 1043 772 1074 ὡς
789 1042 900 1069 δύναται

991 1042 1027 1069 De
1042 1041 1134 1070 multis
1147 1049 1211 1077 ergo
1232 1042 1347 1077 parebit.
1365 1049 1446 1077 posse
1474 1042 1642 1076 voluptatem
1664 1042 1740 1069 inve-

115 1089 136 1123 ἡ
155 1088 235 1122 ἡδονὴ
250 1087 441 1123 καθαρεύουσα
464 1088 560 1115 κακῶν
581 1088 739 1124 εὑρεθῆναι,
762 1090 789 1116 εί
809 1089 853 1120 τίς
871 1096 904 1122 γε

117 1134 211 1169 ἐκείνῃ
221 1133 321 1169 χρῷτο,
336 1133 374 1164 ὡς
386 1133 445 1160 δέον
458 1135 587 1169 χρῆσθαι.
596 1135 633 1160 Τὸ
646 1134 711 1170 γὰρ.
726 1132 814 1170 οἶμαι,
832 1134 905 1168 ἐφίε-

117 1178 186 1205 σθαι
201 1179 408 1213 καὶ¹ὲπιθυμεῖν
423 1179 477 1206 τῶν
493 1180 531 1211 ὼς
541 1180 651 1214 ἀληθῶς
665 1181 769 1214 ἐφετῶν
783 1180 832 1207 καὶ
847 1181 906 1207 ἑπι-

116 1226 266 1260 θυμεϊσθαι
283 1225 408 1259 δικαίων,
427 1226 475 1253 καὶ
488 1227 549 1258 ταῖς
563 1227 617 1253 ἀπὸ
630 1226 734 1254 τούτων
749 1226 826 1258 αὖθις
843 1226 905 1261 ήδο-

117 1272 178 1302 ναῖς
192 1271 406 1305 έπαγάλλεσθαι,
430 1272 561 1307 οῦδεμίαν
580 1281 611 1307 γε
629 1272 737 1299 δικαίαν
753 1272 854 1305 δέξαιτ’
872 1273 905 1300 ἂν

118 1316 238 1351 μέμψιν,
254 1316 322 1343 ὅπου
338 1324 370 1350 γε
387 1316 433 1343 καὶ
457 1317 613 1344 τούναντίον
626 1317 741 1349 πολλοὺς
764 1318 903 1349 ἐπαίνους.

125 1362 188 1396 Ὑφ’
211 1362 289 1397 ήμῶν
305 1363 360 1398 γὰρ
375 1362 531 1398 ζητουμένη
545 1364 562 1399 ἠ
583 1364 824 1399 ὲπισυμὸαίνουσα
848 1365 905 1395 τοῖς

119 1408 300 1443 ζητουμένοις
312 1408 346 1435 δι’
360 1409 448 1436 ἐκεῖνό
463 1417 494 1442 γε
509 1409 558 1436 καὶ
574 1409 666 1444 μόνον,
684 1409 698 1436 δ
712 1411 746 1445 τῇ
765 1409 846 1442 φύσει
861 1409 905 1435 δέ·

118 1455 194 1482 δοται
209 1455 301 1490 ζητεῖν
317 1455 436 1489 ὲξαρχῆς
453 1454 545 1486 εὐθὺς,
559 1455 682 1490 δηλονότι
696 1455 742 1482 τδν
756 1454 834 1487 Θεδν,
854 1455 905 1489 τὴν

120 1500 233 1536 ἀρετὴν,
249 1500 298 1535 τὴν
311 1500 412 1535 ἑαυτῆς
426 1500 566 1534 σύστασιν,
577 1500 636 1531 πῶς
645 1500 694 1527 οὐκ
707 1500 741 1528 ἂν
754 1500 797 1536 είη
811 1500 905 1527 δικαία

117 1547 136 1581 ἡ
154 1547 233 1582 ἡδονὴ
249 1545 339 1581 ἀγαθὴ
354 1546 526 1578 νομίζεσθαι,
545 1546 594 1572 καλ⁸
609 1546 709 1577 καλοὺς
731 1545 905 1581 ἐργαζομένη

119 1594 184 1624 τοὺς
199 1592 284 1627 αὐτῆς
308 1592 456 1627 σωφρόνως
473 1593 654 1628 μετέχονταςς
676 1591 782 1619 Αὐτίκα
797 1591 862 1627 γοῦν
877 1593 905 1618 ἐν

119 1639 178 1670 ταῖς
195 1638 373 1674 ἱπουρανίαις
387 1638 548 1672 δυνάμεσιν,
564 1638 593 1664 ὲν
609 1636 709 1673 αἷσπερ
730 1637 782 1664 οὐκ
798 1638 906 1673 ἐνδέχε-

119 1683 165 1710 ταί
182 1692 208 1710 τι
223 1684 278 1710 τῶν
293 1683 345 1710 οὐκ
361 1683 473 1718 ἀγαθῶν
488 1681 570 1715 ιῐναι,
588 1682 680 1719 εὕροις
700 1683 733 1711 ἂν
748 1684 903 1719 ἀμφότερα·

120 1730 167 1756 καὶ
193 1729 243 1764 τὴν
269 1729 420 1764 ἐπιθυμίαν
441 1729 521 1764 φημὶ,
540 1730 587 1756 καὶ
611 1730 661 1765 τὴν
688 1730 786 1766 ἡδονήν
799 1739 806 1745 ·
824 1730 872 1762 Εἰς
887 1729 904 1757 ἃ
917 1722 938 1751 c

119 1775 295 1810 ἐπιθυμοῦσι,
319 1775 414 1810 φησὶν,
438 1775 551 1809 ἄγγελοι
569 1775 742 1810 παρακύψαι.
765 1776 820 1802 Καὶ
837 1775 906 1803 ἀπέ-

121 1829 228 1856 ραντος.
242 1822 290 1848 καὶ
308 1821 425 1856 ἀληκτος
442 1821 566 1848 καλεῖται
582 1822 599 1857 ἡ
619 1821 712 1856 ἡδονὴ,
729 1821 747 1857 ἡ
763 1822 819 1853 τοῖς
834 1821 906 1848 ἀσωο

121 1867 218 1902 μάτοις
232 1867 276 1894 ἀεὶ
290 1866 426 1895 σύνεστιν.
442 1867 517 1902 Αὕτη
533 1868 608 1907 παρα
627 1867 683 1894 τῶν
698 1867 785 1901 ἀγίων
800 1867 905 1902 ἀνδρῶν

119 1914 169 1941 καὶ
182 1914 285 1948 τρυφὴ,
310 1914 358 1940 καὶ
371 1913 529 1948 εὐφροσύνη
548 1914 794 1949 προσαγορεύεται,
819 1915 866 1941 καὶ
881 1915 908 1941 ετ

121 1969 148 1986 τι
159 1958 288 1986 τοιοῦτον.
302 1958 376 1994 Αὕτη
385 1959 433 1987 καὶ
443 1960 557 1987 δικαίων
567 1960 666 1995 ψυχαῖς
679 1961 807 1989 συνέσται
817 1960 906 1995 διηνε-

121 2006 190 2037 κῶς,
213 2005 339 2032 ἐντεῦθεν
363 2005 510 2037 λαϐούσαις
531 2005 582 2045 τῆς
602 2005 698 2041 ἡδονῆς
713 2007 762 2040 τῆς
779 2006 837 2031 ἐκεῖ
859 2005 906 2032 τὸν

121 2052 204 2079 καλδν
221 2052 380 2088 ἀρῤασῶνα.
396 2053 427 2079 Ei
443 2053 472 2079 δέ
486 2061 525 2083 τις
545 2052 616 2087 μέγα
629 2051 734 2087 νομίζει
748 2051 779 2078 τὺ
790 2051 840 2085 τὴν
857 2051 906 2077 αὺ-

119 2099 168 2134 τὴν
184 2101 239 2130 τοῖς
260 2100 419 2135 ἀσωμάτοις
438 2099 544 2134 τρυφὴν
568 2099 643 2134 ἡμᾶς
669 2098 753 2133 ἒχειν,
774 2098 821 2135 καὶ
836 2098 904 2124 ἀπο·

118 2145 213 2172 λαύειν
230 2146 284 2172 τῶν
305 2146 421 2178 ἐκείνοις
445 2145 624 2171 ἀπολαυστῶν
641 2145 711 2179 μετά
733 2145 783 2179 τὴν
798 2143 904 2170 ἐνθένδε

119 2192 204 2228 ζωὴν,
222 2192 367 2219 ἀκουσάτω
389 2200 422 2225 γε
438 2192 559 2222 κάκεῖνο,
579 2191 618 2223 ὡς
639 2191 686 2218 καὶ
708 2191 815 2218 ἐνταῦθ’
837 2191 904 2225 ἡμῖν

119 2239 207 2271 ἔξεστι
220 2238 315 2264 τούτου
337 2237 464 2273 μετέχειν
477 2237 524 2264 τοῦ
545 2236 658 2271 ἀγαθοῦ.
675 2237 739 2268 Τοῖς
754 2236 809 2272 γὰρ
826 2236 905 2264 εἰσά-

119 2284 175 2317 παξ
189 2284 331 2318 καθαροῖς.
352 2284 368 2317 ἢ
386 2283 615 2318 κεκαθαρμένοις,
627 2283 708 2319 χάρις
721 2283 827 2309 ἐκεῖθεν
843 2283 904 2309 ὲπι-

119 2331 209 2366 φοιτᾷ,
262 2338 293 2363 γε
314 2329 442 2364 μέλλουσι
462 2330 582 2356 συνεῖναι
595 2329 642 2356 τὸν
656 2329 745 2356 πάντα
759 2329 865 2364 χρόνον.
879 2329 903 2354 εί

120 2376 167 2401 καὶ
181 2375 383 2410 ἀδρανὲστερίν
411 2383 468 2406 πως
496 2374 544 2401 καὶ
568 2374 755 2409 ἀμυδρότερον
778 2373 904 2400 ἐνταυθοί

118 2420 198 2446 τοῦτο
223 2420 339 2454 γίνεται.
356 2419 405 2446 Διά
422 2420 475 2454 γὰρ
490 2419 520 2446 τὸ
540 2419 728 2454 ἐπιπροσθοῦν
742 2419 793 2455 ήδη
821 2419 901 2453 σῶμα

117 2467 150 2500 τῇ
167 2465 217 2500 τῆς
232 2465 322 2499 ψυχῆς
340 2465 442 2500 θεωρίᾳ
469 2466 516 2492 καὶ
529 2465 564 2491 τὰ
579 2465 633 2491 ἀπὸ
651 2464 730 2491 τοῦδε
747 2465 830 2499 πάθη.
853 2465 902 2492 καὶ

116 2512 168 2542 τὶς
184 2511 229 2538 διὰ
247 2510 335 2538 ταῦτα
351 2511 507 2545 φροντίδας,
528 2511 605 2538 οὗδὲν
620 2511 653 2538 ἂν
669 2511 756 2546 δήπου
772 2511 900 2545 καθαρῶς

117 2557 172 2583 τῶν
184 2555 330 2590 θεωρητῶν
346 2556 550 2591 θεωρήσαιμεν,
565 2557 581 2592 ἢ
595 2557 650 2584 τῶν
663 2557 767 2592 ἐφετῶν
781 2557 901 2584 ἀπολαύ-

117 2611 225 2637 σαιμεν.
244 2602 308 2633 Τοῖς
325 2610 357 2636 γε
369 2603 423 2637 μὴν
439 2603 537 2635 ἀϊδίοις
553 2603 667 2638 μηδενὸς
688 2603 812 2630 τοιούτου
830 2612 901 2638 παρ-

116 2648 288 2684 ενοχλοῦντος
315 2648 510 2684 καθαρώτερον
542 2651 648 2684 ἐφεῖται
683 2650 830 2684 ἐπιθυμεῖν
855 2650 903 2677 καὶ

115 2693 312 2727 εὐφραίνεσθαι
325 2695 359 2721 τὰ
374 2694 533 2730 ὲπιθυμητά
544 2704 575 2729 γε
587 2696 634 2721 καὶ
652 2696 801 2731 εὖφραντά,
819 2696 902 2722 ταυτὺ

115 2738 140 2764 δ’
152 2739 241 2773 εἰπεῖν
253 2739 289 2766 τὰ
301 2739 376 2774 ἡδέα.
394 2740 475 2767 Ὅθεν
486 2741 530 2767 ἀεὶ
542 2741 590 2775 μὲν
603 2741 752 2776 θεωροῦσιν
762 2741 800 2772 ὡς
813 2741 903 2768 ἔνεστι

113 2783 144 2809 τδ
161 2783 301 2818 βασιλικὸν
316 2784 426 2818 κάλλος,
440 2786 548 2820 καὶτῆς
561 2786 666 2812 ἐκεῖθεν
681 2786 826 2822 ἀστραπῆς
842 2795 899 2813 κοι-

113 2831 194 2854 νωνοὶ
220 2829 358 2862 γίνονται,
385 2830 498 2865 καὶτῆς
521 2831 685 2866 θαυμαστῆς
713 2832 898 2859 ἀπολαύουσιν

113 2873 198 2910 ὥρας.
215 2874 303 2911 Κόρον
316 2874 345 2902 δὲ
361 2875 422 2902 οὔτε
437 2876 545 2910 ἔλαθον,
563 2869 783 2912 οὓτέλήψονται.
799 2878 897 2907 Μακά-

956 1087 1019 1121 niri,
1033 1094 1092 1122 qua:
1106 1088 1234 1115 immunis
1252 1087 1312 1115 sita
1333 1087 1418 1119 vitiis,
1437 1088 1459 1114 si
1470 1088 1531 1122 quis
1550 1094 1581 1114 ea
1596 1087 1636 1114 sic
1647 1090 1741 1113 utatur

956 1133 1182 1168 quemadmodum
1197 1133 1235 1160 uti
1252 1137 1368 1168 oportet.
1384 1132 1464 1164 Nam.
1477 1138 1505 1160 ut
1520 1132 1646 1167 equidem
1668 1132 1741 1159 arbi-

957 1185 1023 1212 ll'OI',
1041 1187 1070 1207 ea
1085 1185 1141 1207 tum
1161 1184 1298 1215 appetere,
1314 1185 1370 1207 tum
1381 1180 1587 1215 concupiscere.
1605 1187 1665 1214 ([th
1675 1186 1740 1206 νοτ-ο

955 1231 1020 1254 sunt
1036 1226 1164 1261 optabilia
1196 1227 1349 1260 meritoque
1378 1225 1603 1259 concupiscenda,
1626 1233 1741 1260 quaeque

956 1273 988 1300 de
1004 1273 1047 1300 bis
1061 1272 1213 1306 voluptates
1226 1272 1372 1303 exsistunt,
1391 1272 1423 1300 iis
1439 1272 1582 1305 delectari,
1597 1272 1698 1299 nullam
1712 1272 1742 1298 id

955 1318 1063 1353 quidem
1080 1319 1181 1353 justam
1199 1319 1438 1352 reprehensionem
1454 1324 1586 1352 meretur,
1601 1319 1623 1346 si
1655 1326 1708 1346 non
1725 1326 1741 1345 ο

955 1364 1065 1392 diverso
1079 1364 1177 1391 multas
1190 1364 1282 1399 potius
1297 1364 1401 1392 laudes.
1417 1364 1522 1400 Quippe
1546 1365 1567 1392 si
1585 1364 1709 1399 voluptas
1724 1370 1740 1391 α

956 1411 1034 1438 nobis
1055 1418 1086 1438 ea
1115 1415 1254 1445 quaeratur
1270 1417 1330 1446 quae
1347 1411 1431 1438 rebus
1455 1411 1653 1446 investigandis
1669 1410 1740 1438 uitro

955 1455 1068 1488 accedit,
1088 1461 1115 1483 et
1134 1461 1244 1490 propter
1255 1456 1306 1483 hoc
1320 1455 1407 1483 solum
1422 1457 1492 1492 quod
1517 1457 1610 1484 statim
1639 1457 1672 1484 ab
1687 1457 1740 1483 ini-

957 1502 994 1528 tio
1012 1505 1116 1529 natura
1143 1501 1234 1528 datum
1262 1506 1313 1533 est,
1341 1506 1370 1529 ut
1385 1506 1534 1536 quaeratur,
1555 1506 1618 1537 puta
1643 1502 1739 1534 Deum,

956 1547 1096 1580 virtutem,
1121 1547 1220 1575 suimet
1235 1548 1496 1576 conservationem:
1515 1556 1633 1583 quonam
1661 1555 1740 1584 pacto

956 1599 1010 1620 non
1026 1593 1099 1620 istzec
1110 1593 1172 1626 jure
1191 1593 1261 1620 bona
1274 1593 1389 1620 ducatur
1400 1601 1460 1621 esse
1475 1595 1610 1629 voluptas,
1627 1602 1741 1629 qumque

955 1639 1042 1666 bonos
1054 1637 1164 1670 efﬁciat,
1183 1643 1318 1673 quotquot
1333 1646 1393 1666 eam
1425 1640 1476 1666 rite
1494 1640 1664 1675 percipiunt?
1682 1641 1741 1668 Pri-

957 1692 1031 1712 mum
1045 1685 1072 1712 in
1087 1684 1154 1720 ipsis
1162 1685 1249 1719 copiis
1263 1685 1430 1716 coelestibus.
1459 1686 1484 1713 in
1501 1686 1601 1721 quibus
1619 1687 1676 1714 ﬂeri
1692 1694 1741 1714 ne-

955 1730 1015 1764 quit
1030 1734 1058 1757 ut
1075 1729 1178 1764 aliquid
1204 1737 1258 1757 non
1274 1730 1373 1757 bonum
1397 1730 1523 1763 exsistat,
1546 1735 1662 1767 utraque
1677 1732 1742 1760 licet

958 1775 1095 1808 invenire,
1111 1780 1163 1802 tam
1178 1775 1426 1809 concupiscentiam
1443 1776 1504 1804 dico
1522 1784 1602 1812 quam
1615 1778 1740 1812 volupta-

957 1824 1022 1852 tem,
1038 1827 1100 1847 nam
1127 1820 1309 1854 perscriptum
1340 1820 1455 1856 legimus
1472 1829 1479 1848 :
1497 1821 1564 1854 Quae
1587 1822 1741 1857 inspectare

957 1865 1042 1899 angeli
1058 1864 1180 1899 cupiunt.
1197 1864 1291 1892 Itidem
1308 1864 1370 1892 linis
1385 1873 1484 1900 expers
1498 1866 1599 1894 dicitur
1624 1874 1655 1894 ea
1689 1875 1736 1894 vo-

957 1910 1044 1944 luptas
1061 1917 1121 1945 quae
1137 1909 1197 1938 istis
1209 1917 1351 1945 corporum
1367 1912 1524 1946 expertibus
1537 1919 1644 1947 semper
1652 1913 1739 1940 adest.

957 1957 1025 1985 liuic
1040 1959 1126 1986 sancti
1143 1958 1192 1985 viri
1213 1962 1241 1985 et
1260 1958 1431 1992 deliciarum,
1452 1964 1479 1987 et
1501 1960 1613 1993 latitia,
1633 1961 1741 1995 aliaque

958 2003 1067 2030 nomina
1083 2003 1212 2029 tribuunt.
1229 2002 1290 2031 iitec
1300 2008 1327 2030 et
1341 2003 1478 2038 iustorum
1498 2005 1597 2033 animis
1607 2010 1740 2032 aeternum

957 2049 1054 2082 aderit.
1087 2057 1149 2077 cum
1182 2050 1207 2077 in
1223 2050 1306 2077 altera
1324 2051 1378 2077 vita
1405 2051 1566 2086 praeclarum
1594 2051 1741 2086 voluptatis

957 2095 1076 2123 cmlestis
1099 2096 1278 2123 arrhabonem
1298 2096 1464 2131 acceperint.
1495 2096 1530 2124 At
1556 2096 1579 2124 si
1594 2097 1658 2131 quis
1683 2105 1740 2124 ma-

956 2149 1037 2175 gnum
1051 2141 1153 2175 aliquid
1165 2149 1225 2169 esse
1252 2142 1337 2174 ducit,
1351 2142 1424 2176 quod
1442 2143 1552 2170 easdem
1568 2149 1629 2169 cum
1648 2143 1740 2170 incor-

956 2187 1048 2221 poreis
1064 2186 1174 2214 delicias
1191 2187 1310 2214 habituri
1330 2195 1379 2214 nos
1407 2188 1503 2221 simus,
1533 2193 1560 2215 et
1591 2194 1652 2223 post
1668 2189 1740 2216 banc

957 2233 1040 2259 vitam
1054 2232 1088 2260 iis
1104 2232 1222 2264 fruituri,
1238 2233 1336 2268 quibus
1358 2233 1395 2260 illi
1416 2233 1554 2265 fruuntur,
1570 2234 1593 2262 is
1607 2235 1687 2261 velim
1705 2235 1740 2262 de

956 2278 1035 2306 nobis
1051 2278 1154 2311 audiat,
1182 2278 1209 2305 in
1238 2279 1288 2306 hac
1315 2286 1422 2314 quoque
1447 2280 1500 2306 vita
1519 2287 1568 2307 nos
1585 2281 1644 2313 eius
1675 2281 1739 2308 baui

956 2324 1102 2359 participes
1119 2331 1180 2351 esse
1197 2331 1286 2359 posse.
1305 2324 1370 2351 Nam
1392 2325 1477 2353 semel
1491 2326 1566 2360 puris
1581 2331 1628 2353 aut
1646 2334 1740 2360 repur-

955 2370 1024 2405 gatis
1037 2377 1068 2397 ea
1084 2370 1217 2404 contingit
1229 2370 1327 2406 gratia,
1339 2378 1391 2405 qua
1406 2371 1481 2399 omni
1508 2376 1571 2399 sunt
1584 2380 1641 2400 atro
1673 2372 1741 2400 frui-

955 2415 1018 2447 turi,
1030 2415 1154 2450 quamvis
1169 2415 1220 2443 hoc
1236 2420 1261 2443 el
1276 2416 1436 2444 imbecillius
1460 2417 1578 2452 quodam
1606 2419 1685 2446 modo
1711 2423 1740 2446 et

954 2461 1139 2495 imperfectius
1151 2462 1178 2488 in
1195 2462 1246 2489 hac
1262 2462 1314 2489 vita
1332 2462 1388 2489 fiat.
1409 2462 1514 2490 Etenim
1542 2469 1654 2499 propter
1677 2473 1739 2492 cor-
1761 2482 1764 2484 ν

953 2515 1003 2541 pus
1016 2507 1081 2535 illud
1104 2512 1238 2540 nostrum,
1267 2509 1340 2542 quod
1363 2508 1417 2541 jam
1449 2508 1476 2535 in
1504 2507 1737 2544 contemplatione

953 2553 1037 2580 animi
1055 2554 1133 2588 quasi
1160 2554 1309 2581 luminibus
1327 2554 1456 2587 obstruit,
1476 2561 1504 2582 et
1537 2562 1646 2590 propter
1660 2561 1737 2584 ortos
1787 2583 1789 2586 ,

955 2599 1019 2626 inde
1050 2599 1160 2626 morbos
1183 2604 1381 2635 sequentesque
1406 2600 1506 2628 deinde
1529 2602 1736 2632 sollicitudines.
1765 2595 1777 2623 ἶ

953 2652 1002 2672 ncc
1018 2652 1061 2672 res
1071 2645 1294 2680 contemplandas
1309 2654 1375 2681 pure
1389 2647 1580 2681 contemplari,
1597 2655 1647 2675 nt'c
1656 2656 1738 2681 expe-

953 2690 1040 2717 tendis
1055 2690 1107 2717 frui
1140 2698 1300 2725 possumus;
1328 2692 1437 2719 a:ternis
1467 2696 1556 2719 autem
1577 2700 1638 2720 cum
1667 2694 1736 2721 nihil

953 2736 1006 2763 tale
1027 2735 1171 2763 molestum
1183 2736 1229 2767 sit.
1255 2737 1349 2771 purius
1373 2742 1401 2764 et
1418 2737 1568 2771 expetenda
1596 2743 1735 2770 expetere.

953 2785 979 2808 ct
1000 2782 1120 2808 laetitiam
1136 2782 1316 2816 parientibus,
1328 2783 1378 2809 hoc
1388 2786 1428 2809 est
1449 2782 1588 2816 jucuudis,
1604 2783 1736 2812 obiectari

951 2827 1128 2866 permittitur.
1146 2827 1264 2862 Ideoque
1282 2835 1390 2862 semper
1417 2828 1517 2864 regiam
1547 2829 1619 2855 illam
1649 2836 1734 2855 venu-

951 2880 1048 2903 statem
1067 2882 1115 2910 pro
1132 2875 1234 2902 viribus
1251 2875 1400 2908 intuentur,
1425 2882 1456 2902 ac
1475 2874 1586 2910 profecti
1615 2875 1732 2903 indidem
