1937 3078
190 115 241 149 ΠΙ

788 125 985 158 MANUELIS
1003 129 1224 161 PAL/EOLUGI

1759 137 1816 168 472

191 173 307 226 fulguris
330 176 476 211 participes
502 178 668 213 efﬁciuntur,
687 181 901 218 admirandaque
918 185 977 220 pul-

1033 195 1088 221 ριον
1104 185 1152 215 οὖν
1169 189 1203 215 ἂν
1231 188 1274 224 εἴη
1300 189 1401 225 ταύτην
1417 191 1490 225 ἡμᾶς
1514 190 1621 218 ἐθέλειν
1639 193 1815 226 καρποῦσθαι

190 220 345 248 cbr’uudine
362 221 500 251 fruuntur.
534 225 650 253 Eosdem
680 234 731 254 nec
760 228 812 255 ulla
837 229 908 263 cepit
924 237 976 258 un-

191 273 283 300 quam,
303 275 353 295 nec
367 270 456 304 capiet
483 271 608 299 satietas.
628 272 721 308 Itaque
739 274 811 303 beati
835 275 938 305 erimus
954 277 977 305 si

190 313 339 348 voluptatis
353 314 434 349 hujus
450 316 567 344 fructum
582 319 722 354 percipere
748 321 876 354 velimus,
896 324 976 351 totis-

189 365 243 392 que
258 360 362 388 viribus
391 369 421 388 ca
438 364 576 397 persequi,
593 371 764 401 quotcunque
787 375 836 395 nos
851 368 885 395 ad
902 369 976 397 illam

189 404 276 432 so'lam
294 406 406 434 ducunt.
434 408 510 441 Quod
529 410 551 436 si
568 410 620 437 alia
640 418 748 447 quoque
769 413 896 447 voluptas
915 421 976 443 esse

191 451 330 477 moderata
356 453 414 480 visa
437 455 527 487 fuerit,
557 464 588 483 ea
622 458 769 486 moderatis
796 459 888 486 itidem
922 460 975 489 frui

188 496 279 523 licebit
293 506 300 534 ;_
320 506 381 525 nam
397 507 458 527 eum
473 502 610 528 moderata
626 503 672 536 sit,
689 511 702 530 a
720 505 869 533 moderatis
883 506 976 535 mode,

191 549 249 570 rate
262 545 437 579 pereipietur.
452 547 491 574 Ac
514 555 682 584 quacunque
695 551 735 578 sic
754 550 844 579 facere
856 552 928 584 licet,
947 558 977 581 ut

189 590 262 616 nulla
292 598 341 618 nos
355 592 576 628 obligentculpa,
603 595 651 622 sed
669 595 789 624 laetitiam
804 597 920 625 aderant
946 603 975 626 et

189 633 344 669 utilitatem,
372 645 419 664 nec
446 638 670 674 impedimentum
697 642 807 676 aliquod
837 643 974 678 vituperio

189 680 299 715 dignum
322 683 448 718 habeant,
472 692 502 712 ea
523 694 589 714 vero
610 692 638 714 et
653 687 778 720 honesta,
808 693 836 716 et
853 689 923 716 bona
949 693 976 717 et

187 726 336 755 laudabilia
359 735 450 758 mente
481 732 585 765 prtediti
616 733 728 761 ducunt.
756 733 821 760 Nam
841 734 976 768 ejusmodi

188 772 317 805 quiddam
334 775 460 810 voluptas
479 781 522 805 est
537 787 543 804 :
559 782 695 814 quotquot
706 786 736 806 ea
768 780 908 808 moderate
930 787 976 808 εο-

1029 232 1078 267 τὴν
1096 232 1203 268 ἡδονὴν,
1227 234 1275 262 καὶ
1294 234 1402 263 διώκειν
1418 236 1507 272 ὁπόση
1530 237 1655 272 δύναμις,
1678 238 1729 265 ὅσα
1746 238 1816 273 πρὸς

1030 279 1139 315 ἐκείνην
1154 281 1241 316 μόνην
1255 282 1358 315 ἐνάγει.
1370 283 1424 310 Καὶ
1436 283 1463 309 εἰ
1472 291 1514 314 τις
1525 282 1548 309 δ’
1559 283 1594 310 ἂν
1604 283 1687 318 ἑτέρα
1699 283 1816 318 σώφρων

1029 326 1140 360 φανείη,
1163 327 1283 363 μεθεκτή
1308 328 1342 355 ἂν
1359 330 1401 364 εῐη
1428 330 1484 361 τοῖς
1512 329 1645 364 σώφροσι.
1663 329 1816 363 Σωφρόνως

1030 371 1084 407 γὰρ
1100 374 1156 404 τοῖς
1172 373 1310 409 σώφροσιν
1326 375 1342 409 ή
1357 375 1475 409 σώφρων
1492 375 1743 410 μεταληφθήσεται.
1760 374 1817 401 Καὶ

1029 416 1135 452 ὅσαπερ
1146 417 1235 449 ἔξεστι
1245 420 1333 445 ποιεῖν
1343 420 1397 446 τῶν
1408 420 1459 446 οὐκ
1472 422 1511 452 εἰς
1523 421 1639 452 εὐθύνας
1651 421 1724 455 ἡμᾶς
1735 420 1818 454 ἀγόν·

1029 470 1093 495 των,
1113 463 1172 490 ἀλλ’
1185 462 1241 491 εἷεν
1258 466 1307 499 μὲν
1325 465 1491 500 εὖφρόσυνα,
1508 464 1563 494 εἷεν
1574 466 1601 493 δὲ
1615 466 1752 501 ὠφέλιμα,
1766 465 1815 492 καὶ

1030 507 1105 534 οὐδὲν
1120 508 1213 541 αὐτοῖς
1226 511 1405 545 προσίσταται
1420 512 1475 538 τῶν
1489 513 1519 540 ὲν
1533 512 1609 548 αἰτίᾳ
1623 512 1670 539 καὶ
1696 511 1815 546 μέμψει,

1030 552 1103 580 καλά
1115 562 1145 580 τε
1168 554 1200 590 δή
1215 563 1277 588 που,
1302 556 1350 583 καὶ
1363 557 1465 591 ἀγαθὰ,
1483 558 1531 584 καὶ
1549 557 1681 584 ἐπαινετὰ
1705 558 1763 588 τοῖς
1780 565 1815 590 γε

1030 598 1093 626 νοῦν
1120 599 1224 636 εχουοι.
1237 602 1372 636 ιΤοιοῦτον
1389 604 1443 639 γὰρ
1466 604 1496 630 τὸ
1511 604 1606 639 χρῆμα
1635 606 1684 639 τῆς
1703 604 1814 639 ἡδονῆς·

1028 642 1071 676 οἷς
1093 645 1127 672 ἂν
1157 648 1375 684 μεμετρημένως
1404 651 1561 684 συγγένοιτο
1584 651 1632 677 καὶ
1656 650 1816 685 σωφρόνως,

1029 690 1098 725 πρὸς
1113 691 1153 727 τῷ
1174 694 1309 729 μηδαμῶς
1322 695 1447 727 ἐκείνους
1464 696 1595 731 λυπῆσαι,
1608 695 1624 730 ῆ
1642 696 1712 722 κατὰ
1726 703 1752 721 τι
1766 695 1816 729 ζη-

999 759 1007 767 .
1031 737 1146 771 μιῶσαι,
1176 739 1322 775 ἐχαρίσατό
1344 750 1375 768 τε
1399 742 1447 769 καὶ
1475 742 1580 778 ὤνησεν
1609 743 1626 778 ἢ
1646 741 1773 774 ἐνταῦθα,
1798 740 1816 775 ἢ

1030 782 1098 815 ἐκεῖ,
1114 783 1130 820 ἢ
1145 786 1191 811 καὶ
1205 785 1234 813 ἐν
1251 787 1421 823 ἀμφοτέραιν
1434 789 1495 815 ταῖν
1509 788 1604 820 ξωαῖν.

188 820 302 855 brieque
314 824 354 870 usi
368 823 481 858 fuerint,
491 831 671 861 praeterquam
682 827 753 861 quod
766 826 826 854 illos
835 827 906 855 nulla
919 827 1054 862 molestia,
1071 831 1145 859 nullo
1171 820 1335 862 detrimento
1351 820 1460 870 l-ailicit,
1490 836 1572 863 etiam
1605 834 1707 869 aliquid
1735 838 1818 870 grate

190 872 272 902 atque
300 869 373 897 utitis
403 871 441 897 rei
461 872 503 899 vel
532 873 560 900 in
580 873 642 906 hac,
659 874 700 901 vel
735 875 761 902 in
777 875 875 909 altera,
891 876 933 904 vel
949 876 976 903 in
997 881 1113 912 utraque
1127 879 1180 906 vita
1196 885 1316 912 praestat.

226 916 409 950 Quamobrem
424 919 561 955 voluptas,
592 921 632 948 uti
658 928 708 950 nos
726 923 889 956 probaturos
901 922 977 950 afﬁr-
994 926 1015 954 Β

190 963 346 997 mabamus,
362 964 431 991 bona
446 973 490 993 res
503 970 554 994 est.
568 966 645 999 Quod
660 968 682 995 si
709 968 790 996 alicui
821 969 898 996 noxia
920 970 979 997 fue-

188 1008 237 1040 rit,
253 1009 286 1036 ad
304 1008 389 1044 ipsius
409 1009 461 1038 hoc
481 1012 596 1039 abusum
628 1013 772 1047 referatur,
802 1015 848 1048 qui
867 1015 977 1042 modum

188 1062 244 1082 non
259 1061 349 1084 servet
362 1062 408 1084 aut
429 1064 539 1087 servare
559 1059 636 1087 nolit.
658 1059 761 1087 Debent
776 1060 847 1087 enim
876 1061 912 1088 illi
931 1061 978 1095 qui

189 1108 222 1128 ex
240 1103 399 1138 prazscripto
415 1105 527 1132 rationis
543 1106 635 1134 vivere
648 1107 772 1140 cupiunt,
798 1107 872 1134 omni
890 1107 978 1136 abusu

189 1149 345 1183 repudiato,
363 1155 468 1178 tantum
480 1151 625 1186 voluptatis
641 1159 690 1187 per
699 1160 797 1180 sensus
812 1160 907 1181 omnes
918 1161 979 1188 per-

189 1193 292 1227 cipere,
308 1199 440 1229 quantum
453 1196 596 1231 implenda:
610 1198 764 1226 necessitati
781 1199 849 1226 satis
862 1203 914 1232 est,
929 1206 980 1235 nec

189 1241 306 1269 ulterius
339 1242 478 1278 progredi.
505 1242 612 1279 Quippe
638 1244 662 1271 si
694 1243 764 1272 male
795 1245 857 1280 quis
887 1249 980 1273 utatur

189 1288 303 1320 (malum
319 1292 422 1323 autem,
437 1290 567 1324 quidquid
580 1291 718 1326 nimium),
735 1298 788 1318 non
811 1291 882 1326 quod
907 1297 980 1320 recte

188 1334 269 1361 nobis
287 1335 417 1362 utendum
431 1335 523 1363 datum
536 1340 589 1367 est,
609 1336 657 1364 sed
675 1337 885 1372 intemperantia
906 1339 980 1373 pari-

190 1386 243 1412 ter,
258 1385 285 1407 et
302 1381 325 1408 is
345 1381 390 1415 qtti
407 1381 478 1409 male
494 1382 591 1413 utitur,
608 1382 761 1417 culpandus
786 1384 870 1412 venit.
886 1383 980 1419 Itaque

191 1428 214 1455 si
233 1435 276 1455 me
288 1427 349 1462 quis
365 1428 404 1455 uti
429 1428 587 1456 consiliario
604 1429 680 1462 velit,
701 1430 770 1457 vitia
796 1430 847 1458 sibi
868 1432 979 1467 propria

189 1474 323 1509 voluptati
335 1474 465 1502 attribuat
479 1481 570 1502 nemo.
585 1473 652 1502 Nam
666 1475 792 1510 equidem
813 1484 914 1512 magno
937 1484 980 1505 re-

191 1521 335 1553 dimerem,
352 1520 374 1548 si
393 1520 540 1555 voluptatis
555 1527 637 1549 causa
651 1521 724 1548 nulla
740 1521 806 1550 mihi
822 1523 979 1551 sustinenda

192 1567 271 1601 culpa
283 1566 368 1601 foret;
385 1567 486 1602 quippe
499 1567 567 1595 mibi
586 1575 642 1602 pra:
659 1569 767 1597 caeteris
788 1569 916 1597 omnibus
928 1569 980 1598 hoc

191 1613 342 1648 expediret.
359 1612 436 1642 Nunc
453 1615 490 1641 ita
507 1615 618 1642 minime
633 1623 677 1643 res
694 1615 787 1647 habet,
807 1615 856 1644 sed
872 1621 980 1644 contra-

192 1661 262 1688 rium
280 1661 409 1693 potiusin
427 1662 547 1689 modum.
566 1662 671 1690 Etenim
686 1662 709 1690 si
730 1662 861 1696 voluptati
874 1662 979 1697 culpam

192 1707 333 1734 ascribere
348 1707 456 1740 liceret,
477 1707 584 1742 quoties
605 1714 759 1742 peccamus,
777 1713 859 1743 atque
879 1704 915 1736 ita
931 1715 982 1736 nos

191 1753 265 1780 otnni
280 1753 390 1780 liberari
407 1753 527 1788 negotio,
545 1761 579 1781 tte
600 1761 670 1781 unus
693 1753 804 1788 quidem
821 1761 854 1781 cx
873 1753 908 1781 iis
933 1753 980 1788 qui

192 1800 343 1833 punientur
371 1799 485 1827 omnino
511 1800 689 1834 plecteretur.
720 1799 778 1827 lmo
801 1806 866 1826 vero
891 1799 915 1826 si
939 1800 981 1826 vel

192 1847 244 1873 hoc
261 1846 352 1873 locum
371 1845 495 1879 haberet,
515 1851 544 1873 ut
561 1845 579 1873 ii
595 1846 692 1873 nterito
717 1849 916 1873 excusarentur
935 1844 981 1879 qui

191 1901 240 1927 per
258 1893 497 1928 intemperantiam
535 1899 660 1928 peccant,
687 1897 778 1921 tamen
802 1900 838 1920 ne
865 1893 906 1920 sic
923 1893 983 1926 qui-

194 1941 254 1967 dem
270 1939 370 1966 malum
387 1941 437 1967 hoc
449 1939 506 1967 leve
526 1939 607 1967 foret.
619 1940 687 1966 Nam
699 1939 798 1967 malum
815 1939 923 1973 aliqttod
935 1939 982 1966 de-

193 1987 324 2022 signanti,
340 1987 391 2014 hoc
406 1987 494 2021 ipsum
512 1986 613 2013 malum
628 1991 681 2017 est,
705 1985 814 2013 tametsi
832 1985 922 2013 nullas
938 1985 983 2013 det

193 2040 299 2068 pinnas,
316 2039 365 2060 nec
381 2039 412 2059 eo
439 2033 548 2059 nomine
579 2037 715 2059 teneatur.
745 2031 891 2059 Enimvero
918 2031 983 2059 mihi

192 2080 358 2108 conduxerit
369 2079 402 2107 ad
417 2079 535 2106 tribunal
545 2079 646 2114 judieis
657 2078 728 2106 haud
747 2078 817 2110 sisti,
832 2082 982 2106 utcausam

193 2127 265 2155 male
282 2131 421 2162 gestorum
439 2126 538 2153 dicam.
554 2125 622 2153 Cum
639 2125 711 2152 enim
742 2125 873 2153 Davidem
894 2125 983 2159 ipsum

194 2175 340 2202 audiamus
358 2174 505 2201 obsecrare
518 2172 638 2206 judicem
654 2172 741 2204 illum,
758 2179 792 2199 ne
822 2178 916 2198 secum
934 2177 984 2198 ex-

194 2221 278 2256 periri
292 2221 398 2256 judicio
415 2220 491 2252 velit,
510 2220 585 2254 quis,
603 2226 706 2253 quaeso,
724 2223 778 2245 tam
797 2218 884 2245 audax
901 2221 942 2244 est
954 2221 984 2244 ut

1067 924 1148 952 Ὥστε
1164 926 1232 962 καλὴ
1246 928 1262 962 ἡ
1278 927 1370 963 ἡδονή,
1386 929 1426 960 ὠς
1446 929 1646 964 ισχυριζόμεθα
1661 929 1769 961 δείξειν.
1786 930 1818 956 ΕΞ

1029 970 1058 997 δὲ
1071 973 1143 1008 κακή
1159 981 1214 999 τινι
1229 974 1346 1007 γένοιτο,
1367 977 1399 1010 τῇ
1414 976 1523 1003 ἐκείνου
1540 975 1575 1003 ἂν
1600 976 1706 1010 γένοιτο
1724 985 1818 1012 παρα-

1029 1017 1140 1052 χρήσει,
1157 1021 1205 1047 καὶ
1222 1020 1261 1055 τῷ
1290 1022 1326 1056 μὴ
1344 1023 1428 1057 τιμᾷν
1442 1023 1474 1048 τὸ
1498 1022 1608 1057 μέτρον,
1627 1022 1644 1057 ἢ
1664 1022 1702 1057 μὴ
1725 1022 1819 1057 βούλε-

1031 1064 1103 1091 σθαι.
1119 1065 1167 1091 Δεῖ
1180 1065 1234 1100 γὰρ
1250 1067 1314 1098 τοὺς
1337 1067 1410 1101 λόγῳ
1436 1067 1487 1102 ζῇν
1510 1068 1702 1102 αἱρουμένους,
1726 1069 1819 1095 πᾶσαν

1030 1110 1209 1146 παράχρησιν
1220 1111 1432 1147 διαπτύσαντας,
1443 1113 1573 1141 τοσοῦτον
1584 1113 1758 1149 καρποῦσθαι
1769 1114 1820 1149 τῆς

1029 1156 1126 1192 ἡδονῆς
1149 1158 1193 1185 διὰ
1209 1159 1304 1186 πασῶν
1322 1160 1379 1187 τῶν
1403 1160 1567 1196 αἰσθήσεων,
1591 1161 1654 1188 ὅσον
1675 1160 1706 1188 τὸ
1727 1161 1818 1188 ἐνδέον

1030 1202 1218 1238 ἀναπληροῦν,
1238 1205 1285 1231 καὶ
1316 1206 1353 1241 μὴ
1381 1206 1538 1241 περαιτέρω
1561 1207 1673 1242 χωρεῐν,
1692 1207 1769 1233 Ἐπεὶ
1793 1207 1819 1233 ιε

1030 1248 1121 1283 χρῷτό
1141 1258 1183 1281 τις
1199 1250 1293 1281 κακῶς
1307 1250 1402 1285 (κακδν
1417 1251 1445 1278 δὲ
1464 1252 1480 1287 ή
1508 1252 1670 1287 ὑπερϐολὴ),
1692 1252 1753 1287 οὐχὶ⁵
1770 1252 1818 1278 τοῦ

1031 1295 1121 1327 καλῶς
1135 1295 1203 1330 πρὸς
1217 1297 1315 1332 χρῆσιν
1329 1298 1396 1332 ἡμῖν
1409 1298 1562 1333 δεδομένου,
1579 1299 1628 1333 τῆς
1641 1299 1664 1326 δ’
1679 1299 1819 1334 ἀκρασίας

1031 1342 1078 1369 καὶ
1093 1342 1139 1368 τοῦ
1157 1344 1301 1376 χρωμένου
1320 1344 1428 1378 γίνεται
1451 1344 1546 1379 σαφῶς
1568 1344 1743 1380 τοῦγκλημα.
1756 1345 1820 1380 Μη-

1030 1388 1085 1420 δεὶς
1101 1388 1148 1416 οὖν
1163 1389 1196 1416 τὰ
1211 1390 1300 1417 οῑκεια
1318 1391 1403 1422 κακὰ.
1423 1391 1485 1425 ἐμοὶ
1503 1391 1649 1426 συμὸούλῳ
1664 1392 1818 1427 χρώμενος,

1031 1433 1182 1461 ἀνατιθέτω
1199 1435 1231 1469 τῇ
1252 1435 1342 1470 ﬁam/ﬁ.
1371 1435 1514 1470 Πριαίμτ,ν
1529 1436 1583 1470 γὰρ
1609 1435 1697 1470 ἔγωγε
1717 1435 1819 1462 πολλοῦ

1030 1479 1062 1506 τὺ
1079 1479 1116 1514 μὴ
1135 1479 1243 1514 μέλλειν
1259 1480 1430 1508 εὐθυνεῑσοαι
1451 1480 1501 1514 τῆς
1516 1481 1612 1516 ἡδονῆς
1628 1481 1720 1507 ἕνεκα.
1742 1481 1821 1516 Ἐμοὶ

1032 1526 1085 1561 γὰρ
1102 1526 1203 1560 μᾶλλον
1217 1527 1272 1553 τῶν
1292 1527 1400 1554 πάντων
1417 1528 1583 1562 συνήνεγκεν
1597 1527 1630 1554 ἂν
1646 1527 1735 1554 τοῦτο.
1750 1527 1821 1554 Νυνὶ

1031 1572 1060 1598 δὲ
1077 1572 1158 1599 τοῦτο
1176 1573 1227 1599 οὐκ
1245 1572 1331 1604 ἐστιν,
1347 1573 1415 1599 ἀλλὰ
1432 1573 1588 1600 τούναντίον
1612 1573 1697 1600 ἐστίν.
1713 1573 1746 1599 ΕΙ
1766 1573 1821 1608 γὰρ

1032 1615 1066 1652 ἦν
1081 1618 1132 1652 τήν
1149 1618 1247 1653 ἡδονὴν
1272 1617 1423 1651 αἰτιᾶσθαι,
1444 1618 1509 1645 ὅταν
1536 1617 1750 1652 ἁμαρτάνωμεν,
1774 1618 1823 1645 καὶ

1031 1664 1118 1699 ταύτῃ
1133 1673 1165 1698 γε
1182 1664 1355 1699 πραγμάτων
1371 1665 1445 1700 ἡμᾶς
1461 1663 1646 1699 ἀπηλλάχθαι,
1666 1664 1721 1690 οὐδ’
1735 1663 1768 1690 ἂν
1782 1661 1824 1695 εἷς

1031 1708 1110 1743 δίκην
1127 1709 1324 1744 εἰσεπράττετο
1337 1708 1393 1735 τῶν
1405 1708 1688 1744 εἰσπραχθησομένων
1703 1716 1736 1742 γε
1753 1707 1821 1734 πάν-

1032 1764 1096 1787 τως.
1114 1756 1152 1783 Οὐ
1169 1756 1223 1790 μὴν
1238 1755 1296 1782 ἀλλ’
1311 1756 1335 1781 si
1357 1755 1404 1782 καὶ
1421 1755 1500 1782 τοῦτό
1515 1763 1547 1789 γε
1562 1753 1609 1791 ἦν,
1625 1753 1822 1790 παραιτεῖσθαί

1033 1811 1065 1836 γε
1085 1802 1196 1833 δικαίως
1211 1802 1274 1833 τοὺς
1288 1802 1321 1828 δι’
1336 1801 1474 1836 ἀκρασίαν
1489 1801 1710 1836 ἁμαρτάνοντας,
1723 1798 1758 1835 ἦν
1771 1799 1822 1833 μὲν

1034 1848 1067 1874 ἂν
1082 1848 1138 1874 οὐδ’
1150 1846 1222 1874 οὕτω
1237 1847 1340 1880 κοῦφον
1356 1847 1386 1873 τὸ
1405 1847 1537 1881 δυσχερές
1549 1854 1558 1862 ο
1572 1845 1614 1880 τῷ
1630 1845 1685 1880 γὰρ
1704 1844 1822 1879 ἐργαζο-

1036 1895 1109 1928 μένῳ
1124 1893 1155 1920 τὺ
1174 1893 1291 1928 πονηρὸν
1311 1893 1378 1920 αὐτό
1391 1901 1422 1927 γε
1447 1892 1528 1919 τοῦτο
1549 1892 1645 1923 κακὸν,
1661 1891 1714 1918 κᾶν
1730 1891 1766 1926 μὴ
1784 1890 1822 1926 δῷ

1033 1949 1095 1967 τινα
1110 1940 1199 1975 δίκην,
1217 1941 1271 1967 κᾶν
1286 1940 1318 1966 οὐ
1346 1941 1470 1976 καταστῇ
1496 1940 1565 1974 πρὸς
1588 1938 1705 1973 εὐθύνην
1719 1945 1726 1953 ο
1752 1936 1823 1972 πλὴν

1034 1987 1098 2020 ἐμοὶ
1124 1987 1291 2021 συνήνεγκεν
1312 1986 1345 2013 ἂν
1358 1986 1388 2013 rb
1413 1986 1450 2021 μὴ
1473 1985 1512 2020 τῷ
1535 1985 1637 2020 βήματι
1656 1984 1702 2010 τοῦ
1727 1983 1824 2018 κριτοῦ

1035 2033 1221 2068 παραστῆναι,
1234 2032 1305 2059 ὥστε
1319 2033 1397 2067 δίκην
1412 2033 1544 2067 ὑποσχεῖν
1559 2031 1612 2057 τῶν
1625 2031 1655 2057 οὺ
1670 2030 1762 2061 καλῶς
1777 2038 1827 2055 πε-

1036 2079 1217 2113 πραγμένων.
1243 2079 1308 2106 Ὅτε
1329 2079 1384 2113 γὰρ
1399 2078 1474 2105 ἔστιν
1498 2077 1610 2104 ἀκούειν
1628 2076 1712 2104 αὑτοῦ
1729 2075 1825 2106 Δασὶδ.

1036 2125 1082 2151 τὸν
1099 2125 1199 2159 κριτὴν
1211 2125 1445 2160 παραιτουμένου,
1459 2123 1498 2154 ὠς
1514 2123 1548 2150 ἂν
1565 2123 1602 2158 μὴ
1622 2122 1690 2156 πρὸς
1706 2121 1825 2152 εὐθύνας

1036 2170 1136 2204 ἐκείνῳ
1150 2170 1257 2204 γένοιτο
1267 2178 1274 2185 ·
1288 2170 1329 2201 τίς
1342 2169 1414 2196 οὕτω
1430 2168 1566 2204 τολμηρός
1580 2169 1666 2201 ἔστιν,
1677 2167 1715 2198 ὡς
1728 2167 1766 2202 μή
1779 2167 1826 2193 καὶ

1036 2216 1069 2251 τῇ
1086 2216 1181 2251 μνήμῃ
1198 2216 1246 2248 τῆς
1261 2215 1340 2250 δίκης
1363 2215 1433 2249 μόνῃ
1448 2213 1621 2246 κλονεῖσθαις
1638 2213 1776 2247 Ἔρμαιον
1792 2211 1826 2237 ἄν

194 2275 248 2296 non
268 2268 301 2295 ad
328 2267 414 2302 ipsam
430 2267 563 2294 duntaxat
578 2265 672 2300 iudicii
687 2266 852 2292 mentionem
874 2269 981 2291 contre-

1037 2260 1072 2297 ἦν
1084 2263 1140 2291 τοῖς
1154 2263 1201 2296 τῆς
1218 2260 1316 2296 ήδονῆς
1345 2261 1451 2292 δούλοις
1481 2260 1506 2293 (ὁ
1516 2260 1596 2293 λόγος
1614 2259 1643 2285 δὲ
1661 2258 1731 2293 πρὸς
1752 2257 1828 2284 ἀντι-

193 2314 313 2342 ntiscat?
326 2313 480 2348 Optandum
501 2318 573 2340 esset
594 2312 649 2339 illis
662 2310 808 2345 voluptatis
840 2309 983 2345 mancipits

194 2359 393 2393 (adversarium
409 2359 490 2386 modo
505 2365 595 2386 meum
607 2357 749 2392 compello)
766 2360 795 2383 ut
807 2357 841 2383 ita
856 2363 898 2383 res
910 2360 984 2383 esset

194 2407 303 2438 uirecta,
317 2400 546 2440 quemadmodum
563 2409 590 2430 tu
608 2403 728 2434 dicebas,
753 2402 882 2428 nimirum
899 2405 927 2428 ut
952 2408 982 2427 ea

194 2454 236 2480 vis
250 2452 399 2487 voluptatis
414 2451 497 2483 foret,
530 2455 559 2478 ut
585 2449 645 2477 illus
665 2448 778 2476 omnino
795 2448 895 2475 deliros
923 2454 984 2474 esse

196 2499 337 2534 probaret,
354 2498 400 2532 qui
419 2497 478 2532 ejus
489 2503 619 2524 excessus
634 2497 720 2522 vitare
732 2494 853 2528 cupiant.
868 2493 920 2520 Sed
936 2492 985 2520 ad-

196 2546 308 2575 modum
321 2552 418 2572 vercor
434 2551 467 2571 ne
484 2544 535 2570 alia
556 2543 682 2570 veritatis
696 2541 732 2569 sit
747 2542 821 2568 ratio
834 2548 913 2574 quant
924 2540 986 2574 qui-

195 2594 258 2620 dam
279 2592 540 2623 arbitrantur;nam
561 2596 622 2616 esse
645 2595 700 2616 rem
718 2587 797 2622 plane
816 2588 924 2614 diversa
941 2594 987 2613 ra-

196 2642 270 2668 tione
288 2642 473 2673 comparatam
489 2636 543 2668 aio,
560 2636 660 2670 quippe
676 2635 718 2662 vis
735 2635 794 2669 ejus
821 2633 865 2661 illa
890 2639 984 2670 tyran-

195 2687 256 2713 nica
286 2692 390 2712 tncrum
419 2688 461 2711 cst
485 2683 623 2713 delirium,
651 2682 730 2708 lnodo
760 2683 822 2716 quis
848 2682 883 2708 ita
908 2681 983 2709 velit.

195 2733 286 2765 Atque
300 2731 351 2757 hoc
371 2729 436 2756 illud
449 2733 492 2756 cst
516 2727 693 2763 quamobrem
723 2727 813 2762 justus
830 2727 875 2755 ille
902 2727 983 2762 jttdex

196 2784 292 2812 poenas
307 2786 321 2804 a
333 2776 412 2803 nobis
424 2776 525 2810 exigat,
541 2775 648 2809 quoties
662 2774 734 2802 illam
749 2774 883 2801 mandatis
901 2774 986 2808 ipsius

197 2823 400 2858 antepordmus.
416 2821 524 2849 Etenim
537 2821 560 2848 si
572 2821 610 2848 vis
628 2820 687 2855 ejus
700 2821 800 2848 invicta
816 2820 894 2853 foret,
925 2827 985 2848 eum

199 2871 226 2899 iu
242 2870 350 2898 animos
367 2869 504 2904 irrumpit,
521 2875 570 2896 nec
585 2867 746 2902 supplicium
768 2867 800 2895 dc
823 2865 901 2896 nobis
918 2867 988 2896 Deus

1039 2307 1175 2342 λέγοντα),
1191 2308 1215 2334 εί
1233 2307 1267 2333 τὰ.
1288 2306 1402 2342 ταύτης,
1420 2306 1458 2338 ὡς
1481 2306 1513 2332 σύ
1535 2314 1567 2340 γε
1585 2305 1649 2340 φῂς,
1665 2303 1739 2339 εἶχε·
1754 2304 1826 2331 λέγω

1037 2356 1069 2390 δὴ
1085 2355 1115 2382 τὸ
1131 2355 1246 2389 δύναμιν
1264 2354 1337 2389 ἔχειν
1354 2353 1484 2388 τοιαύτην
1499 2352 1548 2386 τὴν
1562 2352 1671 2386 ἡδονὴν,
1692 2351 1762 2377 ὥστε
1779 2349 1826 2376 καὶ

1038 2401 1101 2433 τοὺς
1117 2401 1298 2436 βουλομένους
1312 2391 1454 2434 διαφυγεῖν
1469 2399 1517 2430 τὰς
1535 2398 1643 2431 ἐκείνης
1659 2395 1825 2430 ὑπερϐολὰς,

1038 2447 1234 2475 ἀποδεικνύναι
1256 2447 1419 2482 ληροῦντας.
1436 2444 1473 2472 'H
1491 2453 1543 2471 που
1565 2443 1593 2470 δὲ
1617 2443 1690 2478 μέγα
1706 2442 1825 2473 δέδοικα,

1040 2494 1078 2529 μὴ
1094 2493 1155 2529 οὐχ,
1179 2493 1218 2524 ὥς
1234 2501 1290 2520 τισι
1304 2492 1456 2527 νομίζεται,
1476 2489 1594 2526 τάληθὲς
1616 2489 1670 2523 εἰη.
1693 2486 1825 2518 Ἐναλλὰξ

1038 2541 1093 2575 γὰρ
1110 2539 1184 2575 ἔχειν
1199 2539 1230 2566 τὸ
1245 2539 1309 2574 περὶ
1321 2538 1425 2573 ταύτης
1439 2536 1494 2570 ὲγὼ
1505 2544 1588 2571 φημι.
1603 2535 1640 2561 Th
1652 2533 1705 2569 γὰρ
1723 2541 1826 2567 τυρανο

1038 2587 1102 2614 νοῦν
1124 2587 1210 2622 αὐτῆς
1229 2587 1322 2622 λῆρος,
1338 2586 1362 2612 εἰ
1386 2583 1506 2620 βούλοιτό
1527 2591 1581 2615 τις.
1599 2582 1653 2608 Καὶ
1673 2580 1746 2607 τοῦτ’
1766 2580 1825 2607 ἐστι

1038 2636 1069 2662 τὸ
1084 2634 1179 2662 ποιοῦν
1196 2635 1242 2661 τὸν
1262 2634 1368 2660 δίκαιον
1391 2632 1490 2668 κριτήν
1511 2630 1688 2665 εἰσπράττειν
1703 2636 1734 2661 γε
1751 2628 1826 2662 ἡμᾶς

1039 2682 1128 2716 δίκην,
1142 2680 1250 2707 ἐπειδὰν
1273 2679 1383 2714 ἐκείνην
1396 2679 1488 2713 θῶμεν
1502 2677 1557 2712 πρὸ
1571 2676 1627 2703 τῶν
1639 2674 1724 2702 αὐτοῦ
1739 2681 1826 2708 προσ-

1037 2728 1198 2762 ταγμάτων.
1208 2727 1295 2759 Ἐπεὶ,
1317 2727 1341 2752 εί
1350 2723 1384 2760 ἦν
1400 2725 1431 2752 τὸ
1442 2723 1545 2757 ταύτης
1558 2721 1824 2757 ἱσχυρὸνάήττητον,

1041 2775 1080 2805 εἰς
1092 2773 1140 2805 τὰς
1156 2774 1245 2808 ψυχὰς
1260 2771 1448 2806 εἰσκωμάταν,
1463 2769 1520 2796 οὒτ’
1537 2769 1570 2796 ἂν
1583 2768 1663 2800 δίκην
1683 2766 1730 2801 ἀφ’
1746 2766 1826 2801 ἡμῶν

1040 2820 1193 2855 ἐλάμϐανεν
1208 2820 1222 2845 δ
1237 2820 1340 2854 κρίνων
1362 2818 1440 2849 Θιδς,
1457 2817 1481 2843 εἱ
1497 2816 1531 2842 δι’
1549 2815 1646 2849 ἡδονὴν
1662 2813 1826 2848 παρευδοκι-

1044 2869 1119 2903 μείτο
1138 2867 1166 2894 τδ
1193 2866 1298 2893 ἐκείνου
1316 2865 1435 2900 θέλημα,
1458 2863 1514 2890 οὔτ’
1534 2863 1568 2890 ἂν
1585 2861 1634 2897 τὴν
1650 2860 1737 2896 ἀρχὴν
1752 2859 1827 2894 ἡμᾶς
