1937 3078
106 137 160 169 473

816 131 960 162 ORATIO
984 133 1018 164 V.

1686 127 1739 159 474

106 191 168 217 κατ’
183 189 291 223 ἐκείνης
302 187 407 220 ὥπλιζε
416 188 474 218 ταῖς
487 186 657 223 θαυμασταῖς
671 195 701 214 τε
714 186 838 219 ἐντολαῖς
851 187 898 214 καὶ

962 188 997 216 lle
1011 187 1094 223 iudex
1120 191 1215 216 noster
1235 188 1365 219 sumeret,
1379 184 1545 213 voluntatem
1563 182 1647 217 ipsius
1661 183 1739 210 volu-

107 235 303 272 παραινέσεσι.

146 372 279 408 Σύμφημι
305 371 333 398 δέ
360 381 390 406 γε
409 371 448 407 τῷ
465 371 543 406 ῗλόγῳ
565 370 605 406 τῷ
632 370 786 406 καταρχάς,
800 371 838 402 ὡς
853 371 899 406 ἄρ’

110 420 188 446 ἔστιν
201 420 218 454 ἡ
234 419 314 453 ἡδονὴ
337 417 576 453 τυραννικώτατον
592 417 690 450 πάθος,
704 418 751 444 καὶ
770 418 819 451 τὴν
835 417 901 452 περὶ

111 464 216 498 ταύτης
231 465 324 491 εἰκόνα
339 464 467 499 οὐδαμῶς
489 465 646 499 μέμφομαι.
663 464 730 491 Οὐδὲ
753 464 807 499 γὰρ
827 465 901 500 ἀπᾴν-

112 512 154 538 δει
173 511 219 537 τοῦ
244 511 346 546 ταύτης
360 512 473 547 τρόπου.
498 512 534 538 Οὺ
551 511 620 546 ῗμὴν
634 511 673 543 ἰδὲ
694 511 768 538 κατὰ
791 512 901 538 πάντων

113 559 179 592 ἑξῆς
194 557 347 592 ἀνθρώπων
359 558 496 593 τοσαύτην
510 558 645 593 κέκτηται
656 557 783 593 δύναμιν,
798 558 901 591 ὁπόσης

114 606 134 631 ὅ·
147 605 234 638 λέγων
250 604 376 630 ἐϐούλετο
387 613 394 620 ·
412 604 493 638 μόνον
505 605 534 631 δὲ
555 604 610 631 τῶν
625 604 655 630 οὐ
672 603 805 638 γενναίως
824 603 901 630 ἀνθι-

115 651 258 686 σταμένων
271 651 333 682 ταῖς
357 650 443 685 αὐτῆς
461 651 566 684 ὲφόδοις
583 651 631 677 καὶ
654 650 829 685 προσϐολαῖς.
849 650 902 684 Δῆ-

114 698 160 724 λον
175 698 222 724 δέ·
248 697 364 732 ἀνδράσι
385 697 441 732 γὰρ
468 696 665 732 προσπεσοῦσα
687 698 760 733 φορᾷ
779 697 900 732 δριμείᾳ,

115 743 193 773 κῦμά
209 752 233 770 τι
251 743 386 779 πρόϐολον
402 743 501 770 ἔπαισε
518 744 658 777 μεγίστοις
678 743 764 774 λίθοις
779 743 818 774 εἰς
832 743 862 769 ἐν
876 752 902 770 τι

114 789 344 824 καθηρμοσμένον
370 790 469 824 ἀρίστῃ
500 789 594 824 τέχνῃ,
612 789 659 815 καὶ
682 789 801 822 διελύθη,
818 789 902 824 μηδὲν

112 835 246 869 ἰσχῦσαν·
270 835 382 862 ἐκείνων
398 836 427 862 δὲ
453 836 503 867 τὰς
526 835 615 870 ψυχὰς
641 836 673 870 τῇ
698 835 820 871 ποικιλίᾳ
845 835 901 862 τῶν

114 881 236 915 ὀρεκτῶν
253 881 381 913 καθάπαξ
406 881 579 916 ἀνῃρημένη,
591 881 630 913 ὡς
648 881 731 916 μηδὲν
756 879 828 908 εἶναι
841 881 899 907 λοι-

116 927 177 958 πὸν,
195 927 211 962 ἢ
226 928 276 962 τὴν
293 928 342 962 μὲν
369 929 533 959 ἐπιτάττειν,
550 928 600 960 τὰς
619 928 642 954 δ’
661 928 758 960 εἴκειν,
781 928 821 958 εἰς
843 928 858 953 ὂ
873 936 901 953 τι

115 974 253 1008 χείριστον
277 975 364 1003 αὐτὰς
392 975 587 1010 παραπέμποι,
613 975 660 1002 καὶ
682 975 764 1001 οίονεὶ
783 974 852 1009 προς
871 974 902 1000 τὸ

116 1020 162 1045 πέ)
170 1020 281 1054 αγος“τὸ
298 1021 483 1053 Ἀτλαντικῶν,
493 1021 524 1047 τδ
533 1021 605 1055 πέρα
615 1021 762 1055 Γαδείρων,
775 1021 807 1047 τὸ
822 1020 903 1047 ἀπλε-

115 1076 173 1093 τον.
193 1068 249 1093 Καὶ
261 1067 316 1101 γάρ
330 1075 371 1093 τοι
386 1066 489 1098 ταύτας
504 1067 553 1098 τὰς
570 1067 660 1102 ψυχὰς
677 1067 723 1093 καὶ
736 1066 902 1101 παρασύρει,

115 1114 166 1139 καὶ
183 1112 341 1146 ἀποπνίγει,
358 1112 518 1148 χειμάρρων
533 1113 622 1147 δίκην,
643 1112 674 1144 ιξ
691 1112 770 1139 ὑετοῦ
786 1121 904 1147 καταφε-

118 1158 243 1192 ρομένων
265 1158 336 1185 πάνυ
354 1159 485 1193 ῥαγδαίου
502 1159 605 1194 σφοδρᾷ
625 1168 678 1185 τινι
696 1160 770 1194 ῥύμῃ
793 1160 841 1186 καὶ
855 1168 904 1193 φο-

116 1204 198 1239 ϐερᾷ,
220 1204 313 1238 δούπῳ
334 1205 381 1231 καὶ
400 1205 474 1240 μόνῳ
491 1205 642 1232 ποιούντων
660 1206 793 1240 φρίττειν.
819 1206 905 1240 Δῆλον

117 1248 173 1283 γὰρ
190 1249 230 1278 εἰς
245 1247 301 1275 οἷον
317 1248 493 1284 ἐμπίπτομεν
513 1249 660 1284 βάραθρον,
678 1250 741 1277 ὅταν
757 1253 805 1282 τὰς
828 1252 905 1286 ἡνίας

117 1294 182 1325 ὅλας
199 1294 313 1329 ἀφῶμεν
328 1293 375 1321 τοῦ
393 1295 593 1330 ἐπιθυμητικοῦ
610 1295 661 1330 τῆς
675 1296 766 1332 ψυχῆς
791 1297 904 1331 μέρους.
920 1331 925 1336 1

119 1341 194 1376 Πλὴν
207 1341 276 1369 ἀλλὰ
289 1342 345 1368 τῶν
356 1343 440 1378 ἀρετῇ
451 1343 496 1369 καὶ
510 1342 583 1378 λόγῳ
596 1343 834 1378 καθωπλισμένων
849 1345 905 1371 οὐδ’

119 1388 152 1414 ἂν
169 1387 266 1415 οὐδένα
288 1387 405 1423 τρώσειε
420 1389 451 1415 τὸ
475 1387 588 1424 ἐκείνης’
607 1392 732 1419 ὁπωσοῦν
756 1392 842 1427 βέλος.
863 1391 907 1424 Ὠς

119 1433 147 1459 οἵ
160 1441 192 1467 γε
207 1433 314 1468 ἄνδρες,
334 1431 363 1460 εὖ
389 1433 455 1466 ίσθι,
471 1435 521 1468 τὴν
538 1435 666 1471 σώφρονα
683 1438 731 1464 καὶ
753 1438 907 1472 ἀναγκαίαν

120 1479 219 1514 ἡδονὴν
235 1479 284 1505 σὺν
313 1479 352 1513 τῷ
377 1479 467 1514 καιρῷ
493 1480 692 1515 καρπούμενοι,
719 1483 834 1515 ταυτησὶ
858 1483 907 1517 τῆς

119 1525 285 1558 ἀκολάστου,
300 1526 350 1559 τῆς
366 1525 436 1561 ὑπὲρ
457 1526 565 1561 χρείαν,
581 1527 772 1561 καταγελῶσιν
782 1548 790 1560 ,
809 1529 847 1560 ὡς
862 1529 909 1554 οὺ-

119 1571 164 1598 δὲν
183 1571 262 1606 ἰερδν.
278 1570 374 1606 οὔσης,
392 1572 504 1598 ἐπειδὰν
530 1573 691 1608 παντοδαπὴ
717 1573 767 1608 μὲν
784 1577 910 1609 γένηται,

120 1618 251 1653 προτείνῃ
265 1618 293 1644 δὲ
314 1618 363 1644 σὺν
381 1620 489 1654 μηχανῇ
509 1627 539 1645 τε
556 1620 602 1646 καὶ
617 1619 739 1655 ποικιλίᾳ
754 1621 809 1647 πᾶν
822 1620 910 1646 ὁτιοῦν

121 1665 264 1692 κάλλιστόν
279 1673 309 1691 τε
326 1665 374 1691 καὶ
392 1665 503 1699 ἣδιστον
523 1666 582 1696 ταῖς
602 1665 649 1691 τοῦ
664 1667 792 1700 σώματος
813 1667 911 1701 aluei}—

122 1720 194 1743 σεσι,
208 1710 242 1737 δι’
255 1707 292 1737 ὧν
308 1710 397 1746 ἰσχύει
411 1711 459 1737 καὶ
475 1710 674 1746 περιγίγνεται,
689 1712 713 1737 εἰ
730 1711 767 1747 μὴ
788 1711 911 1746 κοσμίως

122 1758 296 1785 αἰσθάνοιντο
307 1758 422 1784 τουτωνὶ
432 1757 487 1784 τῶν
499 1757 648 1792 αἰσθητῶν,
665 1759 712 1784 καὶ
723 1759 778 1790 τοῖς
792 1758 911 1793 ἡδίστοις

121 1803 264 1839 ήδύνοιντο
282 1803 352 1838 μετὰ
376 1803 517 1838 λογισμοῦ.
535 1803 618 1830 Ὥστε
636 1805 668 1830 τὸ
683 1805 737 1839 πᾶν
758 1804 808 1839 τῆς
825 1804 911 1839 ὑπερ-

123 1850 220 1884 ϐολῆς,
236 1849 283 1875 καὶ
297 1849 344 1875 τοῦ
358 1848 469 1881 πολλοῦ,
485 1849 532 1876 καὶ
542 1849 594 1884 τῆς
608 1849 753 1884 ἀμετρίας.
766 1849 821 1876 Καὶ
835 1850 913 1876 ταῦθ’

123 1897 260 1931 ᾑμέτερον
286 1894 424 1929 ἔγκλημα,
446 1894 574 1929 καθάπερ
596 1896 643 1922 καὶ
665 1896 840 1931 προείρηται,
863 1896 913 1931 οὐχ

123 1941 160 1972 ὡς
177 1939 253 1974 αὐτῷ
277 1947 319 1966 σοι
341 1939 426 1966 δοκεῖ.
445 1939 481 1966 Σὺ
498 1938 548 1973 μὲν
567 1938 633 1974 γὰρ,
654 1936 676 1965 ὦ
689 1939 749 1970 τὰν,
765 1939 803 1970 ὡς
827 1939 911 1972 ἔοικε,

125 1986 226 2014 σαυτὸν
250 1985 338 2017 αἰτίας
355 1985 520 2019 ὲλευθεροῖς,
542 1986 590 2012 καὶ
612 1986 662 2020 τὴν
678 1985 816 2020 ἀκρασίαν
837 1986 914 2012 οὐδὲν

124 2033 233 2069 λογίζῃ,
250 2034 296 2059 καὶ
319 2033 369 2066 τὴν
391 2031 545 2059 ἐθελούσιον
565 2031 673 2067 κίνησιν
699 2032 765 2067 παρ’
782 2032 858 2058 οὐδὲν
873 2032 914 2059 τί-

126 2079 177 2114 θης
189 2088 196 2096 ·
215 2078 300 2114 μόνην
315 2078 344 2105 δὲ
360 2078 408 2112 τὴν
423 2078 521 2112 ἡδονὴν
536 2077 592 2104 ἀνω
611 2079 658 2104 καὶ
678 2077 753 2105 κάτω
773 2078 912 2114 στρέφεις,

125 2124 289 2159 αἰτιώμενος
306 2124 399 2154 ἁπλῶς
420 2124 488 2159 προς
502 2123 573 2159 ἅπερ
589 2123 621 2151 ἄν
635 2125 700 2150 ποτέ
719 2133 759 2151 σοι
776 2125 914 2161 πραχθείη

950 236 1034 270 ptatis
1046 243 1127 263 causa
1142 233 1363 270 reprobantibus,
1378 239 1428 259 nec
1443 231 1475 259 ab
1489 231 1568 258 initio
1580 238 1630 257 nos
1645 231 1741 257 adver-

951 289 998 309 sus
1014 281 1088 308 illam
1105 279 1313 308 admirabilibus
1327 277 1463 306 mandatis
1472 275 1740 304 etadmonitionibus

951 333 1097 357 armasset.

987 374 1131 402 Assentior
1147 373 1276 406 equidem
1294 371 1378 407 priori
1393 370 1527 398 orationis
1544 368 1627 404 parti,
1661 367 1740 394 volu-

951 426 1055 458 ptatem
1072 427 1134 448 esse
1148 419 1243 446 vilium
1262 419 1341 452 longe
1357 416 1596 444 violentissimum.
1619 421 1668 440 nec
1695 421 1742 440 ex—

952 475 1073 502 pressam
1113 467 1186 494 illius
1212 465 1357 500 imaginem
1374 463 1543 499 reprehendo
1560 470 1567 488 :
1584 468 1637 488 non
1667 460 1741 486 enim

952 515 1087 542 abhorret
1101 515 1134 541 ab
1145 514 1217 541 illius
1231 513 1338 540 ratione
1354 519 1387 538 ac
1402 517 1489 542 more.
1510 508 1610 537 Verum
1628 515 1680 534 non
1694 506 1743 534 ad-

954 569 1050 589 versus
1063 567 1159 588 omnes
1171 559 1273 594 pariter
1289 557 1416 585 homines
1429 560 1533 583 tantam
1549 555 1594 582 illa
1610 555 1664 580 vim
1690 554 1742 580 oh-

955 609 1033 640 tinet,
1049 612 1179 642 quantam
1195 610 1287 633 orator
1301 605 1353 632 iste
1365 603 1473 634 statuit,
1489 603 1535 630 sed
1563 602 1697 628 duntaxat
1714 601 1741 627 in

954 661 1002 682 eos
1018 654 1064 688 qui
1076 653 1184 680 fortiter
1197 651 1258 686 ejus
1273 650 1501 685 impressionibus
1519 648 1591 675 haud
1602 647 1741 674 resistunt.

953 701 1032 734 Quod
1046 706 1113 727 sane
1130 699 1172 726 vel
1190 699 1253 725 hinc
1270 702 1347 732 paret
1363 706 1370 724 :
1395 696 1503 731 quoties
1518 695 1589 723 enim
1609 695 1664 721 acri
1680 701 1743 721 cum

954 747 1057 782 impetu
1075 745 1150 772 viros
1181 744 1317 776 adoritur,
1344 743 1430 770 instar
1442 743 1551 769 lluctus-
1565 740 1680 774 alicujus
1694 740 1744 767 ob-

957 793 1058 828 iectam
1083 791 1194 823 molem,
1217 791 1250 818 de
1279 789 1404 817 maximis
1428 789 1561 823 lapidibus
1577 791 1635 814 arte
1652 787 1746 820 singu—

919 852 939 879 Β
959 840 1010 866 lari
1036 842 1218 873 compactam,
1234 836 1307 868 ferit,
1319 836 1451 869 irritoque
1466 837 1566 861 conatu
1584 832 1741 866 dissipatur.

953 887 1109 913 Alterorum
1123 892 1188 912 vero
1203 884 1309 910 animos
1338 882 1382 908 ubi
1413 880 1497 908 semel
1528 878 1742 913 expetendarum

953 939 1043 959 rerum
1069 931 1201 958 varietate
1215 930 1298 962 cepit,
1315 928 1384 955 nihil
1400 931 1484 953 restat
1510 926 1582 952 aliud
1609 932 1689 959 quam
1715 927 1746 950 ut

954 978 1012 1012 ipsa
1041 976 1175 1010 imperet,
1208 974 1246 1001 illi
1279 977 1403 1008 pareant,
1443 971 1476 998 ad
1499 971 1681 1005 quodcunque
1702 968 1746 996 vel

955 1023 1143 1058 turpissimum
1166 1020 1345 1055 ablegaverit,
1365 1018 1441 1053 quasi
1466 1018 1602 1052 quoddam
1621 1017 1653 1043 ad
1671 1016 1747 1050 pcla-

956 1075 1006 1104 gus
1023 1066 1202 1097 Atlanticum,
1224 1064 1295 1091 ultra
1315 1063 1404 1091 Gades
1429 1063 1522 1094 situm,
1539 1061 1674 1096 planeque
1695 1060 1747 1086 im-

956 1100 1092 1141 mensum.
1109 1111 1177 1139 Nam
1200 1111 1261 1138 illos
1289 1110 1395 1136 animos
1412 1113 1438 1136 et
1459 1108 1543 1135 trahit
1567 1112 1594 1134 et
1620 1107 1746 1139 sullocat,
1760 1100 1766 1108 “

958 1160 1121 1187 torrentium
1142 1158 1169 1184 in
1191 1164 1307 1189 morem,
1333 1156 1379 1190 qui
1399 1155 1560 1182 vehemente
1577 1153 1667 1188 pluvia
1683 1161 1745 1180 (-um

957 1204 1147 1239 impelluntur,
1177 1203 1212 1231 ob
1240 1210 1330 1229 aerem
1346 1207 1374 1229 et
1391 1200 1589 1229 formidabilem
1614 1200 1746 1235 impetum

957 1251 998 1279 Vel
1015 1251 1074 1278 solo
1090 1250 1204 1285 strepitu:
1229 1249 1372 1276 horrorem
1398 1247 1546 1274 incutiunt.
1573 1246 1646 1274 Satis
1673 1247 1747 1273 enim

958 1295 1133 1324 manifestum
1147 1299 1189 1322 est
1210 1295 1237 1322 iu
1248 1293 1328 1329 quale
1341 1293 1500 1320 barathrum
1515 1292 1667 1319 incidamus
1679 1298 1747 1326 quo-

959 1345 1010 1372 ties
1029 1344 1066 1371 illi
1087 1343 1171 1370 animi
1189 1342 1258 1378 parti
1278 1348 1330 1376 qua
1357 1340 1398 1367 vis
1414 1344 1546 1374 appetens
1575 1339 1745 1370 continetur,

959 1391 1036 1418 frena
1057 1389 1137 1424 plane
1166 1390 1301 1415 laxamus.
1333 1387 1370 1413 At
1396 1386 1505 1414 illorum
1523 1385 1568 1420 qui
1591 1385 1698 1412 virtutis
1720 1389 1748 1412 et

960 1436 1077 1464 rationis
1095 1435 1180 1463 armis
1192 1434 1289 1462 muniti
1317 1436 1392 1466 sunt,
1417 1433 1561 1463 ,nemiucm
1588 1431 1644 1459 ullo
1667 1428 1747 1466 [iacto

961 1482 1043 1510 telum
1064 1481 1152 1516 ipsius
1180 1479 1376 1507 vnlneraverit.
1390 1479 1457 1506 Nam
1477 1479 1524 1514 qui
1546 1478 1596 1505 viri
1610 1482 1684 1511 sunt,
1702 1485 1749 1505 eos

961 1529 1034 1556 scire
1050 1528 1133 1555 debes
1150 1527 1317 1554 moderatam
1332 1533 1364 1552 ae
1381 1525 1564 1552 necessariam
1580 1524 1747 1558 voluptatem

962 1578 1118 1608 opportune
1139 1572 1336 1607 percipientcs,
1369 1571 1449 1598 istam
1485 1570 1614 1597 etlrenem
1640 1574 1667 1597 et
1695 1577 1748 1597 nou

963 1619 1145 1647 necessariam
1179 1618 1281 1650 ridere,
1297 1617 1368 1650 quod
1399 1617 1467 1644 nihil
1498 1616 1526 1642 in
1543 1623 1576 1644 eo
1600 1616 1671 1643 sacri
1702 1616 1748 1647 sit,

961 1666 1069 1701 quoties
1085 1669 1112 1692 et
1125 1665 1284 1691 varietatem
1301 1663 1400 1694 induit,
1418 1666 1445 1689 et
1472 1665 1530 1688 arte
1551 1661 1668 1696 quadam
1687 1668 1750 1687 ver-

963 1713 1091 1747 sutiaque
1108 1711 1234 1746 corporis
1249 1710 1375 1738 sensibus
1396 1708 1530 1744 quidquid
1555 1714 1582 1736 et
1598 1707 1751 1742 pulcherri-

964 1767 1036 1787 mum
1053 1764 1080 1786 et
1094 1758 1322 1794 iucundissimum
1342 1759 1393 1788 est,
1411 1756 1517 1790 objicit,
1543 1759 1626 1790 atque
1650 1755 1748 1781 horum

963 1806 1120 1841 adjumento
1133 1805 1328 1833 corroboratur
1341 1824 1349 1835 ,
1376 1807 1403 1830 et
1427 1803 1553 1837 superior
1569 1801 1673 1831 evadit,
1699 1800 1749 1827 nisi

964 1859 1009 1879 res
1027 1852 1094 1879 istas
1120 1850 1236 1878 seusiles
1252 1851 1304 1877 rite
1318 1849 1482 1884 percipiant,
1502 1846 1750 1883 etjucundissimis

964 1904 1025 1924 eum
1043 1897 1149 1924 ratione
1166 1901 1251 1923 semet
1262 1896 1411 1924 oblectent.
1429 1894 1488 1928 Quo
1516 1894 1545 1922 tit
1570 1898 1600 1921 ut
1626 1899 1681 1921 tota
1706 1899 1751 1920 res

965 1942 992 1969 in
1015 1941 1098 1969 nimio
1127 1942 1214 1976 posita
1240 1941 1286 1974 sit,
1308 1947 1334 1968 et
1355 1941 1431 1975 copia
1463 1940 1590 1974 modique
1614 1939 1750 1973 neglectu,

964 1996 1025 2024 qua:
1039 1996 1107 2016 sane
1119 1993 1244 2016 nostrum
1268 1992 1331 2015 sunt
1345 1988 1460 2022 eritliett,
1476 1988 1516 2014 uti
1532 1994 1614 2021 supra
1642 1993 1752 2020 qucque

965 2036 1066 2062 dictum
1086 2040 1141 2067 est,
1154 2042 1207 2062 non
1224 2034 1262 2062 uti
1278 2034 1324 2062 tibi
1341 2034 1460 2061 videtur.
1484 2032 1552 2059 Nam
1574 2037 1601 2059 tu
1628 2032 1750 2066 quidem,

964 2089 980 2109 o
996 2081 1067 2109 bone
1083 2081 1135 2112 vir,
1152 2082 1267 2115 teipsum
1280 2079 1358 2114 culpa
1381 2079 1498 2106 liberare
1523 2077 1635 2109 videris,
1653 2081 1681 2103 et
1709 2077 1752 2102 iu-

965 2127 1173 2162 temperautiam
1187 2131 1330 2158 extenuas,
1345 2133 1376 2152 ac
1392 2130 1492 2152 motum
1506 2124 1687 2152 voluntarium
1701 2129 1751 2156 pro

126 2174 165 2203 εἰς
180 2171 329 2208 ιιιὺθάδιιοιν¹
351 2170 397 2197 καὶ
411 2170 516 2205 τέρψιν.
534 2170 590 2197 Καὶ
615 2171 742 2206 παραινῶ
758 2180 800 2198 σοι
822 2172 908 2206 φείδε-

967 2175 1055 2202 nihilo
1071 2175 1150 2202 ducis
1165 2183 1172 2201 :
1189 2174 1356 2207 voluptatem
1376 2180 1440 2199 vero
1454 2172 1542 2198 solam
1558 2179 1664 2198 sursum
1675 2171 1753 2197 deor-

128 2218 191 2243 σθ.ιι
206 2216 261 2242 τῶν
277 2215 408 2242 τοιούτων
425 2215 554 2249 κρίσεων,
571 2216 619 2242 καὶ
638 2217 748 2250 μακρὰν
763 2217 914 2252 ἀπέχεσθαι

127 2263 243 2289 τουτωνὶ
259 2261 313 2288 τῶν
332 2261 482 2295 λογισμῶν,
502 2262 597 2297 πόρῤω
614 2270 667 2288 που
685 2263 732 2288 καὶ
753 2263 856 2290 τούτων
872 2263 917 2290 6v-

127 2318 180 2335 των
193 2309 244 2343 τῆς
260 2308 400 2342 ἀληθείας.
419 2308 511 2334 Ποιείν
526 2309 581 2343 γὰρ
598 2309 805 2344 παραπλήσιον,
820 2310 917 2346 ὥσπερ

127 2355 160 2381 ἂν
188 2356 212 2382 εἰ
229 2355 374 2390 φάρμακον
396 2354 451 2380 ἔδει
482 2363 511 2380 σε
542 2355 712 2387 πεπωκέναι,
737 2355 789 2382 ὑπὸ
817 2357 918 2391 ἰατρῶν

127 2401 250 2436 ἀρίστων
265 2400 479 2435 ἐσκευασμένον,
499 2399 551 2427 εἰτ’
569 2401 694 2436 ἀκαίρως
710 2402 793 2434 αὐτὸς
806 2404 912 2439 χρησά-

129 2455 210 2481 μενος
227 2446 263 2480 τῷ
284 2446 435 2482 φαρμάκῳ.
460 2446 527 2481 πρὸς
541 2446 698 2474 τούναντίον
720 2448 852 2480 ἐκϐάντος
870 2458 912 2476 σοι

127 2493 174 2519 τοῦ
197 2493 376 2528 βουλήματος,
394 2493 475 2526 ἀφεὶς
492 2493 592 2520 σαυτὸν
616 2494 807 2529 ἐπιπλήττειν,
829 2496 862 2521 σὺ
885 2496 914 2523 δὲ

127 2539 282 2571 διαϐάλλεις
300 2539 329 2566 τὸ
343 2540 499 2574 φάρμακον,
514 2540 562 2566 καὶ
580 2540 643 2572 τοὺς
659 2541 748 2568 ἐκεῖνο
761 2542 853 2576 σοφῶς
870 2552 917 2570 κε·-

130 2588 274 2621 ράσαντας.
293 2587 331 2613 Οὐ
355 2587 433 2622 μόνον
455 2586 484 2612 δὲ
500 2587 533 2614 τὰ
551 2588 625 2623 παρὰ
647 2588 701 2614 τῶν
717 2589 830 2624 ἰατρῶν,
847 2591 917 2619 ἀλλὰ

127 2633 175 2660 καὶ
189 2633 268 2660 πάνθ’
283 2631 324 2664 οἷς
337 2633 478 2668 χρώμεθα,
489 2634 513 2660 εἰ
525 2633 615 2669 χρῷτό
633 2643 677 2665 τις
688 2635 718 2661 οὐ
739 2636 841 2669 καλῶς,
854 2638 916 2664 οὐδὲ

130 2678 200 2712 μετά
214 2678 262 2705 τοῦ
280 2679 466 2713 προσήκοντος
483 2679 595 2714 μέτρου,
620 2679 740 2716 βλαϐερὰ
760 2681 793 2707 ἂν
810 2683 916 2715 γένοιτο

127 2725 218 2751 πάντα
243 2725 374 2759 τρόπονῆ
404 2725 513 2757 αὐτίκα,
533 2725 550 2760 ἢ
577 2727 737 2760 μετέπειτα,
756 2727 771 2762 ἤ
799 2728 846 2754 καὶ
866 2729 915 2755 ἀπ’

127 2771 214 2805 ὸρχῆς
229 2771 295 2805 ἄχρι
310 2771 415 2802 τέλους.
431 2771 516 2798 Τοῦτο
529 2771 557 2798 δὲ
577 2773 626 2798 οὐκ
643 2772 728 2805 ἐστιν,
743 2774 786 2807 ἐφ’
799 2774 851 2808 ὅτῳ
864 2776 915 2801 οὐκ

128 2817 212 2844 ἔστιν.
227 2817 286 2843 Οὐκ
297 2817 340 2852 ἄρ’
382 2818 463 2853 ἡδονὴ
477 2817 507 2844 τὺ
520 2819 616 2849 κακὰν.
634 2819 691 2846 ἀλλ’
704 2820 720 2855 ὴ
738 2821 914 2855 παράχρησις

127 2863 172 2890 ἐπὶ
188 2864 242 2890 τῶν
266 2863 403 2893 ἁπάντων.
426 2865 501 2891 Ἐπεὶ
527 2866 573 2901 καὶ
597 2865 652 2900 πῦρ
680 2867 712 2902 τῇ
738 2868 913 2902 παραχρήσῃ

964 2229 1024 2249 sum
1035 2221 1172 2253 nlutans,
1183 2219 1345 2255 simpliciter
1352 2219 1385 2246 ad
1399 2226 1457 2245 eam
1471 2217 1567 2249 refers,
1578 2223 1751 2252 quaecunque

964 2267 1145 2295 contumaciae
1153 2274 1185 2294 ac
1199 2266 1319 2293 libidinis
1328 2264 1470 2299 explenda!
1479 2271 1560 2291 causa
1570 2270 1688 2297 unquam
1703 2263 1752 2289 abs

964 2319 990 2342 te
1005 2319 1080 2349 gesta
1090 2318 1164 2341 sunt.
1177 2312 1282 2345 Quibus
1295 2319 1309 2338 a
1320 2311 1434 2346 iudiciis
1449 2316 1478 2337 ut
1488 2310 1639 2342 abstineas,
1658 2309 1753 2343 longe-

965 2369 1018 2396 que
1027 2360 1206 2395 cogitationes
1219 2357 1373 2394 hujusmodi
1384 2356 1512 2391 repellas,
1523 2363 1632 2386 moneo,
1643 2357 1754 2390 quando

964 2411 992 2434 et
1005 2407 1069 2440 ipsae
1086 2406 1167 2440 longe
1181 2413 1195 2431 a
1206 2405 1320 2431 veritate
1339 2403 1448 2430 absunt.
1471 2400 1537 2428 Nam
1554 2401 1677 2436 perinde
1688 2402 1754 2427 facis

966 2459 998 2479 ac
1013 2452 1046 2485 si,
1060 2458 1121 2478 cum
1138 2449 1315 2477 hauriendum
1332 2448 1379 2475 tibi
1395 2447 1570 2482 pharmach
1585 2452 1669 2479 esset,
1685 2448 1756 2481 opti-

968 2498 1020 2524 mis
1036 2505 1050 2524 ο
1067 2496 1181 2524 medicis
1198 2498 1336 2530 paratum,
1356 2498 1383 2521 tu
1402 2494 1592 2529 intempestive
1608 2495 1756 2529 pharmam

967 2552 1049 2577 usus,
1066 2548 1162 2571 eventu
1179 2542 1310 2570 voluntati
1331 2545 1382 2568 tua:
1398 2541 1535 2569 contrario
1551 2541 1754 2575 subsequente,

966 2590 1154 2625 objurgatione
1172 2590 1271 2616 tuimet
1287 2589 1372 2623 ipsius
1389 2588 1501 2619 omissa,
1517 2587 1693 2621 pharmacum
1711 2593 1757 2612 ac-

966 2644 1046 2664 cuses
1068 2641 1095 2662 et
1112 2643 1160 2663 eos
1177 2635 1224 2669 qui
1242 2634 1323 2662 docte
1341 2634 1367 2661 id
1386 2634 1564 2661 miscuerant.
1583 2633 1675 2667 Neque
1697 2637 1760 2659 tan-

965 2688 1021 2709 tum
1038 2682 1185 2716 pharmaca
1203 2680 1382 2713 medicorum,
1395 2680 1442 2707 sed
1458 2680 1538 2706 etiam
1552 2679 1642 2705 orimiu
1659 2679 1759 2714 quibus

968 2728 1080 2759 utimur,
1110 2728 1132 2754 si
1158 2727 1220 2762 quis
1248 2727 1319 2754 haud
1349 2731 1424 2753 recte
1451 2730 1552 2758 utatur,
1582 2733 1668 2760 neque
1695 2732 1759 2751 cum

969 2774 1049 2800 modo
1063 2774 1256 2806 conveniente,
1272 2774 1338 2809 quin
1357 2773 1435 2800 noxia
1452 2771 1542 2799 futura
1558 2773 1630 2806 sint,
1646 2772 1688 2799 vel
1703 2777 1759 2799 sta-

969 2821 1032 2852 tim,
1052 2820 1093 2847 vel
1112 2820 1139 2848 in
1157 2826 1310 2855 posterum,
1330 2819 1370 2847 vel
1388 2820 1468 2847 etiam
1488 2828 1501 2846 a
1522 2820 1654 2854 principio
1672 2826 1768 2853 usque

969 2867 1001 2894 ad
1015 2866 1110 2900 linem,
1121 2866 1178 2895 fieri
1193 2867 1265 2895 nulla
1280 2866 1384 2894 ratione
1398 2870 1496 2901 potest.
1512 2865 1565 2894 Nec
1581 2866 1631 2893 ulla
1648 2870 1688 2893 αι
1702 2873 1757 2895 rus.
