1937 3078
171 127 224 160 475

769 132 849 162 ΜΛΝ
856 131 943 162 UELl
950 131 969 161 S
989 129 1212 162 PALEOLOGI

1736 127 1791 161 476

167 186 194 213 in
210 193 262 220 qua
280 193 331 214 non
348 186 418 214 idem
433 187 483 215 hoc
498 195 547 214 usu
563 188 664 216 veniat.
679 188 736 216 Non
752 195 816 224 ergo
831 188 953 222 voluptas

1008 187 1100 219 κακὸν,
1116 186 1163 212 και
1183 185 1257 212 ἅπαν
1271 185 1374 220 χρῆμα.
1391 185 1466 213 Αὑτὰ
1479 185 1534 221 γὰρ
1554 185 1641 217 ταῦτα
1655 186 1689 214 τὰ
1703 187 1791 221 ἀναγ-

168 232 268 258 malum
293 232 358 268 quid
381 237 433 266 cst,
455 234 502 261 sed
527 235 628 262 abusus
653 235 679 262 in
705 236 785 264 rebus
807 235 952 268 universis,

167 277 386 312 quandoquidem
406 283 433 305 (ιι
452 279 522 313 ignis
539 280 623 307 abusu
644 280 730 308 malus
746 286 801 313 est,
821 286 848 308 cl
867 288 952 315 aqua,

167 324 194 347 et
211 328 254 348 res
271 322 382 349 omnino
399 323 536 358 quaelibet.
555 324 618 351 Haec
636 325 709 352 enim
729 326 786 359 ipsa
805 325 951 359 cmtemqui

169 367 338 398 necessaria,
354 373 383 395 et
399 369 502 403 absque
516 370 615 404 quibus
631 378 710 398 nemo
726 371 818 399 salvus
833 376 859 399 ct
876 373 952 399 inco-

168 413 250 440 lumis
267 412 365 446 fuerit,
385 415 494 449 perinde
512 423 543 442 ac
562 417 648 444 noxia:
667 421 761 444 natura
780 425 839 449 res,
857 417 961 447 interi-.

170 463 245 486 munt
259 460 280 486 si
296 460 365 486 ultra
379 468 458 495 quatit
473 469 521 496 par
535 462 569 489 sit
581 461 665 489 ﬂuant
678 470 776 497 magna
789 470 851 489 cum
866 464 952 488 almu-

168 506 270 532 dantia.
294 506 350 538 Dic,
374 508 501 539 obsecro,
524 508 600 541 mihi,
621 509 685 543 quid
709 509 779 540 luce,
801 509 866 544 quid
890 516 953 536 aere

169 553 283 579 melius?
298 553 326 579 Si
345 559 434 581 tamen
452 558 478 581 et
497 555 538 582 his
556 555 707 587 abutamur,
725 563 851 590 magnum
867 556 952 590 quod-

169 597 229 624 dam
245 597 274 625 tit
289 599 388 625 malmu
401 619 407 631 ,
425 599 544 633 itemque
560 600 638 627 nobis
654 600 756 627 accidit
770 601 841 635 quod
859 601 891 628 iis
907 601 952 635 qui

169 644 266 671 horum
284 645 396 671 minime
412 646 557 680 participes
571 650 650 679 sunt;
665 655 726 673 nam
743 647 864 681 utrisque
881 648 959 674 cala—.

171 691 252 718 mitas
270 691 438 719 intoleranda
458 692 601 726 contingit,
622 697 675 719 tam
694 693 772 720 nobis
789 701 870 728 quam
888 694 951 721 illis.

171 737 205 763 Et
221 745 338 771 quonam
359 737 384 764 id
403 741 498 771 pacto,
516 738 614 765 dicam.
633 737 752 770 Radius,
771 746 814 765 res
831 739 951 765 omuiutn

168 783 379 818 iucundissima,
403 784 502 818 prmbet
527 783 612 810 oculis
635 789 663 810 ut
685 790 747 811 actu
770 785 876 812 videndi
899 785 950 811 vim

170 830 302 861 habeant,
318 834 345 856 et
361 830 439 856 rebus
454 830 665 863 aspectabilibus
680 831 781 865 praebet
799 837 827 857 ut
842 832 952 864 conspi-

171 876 279 902 ciantur
303 875 328 902 id
350 882 411 902 esse
435 876 503 909 quod
526 881 598 902 sunt.
621 875 686 902 Nam
711 881 737 903 et
761 884 819 910 quae
843 877 953 910 pulchra

170 927 247 953 sunt,
266 926 294 949 et
313 922 370 956 ipse
389 921 500 953 oculus,
519 926 652 955 potestate
670 923 799 949 duntaxat
818 922 843 949 id
861 927 953 950 essent

169 967 241 1002 quod
258 973 354 994 natura
371 971 453 999 sunt,
470 968 580 1002 pulchra
598 968 725 996 nimirum
736 988 743 1000 ,
760 974 788 996 et
803 969 914 1002 oculus,
931 969 953 997 si

170 1013 333 1041 beneﬁcium
349 1021 427 1040 suum
445 1007 535 1042 radius
551 1014 609 1048 ipse
625 1023 677 1042 non
692 1019 850 1049 prmstaret;
866 1015 914 1043 sed
930 1016 953 1043 si

169 1059 230 1094 quis
244 1060 314 1086 hunc
331 1064 414 1086 totum
431 1060 517 1087 oculis
535 1060 688 1088 immediate
703 1061 857 1095 exceperit.
874 1061 954 1089 facile

168 1104 277 1132 vivendi
295 1104 449 1132 facultatem
468 1107 584 1133 amittet.
603 1106 682 1141 Atqui
700 1107 721 1134 si
737 1108 816 1143 longo
834 1113 954 1143 tempore

170 1150 262 1177 radius
277 1150 363 1178 oculis
380 1151 471 1177 nullus
486 1151 621 1184 illuxerit,
638 1152 706 1179 nihil
722 1152 784 1180 inde
799 1153 953 1180 detrimenti

170 1197 210 1224 eis
226 1196 373 1229 acciderit;
389 1205 482 1225 verum
498 1198 520 1224 si
536 1205 616 1232 supra
634 1199 741 1226 modum
759 1199 784 1226 in
803 1206 848 1227 eos
864 1200 953 1227 irrue-

169 1243 216 1274 rit,
232 1250 293 1269 mox
311 1242 478 1278 inopinatum
492 1244 618 1278 quiddam
633 1245 745 1278 accidit,
760 1247 868 1280 quando
881 1247 952 1281 quod

167 1288 396 1323 jucuttdissimum
413 1289 492 1317 nobis
506 1295 557 1321 est,
572 1291 597 1317 in
614 1291 731 1319 dolorem
747 1292 853 1325 desinit,
868 1297 893 1319 et
907 1299 955 1327 per

171 1342 252 1368 quem
268 1334 360 1361 videre
376 1341 534 1368 possumus,
549 1343 597 1370 per
611 1337 735 1363 eumdem
753 1337 860 1364 videndi
877 1345 953 1365 usum

171 1380 330 1407 amittimus.
342 1379 401 1406 Jam
416 1381 519 1415 absque
532 1382 601 1415 aeris
614 1389 663 1408 usu
676 1390 708 1409 ne
722 1383 882 1410 brevissimo
894 1384 955 1419 qui-

171 1423 373 1460 dem‘tempore
388 1426 484 1453 durare
499 1434 655 1460 possumus,
672 1432 702 1454 ut
717 1428 825 1456 intcrim
841 1437 894 1456 non
911 1430 954 1456 di-

171 1478 249 1502 cam,
269 1478 331 1497 mox
350 1471 492 1499 interitura
512 1473 650 1507 universa,
666 1474 693 1501 ni
711 1474 892 1503 circumfusus
909 1483 955 1503 aer

1006 233 1082 264 καία,
1099 233 1144 258 καὶ
1155 228 1193 258 ὧν
1202 232 1288 266 χωρὶς
1298 231 1352 258 οὐδ’
1364 231 1396 258 ἂν
1410 232 1497 263 οὐδεὶς
1508 232 1679 265 διασώζοντο,
1694 233 1792 270 ὥσπερ

1005 279 1039 305 τὰ
1054 278 1133 311 φύσει
1160 277 1315 312 βλάπτοντα
1338 278 1504 313 διαφθείρει,
1529 279 1562 313 ἢν
1583 279 1653 315 ὑπὲρ
1675 279 1706 306 τὸ
1731 280 1792 306 δέον

1005 324 1209 359 συνεπιρρεύσῃ
1227 323 1295 358 μετὰ
1311 323 1413 358 πολλῆς
1426 325 1475 358 τῆς
1496 324 1659 359 ὑπερϐολῆς.
1677 325 1711 351 Τί
1728 326 1790 360 μὲν,

1004 369 1065 396 ειπέ
1080 379 1135 404 μοι,
1161 369 1266 404 φωτὸς,
1286 369 1311 395 τί
1329 369 1352 396 δ“
1363 369 1444 404 ἀέρος
1465 369 1585 404 βέλτιον;
1603 371 1672 397 ἀλλὰ
1695 371 1728 398 ἂν
1743 373 1792 398 καὶ

1004 415 1091 441 τηῖπδε
1122 414 1378 450 παραχρησώμεθα,
1399 415 1470 450 μέγα
1493 424 1520 442 τι
1543 417 1667 450 γίγνεται
1692 417 1789 450 κακὸν,

1004 460 1052 487 καὶ
1077 461 1173 486 ταυτὸν
1198 461 1253 492 τοῖς
1279 460 1310 486 οὐ
1339 461 1484 495 μετέχουσι
1510 461 1613 488 τούτων
1636 463 1789 497 πάσχομεν.

1010 506 1160 540 ’Δφ¹ρητον
1175 506 1230 540 γὰρ
1247 507 1348 540 ἀμφοῖν
1366 507 1397 533 τὸ
1410 507 1497 533 δεινὸν
1511 507 1577 541 ἡμῖν
1593 516 1622 534 τε
1639 507 1790 540 κάκείνοις.

1004 551 1059 578 Καὶ
1085 552 1160 584 πιτις;
1188 552 1243 585 ἐγὼ
1267 552 1351 586 λέγω.
1374 553 1474 586 ’Λκτὶς,
1498 553 1512 579 ὃ
1537 554 1644 581 πάντων
1668 554 1791 595 ἥδιστον,

1005 599 1122 633 παρέχει
1140 598 1190 632 μὲν
1202 599 1259 629 τοῖς
1274 599 1426 634 ὀφθαλμοῖς
1439 600 1564 635 ἐνεργείᾳ
1583 601 1613 626 τὺ
1626 601 1692 636 ὀρᾷν
1704 601 1790 636 ἔχειν,

1005 645 1120 679 παρέχει
1136 644 1164 670 δὲ
1179 645 1234 673 τοῖς
1249 645 1356 679 ὁρατοῖς
1370 645 1436 671 αὐτὸ
1451 646 1525 673 τοῦτ’
1540 644 1610 673 εῖναι
1631 648 1677 673 καὶ
1695 648 1791 682 φαίνε-

1005 691 1080 718 σθαι.
1110 691 1187 726 Μόνῃ
1215 691 1269 725 γὰρ
1295 691 1327 717 ἂν
1346 689 1379 726 ἦν
1408 692 1522 726 δυνάμει
1542 692 1576 719 τὰ
1606 692 1676 720 καλὰ
1703 694 1751 720 καὶ
1776 694 1790 719 ὁ

1005 737 1155 772 ὀφθαλμὺς,
1171 736 1237 763 αὐτὸ
1253 737 1328 763 τοῦθ’
1343 737 1356 763 ὃ
1372 738 1521 772 πεφύκασι,
1542 739 1612 766 καλὰ
1630 740 1676 766 καὶ
1690 739 1791 774 ὀφθαλ-

1007 781 1067 816 μὸς,
1084 782 1218 816 μηδαμῶς
1238 790 1290 808 που
1305 783 1355 816 τῆς
1371 783 1481 814 ἀκτῖνος
1492 783 1523 809 τὺ
1538 783 1641 818 ἑαυτῆς
1654 784 1791 819 χορηγοῦο

1007 835 1069 862 σης.
1090 827 1161 854 Ἀλλ’
1181 827 1263 859 εἴτις
1282 828 1385 863 ταύτην
1401 829 1513 861 ἀμέσως
1528 830 1594 864 ὃλην
1618 831 1673 861 τοῖς
1687 830 1791 864 ὀφθαλ-

1007 873 1068 907 μοῖς
1096 872 1220 905 δέξαιτο,
1250 873 1350 909 ῥᾳδίως
1375 875 1409 901 ἂν
1435 875 1484 910 τὴν
1513 876 1631 910 ὸπτικὴν
1660 878 1790 904 ἀπολέσει

1004 918 1133 954 δύναμιν.
1151 920 1248 946 Καίτοι
1266 921 1363 955 συχνόν
1376 930 1436 947 τινα
1451 921 1547 957 χρόνον
1562 923 1620 954 τοῖς
1640 923 1791 958 ὀφθαλμοῖς

1007 964 1044 999 μὴ
1063 965 1207 1000 φανείσης.
1225 965 1302 992 οὐδὲν
1318 966 1352 993 ἂν
1367 966 1474 998 τούτοις
1493 967 1612 1002 βλάπτον
1637 969 1790 1003 ἐπεγένετο.

1011 1010 1096 1046 Ὑπὲρ
1117 1011 1144 1037 δὲ
1167 1011 1197 1037 τδ
1225 1012 1325 1046 μέτρον
1341 1014 1549 1048 συγγεγονυίας,
1565 1014 1664 1041 αὐτίκα
1686 1015 1731 1041 καὶ
1748 1015 1792 1048 γί-

1005 1065 1100 1090 γνεται
1115 1057 1276 1092 παράδοξον,
1295 1059 1319 1084 εί
1342 1059 1372 1084 τὸ
1391 1059 1498 1093 ἥδιστον
1513 1060 1579 1094 ἡμῖν
1599 1060 1791 1095 τελευτήσειεν

1005 1103 1046 1133 είς
1062 1103 1163 1136 λύπην,
1181 1103 1228 1129 καὶ
1244 1102 1278 1129 δι’
1297 1104 1329 1138 ἦν
1344 1105 1410 1139 cpe»:
1435 1104 1504 1138 ἔστι,
1529 1105 1563 1131 δι’
1584 1106 1669 1139 αὐτὴν
1688 1106 1735 1132 καὶ
1760 1106 1792 1133 τὸ

1004 1149 1070 1182 ὁρᾷν
1084 1148 1283 1183 ἀπολέσαιμεν,
1310 1149 1405 1184 Ἀἐρος
1423 1150 1514 1184 μέντοι
1533 1151 1617 1185 χιὶιρὶς
1641 1151 1702 1178 οὐδὲ
1724 1152 1792 1186 γοῦν

1006 1193 1176 1228 βραχύτατον
1191 1194 1287 1229 χρόνον
1300 1195 1405 1222 ἔνεστιν
1423 1197 1499 1230 ἡμᾶς
1509 1196 1651 1230 διαρκέσαι
1666 1204 1674 1212 ³
1687 1197 1723 1223 eo
1735 1197 1790 1232 γὰρ

1004 1239 1074 1272 τέως
1090 1241 1188 1273 εἰπεῖν,
1205 1240 1243 1272 ὦς
1259 1241 1305 1268 καὶ
1321 1243 1410 1268 πάντα
1424 1242 1456 1269 ἂν
1479 1243 1583 1270 εὐθέως
1598 1242 1732 1274 ἀπόλωλε.
1751 1242 1791 1278 μὴ

1007 1286 1202 1320 περιχυθέντος
1216 1287 1331 1313 ἐκείνου.
1355 1287 1427 1313 Ἀλλ’
1442 1287 1475 1314 ἂν
1498 1288 1543 1315 καὶ
1559 1284 1636 1318 οὗτός
1651 1288 1791 1322 φορτικόν.

1004 1340 1083 1366 τερον
1095 1332 1162 1366 ἡμῖν
1182 1332 1344 1368 ἐπιπνεύσῃ,
1363 1334 1411 1360 καὶ
1425 1334 1495 1368 μετὰ
1514 1333 1604 1369 ῥύμης
1622 1334 1663 1360 ὅτι
1688 1334 1792 1369 πολλῆς

1006 1378 1190 1414 ὲπιδιαδράμῃ
1210 1379 1305 1406 τᾶνδον
1323 1379 1367 1406 διὰ
1380 1381 1433 1406 τῶν
1446 1379 1533 1411 ὤτων,
1551 1380 1597 1407 διὰ
1614 1381 1667 1407 τῶν
1683 1381 1791 1415 μυκτή-

1007 1433 1072 1459 ρων,
1087 1424 1131 1451 διὰ
1146 1425 1192 1451 τοῦ
1208 1426 1351 1460 στόματος.
1369 1426 1407 1456 ὡς
1422 1427 1459 1461 μὴ
1480 1427 1629 1462 δυνηθῆναι
1647 1428 1793 1455 τοσύνολον

1006 1470 1146 1505 ἐκπέμψαι
1162 1471 1213 1506 μὲν
1238 1471 1331 1504 αὑτὸν,
1350 1472 1540 1506 ὑπερζέσαντα
1555 1474 1588 1508 τῇ
1617 1475 1720 1509 φυσικῇ
1737 1474 1793 1500 τῶν

171 1520 255 1545 esset.
270 1516 371 1544 Verum
388 1517 411 1544 si
427 1521 455 1544 et
470 1517 514 1545 ille
528 1520 639 1552 gravius
652 1527 703 1547 nos
718 1520 858 1552 amaverit,
873 1526 900 1549 et
915 1522 955 1549 in—

1008 1517 1171 1552 σπλάγχνων
1182 1518 1343 1552 θερμότητι,
1357 1519 1461 1546 σπᾶσαι
1475 1519 1503 1545 δὶ
1518 1520 1566 1546 καὶ
1581 1521 1793 1554 ἀντεισαγαγεῖν

172 1567 252 1597 gente
269 1570 330 1589 cum
349 1563 450 1598 impetu
468 1563 507 1591 sic
524 1564 630 1592 interna
647 1567 830 1600 penetraverit
847 1574 894 1601 per
909 1575 957 1594 au-

173 1616 227 1642 res,
241 1616 287 1644 per
300 1617 390 1642 nares,
404 1617 452 1644 per
465 1618 505 1643 os,
519 1615 548 1637 ut
562 1618 622 1638 eum
636 1612 745 1640 omnino
759 1620 808 1640 nec
821 1613 954 1646 emittere,

173 1654 289 1682 naturali
313 1655 446 1682 viscerum
465 1655 555 1683 calore
575 1655 765 1689 fervefactum,
789 1665 839 1685 nec
863 1666 956 1686 recen-

174 1704 246 1731 tem,
262 1700 307 1734 qui
324 1700 441 1728 calorem
461 1701 571 1729 insitum
590 1703 746 1736 refrigeret,
763 1705 898 1731 attrahere
917 1710 957 1731 at-

174 1753 228 1779 que
239 1746 419 1774 intromittcre
432 1748 578 1783 possimus,
591 1748 669 1775 facile
680 1756 774 1776 omnes
786 1750 956 1783 perierimns.

175 1792 222 1820 Sic
236 1793 326 1820 omnia
342 1795 410 1820 bona
425 1798 487 1821 sunt
500 1801 559 1828 quae
573 1794 623 1821 rite
637 1794 712 1827 liunl,
726 1802 776 1821 nec
789 1794 891 1829 absque
906 1795 957 1822 hoc

174 1839 332 1873 quidquam.
351 1839 417 1866 Nam
438 1845 465 1866 et
485 1839 606 1867 membra
630 1841 761 1875 corporis,
781 1845 808 1868 et
828 1848 957 1877 quaecun-

175 1891 228 1918 que
243 1885 335 1911 usibus
351 1885 446 1911 horum
462 1885 600 1918 serviunt,
615 1894 663 1920 per
678 1894 706 1914 sc
722 1887 789 1914 bona
806 1893 869 1915 sunt
883 1892 909 1915 et
924 1888 956 1914 ad

177 1930 275 1958 bonum
291 1929 373 1956 facta.
388 1929 457 1962 Quin
473 1931 554 1957 etiam
571 1932 752 1960 conditionem
768 1941 844 1960 suam
863 1929 955 1961 mode-

176 1977 280 2003 ratione
293 1981 401 2002 servanl
412 1983 488 2009 ;nam
501 1976 558 2003 solo
569 1984 691 2010 excessu,
705 1979 744 2005 vel
756 1979 860 2006 defectu
874 1979 955 2012 illius,

175 2023 246 2057 quod
266 2023 322 2050 ﬁeri
341 2031 389 2057 par
405 2028 479 2055 erat,
497 2029 550 2051 tam
570 2025 627 2058 ipsa
645 2025 764 2052 membra
782 2033 842 2060 qua:
859 2032 955 2061 agunt,

175 2077 255 2104 quam
276 2077 335 2104 quae
352 2077 400 2104 per
416 2078 448 2097 ea
466 2070 630 2104 eiﬁciuntur,
647 2078 707 2099 esse
727 2073 794 2100 mala
812 2077 955 2108 putantur,

175 2123 237 2142 cum
261 2123 432 2151 nequaquam
456 2117 520 2144 sint.
545 2117 649 2145 Etenim
674 2119 744 2153 quod
770 2120 882 2147 nimium
905 2125 956 2153 est,

174 2161 302 2196 quodque
318 2170 423 2197 parum,
438 2163 536 2198 ubique
553 2168 643 2197 uocet,
657 2167 693 2192 uti
708 2166 762 2200 jam
779 2172 842 2193 ante
856 2167 956 2193 dictum

174 2212 226 2236 est.
236 2209 270 2236 At
281 2209 325 2236 illa
339 2217 386 2244 per
398 2210 473 2237 istaec
486 2211 664 2238 instrumenta
675 2219 867 2246 nonnunquam
878 2213 955 2246 fiunt,

175 2263 369 2290 nonnunquam
392 2257 495 2284 ratione
517 2258 654 2290 materiae,
672 2266 732 2292 quae
752 2258 956 2291 instrumentis,

175 2302 226 2328 hoc
241 2307 283 2329 est
299 2302 444 2333 membris,
461 2303 626 2341 agendi‘vim
643 2304 814 2338 suppeditat;
831 2311 958 2331 nonnun-

175 2353 255 2381 quam
278 2354 312 2374 ex
336 2348 421 2382 ipsius
443 2348 525 2374 animi
550 2349 695 2375 sententia.
717 2348 775 2376 Non
800 2353 890 2376 tamen
913 2350 958 2377 illa

175 2392 238 2425 quis
260 2392 320 2427 jure
341 2393 553 2428 rituperaverit,
576 2395 682 2429 opinor,
706 2394 732 2421 in
755 2395 806 2421 ulla
828 2402 857 2422 re
881 2405 887 2422 :
913 2402 962 2423 nec

174 2437 247 2464 enim
264 2438 401 2469 materies,
417 2446 476 2472 quae
490 2446 586 2473 expers
600 2444 642 2466 est
656 2439 750 2472 animi,
767 2440 899 2475 culpanda
914 2449 946 2468 ve
956 2455 962 2461 -

176 2483 226 2514 nit,
241 2490 290 2510 nec
307 2484 439 2515 membra,
453 2483 500 2511 sed
516 2492 624 2512 movens
638 2485 711 2512 isth
724 2486 841 2517 auiuuts,
855 2486 899 2520 qui
917 2493 961 2512 ar-

176 2529 278 2555 bitratu
293 2536 342 2555 suo
357 2534 489 2559 movetur,
506 2530 538 2557 ad
557 2531 665 2557 meliora
681 2531 790 2565 quidem
808 2538 868 2558 cum
885 2538 899 2557 a
918 2538 962 2557 ra-

176 2575 249 2602 tione
265 2576 442 2609 gubernatur,
459 2575 491 2602 ad
508 2576 643 2602 deteriora
658 2584 721 2603 vero
737 2584 798 2603 cum
817 2576 912 2603 brutas
928 2576 962 2603 ad

177 2627 267 2655 partes
285 2622 370 2657 magis
386 2622 544 2656 prnpendet.
560 2622 741 2654 Quamobrem
756 2623 789 2649 de
805 2622 910 2650 duobus
925 2621 963 2648 al-

178 2673 264 2694 terum
282 2674 422 2702 sequetur,
437 2668 479 2695 vel
497 2672 525 2694 ut
543 2668 654 2695 minime
670 2669 704 2695 sit
720 2669 872 2695 accusanda
890 2668 964 2695 volu-

178 2720 250 2748 ptas,
267 2715 374 2748 quoties
393 2715 488 2742 modus
507 2722 521 2741 a
540 2714 616 2742 nobis
633 2715 791 2750 negligitur,
810 2714 963 2749 progressis

165 2760 293 2789 _nltcrius
307 2768 387 2795 quam
402 2768 449 2795 par
463 2761 551 2788 [uerat
567 2770 573 2788 :
590 2761 632 2788 vel
647 2766 675 2788 ut
692 2761 760 2788 idem
775 2761 869 2787 eodem
886 2761 965 2786 modo

179 2807 214 2833 de
229 2807 327 2834 creatis
344 2809 477 2835 universis
493 2808 556 2840 ﬁat;
575 2807 628 2835 imo
639 2807 751 2842 potius,
769 2807 867 2834 creatis
883 2806 965 2834 omis-

179 2853 236 2888 sis,
252 2852 409 2882 Creatorem
428 2855 514 2890 ipsum
533 2854 700 2883 cavillcmur.
721 2852 785 2880 Nam
803 2853 848 2888 qui
868 2852 964 2880 noxio-

1006 1563 1188 1598 νεαρώτερον,
1205 1563 1324 1598 ψύξοντα
1338 1563 1387 1598 τὴν
1402 1564 1523 1598 ἔμφυτον
1538 1564 1655 1600 θέρμην,
1671 1566 1794 1600 εὐχερῶς

1005 1609 1039 1636 ἂν
1058 1609 1179 1641 ἅπαντες
1191 1609 1388 1645 ἀπολώλαμεν,
1402 1610 1479 1637 Οὕτω
1494 1611 1583 1637 πάντα
1602 1611 1702 1645 ἀγαθὰ,
1721 1612 1794 1646 μετὰ

1006 1657 1104 1691 καιροῦ
1124 1657 1319 1692 πεπραγμένα,
1337 1657 1385 1695 καί
1413 1657 1489 1684 οὐδὲν
1508 1658 1572 1684 ἄνευ
1602 1659 1710 1686 τούτου,
1737 1660 1795 1686 Καὶ

1008 1701 1075 1736 μέλη
1093 1701 1146 1737 γὰρ
1171 1701 1220 1728 τοῦ
1247 1703 1384 1737 σώματος,
1405 1703 1454 1730 καὶ
1480 1704 1551 1735 ὅσοις
1576 1704 1676 1739 χρῆται
1701 1706 1793 1738 ταυτὶ,

1006 1748 1097 1780 ἀγαθὰ
1124 1749 1155 1774 τὸ
1179 1748 1242 1775 καθ’
1259 1748 1340 1780 αὐτὰ,
1359 1749 1407 1776 καὶ
1424 1750 1469 1775 ἐπ’
1492 1749 1587 1784 ἀγαθῷ
1607 1751 1714 1783 γέγονε.
1738 1751 1796 1777 Καὶ

1008 1793 1101 1828 μέντοι
1114 1801 1145 1826 γε
1165 1794 1213 1819 καὶ
1228 1793 1310 1825 σώζει
1323 1793 1373 1828 τὴν
1388 1793 1466 1826 τάξιν
1479 1795 1511 1828 τῇ
1534 1795 1702 1829 συμμετρίᾳ.
1717 1796 1794 1831 Μόνῃ

1006 1840 1061 1875 γὰρ
1076 1839 1219 1875 πλεονεξίᾳ
1232 1840 1248 1875 ἢ
1271 1840 1360 1875 ἐνδείᾳ
1373 1840 1421 1866 τοῦ
1436 1841 1605 1875 καθήκοντος
1626 1842 1660 1868 τά
1673 1851 1702 1868 τε
1718 1842 1796 1875 ἐνερ-

1007 1884 1108 1917 γοῦντα
1123 1884 1202 1919 μέλη,
1225 1885 1274 1911 καὶ
1288 1884 1322 1910 τὰ
1337 1885 1373 1910 δι’
1387 1885 1478 1912 αὐτῶν
1494 1885 1691 1920 ἐνεργούμενα,
1714 1886 1794 1920 νομί-

1008 1930 1086 1962 ζεται
1112 1931 1186 1958 κακὰ
1200 1928 1281 1963 εἴναι,
1301 1931 1414 1965 μηδαμῆ
1441 1931 1575 1966 μηδαμῶς
1591 1932 1667 1959 ὄντα.
1686 1931 1722 1957 To
1737 1932 1794 1966 γὰρ

1008 1976 1169 2008 πλεονάζον,
1186 1976 1235 2003 καὶ
1258 1977 1288 2002 τὸ
1303 1976 1438 2009 ἐλλεῖπον,
1450 1976 1527 2003 τοῦτ’
1549 1977 1608 2003 ἐστι
1628 1978 1658 2003 τὸ
1676 1977 1794 2011 βλάπτον

1009 2021 1182 2056 ἁπανταχοῦ,
1196 2022 1233 2053 ὡς
1247 2020 1316 2056 ἔφθη
1333 2030 1365 2055 γε
1378 2021 1457 2048 τοῦτο
1471 2021 1566 2056 ῥηθέν.
1588 2021 1680 2049 Ταῦτα
1694 2023 1716 2048 δ’
1736 2023 1796 2049 ἐστι

1011 2068 1060 2103 μὲν
1076 2069 1119 2095 διὰ
1133 2068 1188 2094 τῶν
1205 2067 1329 2102 ὀργάνων
1343 2067 1448 2094 τούτων
1464 2067 1547 2093 ἐνίοτε
1564 2068 1725 2103 γιγνόμενα,
1737 2068 1797 2095 ἔστι

1008 2114 1037 2140 δὲ
1052 2114 1096 2140 διέι
1112 2113 1161 2148 τὴν
1178 2113 1256 2149 ὓλην,
1271 2113 1288 2148 ἢ
1305 2112 1420 2147 παρέχει
1438 2114 1494 2144 τοῖς
1510 2113 1648 2148 ὀργάνοις,
1670 2114 1796 2140 τουτέστι

1009 2161 1066 2190 τοῖς
1083 2159 1205 2194 μέλεσιν,
1224 2160 1347 2193 ἐνεργεῖν
1361 2167 1367 2174 ·
1383 2158 1440 2185 ἔστι
1454 2159 1482 2185 δὲ
1505 2159 1549 2185 διὰ
1566 2159 1615 2194 τὴν
1632 2160 1661 2185 ἐν
1677 2161 1708 2195 τῇ
1721 2160 1796 2195 ψυχῇ

1012 2207 1134 2242 γνώμην.
1155 2207 1192 2233 Οὐ
1216 2207 1269 2240 μὴν
1285 2207 1400 2236 ἐκείνοις
1423 2205 1559 2241 μέμψαιτ’
1576 2207 1608 2233 ἄν
1631 2216 1682 2237 τις,
1709 2205 1797 2241 οἶμαι,

1011 2253 1123 2284 δικαίως
1138 2253 1180 2279 ἐπ’
1195 2253 1282 2279 οὐδενὶ
1295 2252 1350 2278 τῶν
1364 2252 1504 2279 ἁπάντων,
1518 2252 1586 2279 Οὔτε
1599 2253 1652 2287 γὰρ
1666 2253 1716 2287 τὴν
1731 2253 1798 2287 ὓλην

1011 2299 1113 2334 ἄψυχον
1140 2297 1231 2330 οὖσαν,
1251 2298 1313 2324 οὕτε
1338 2298 1373 2324 τὰ
1398 2298 1477 2332 μέλη,
1499 2299 1566 2324 ἀλλὰ
1595 2298 1644 2333 τὴν
1668 2299 1799 2324 κινοῦσαν

1011 2345 1098 2372 ταῦτα
1113 2346 1203 2381 ψυχήν
1216 2353 1222 2360 '
1241 2346 1257 2380 ἢ
1271 2345 1389 2371 κινεῖται
1408 2345 1566 2380 προαιρέσει
1586 2345 1633 2370 ἐπὶ
1650 2345 1684 2371 τὰ
1701 2344 1800 2378 βελτίω

1016 2392 1077 2427 μὲν.
1101 2392 1172 2426 λόγῳ
1188 2391 1395 2426 κυϐερνωμένη,
1413 2391 1458 2417 ἐπὶ
1480 2391 1512 2417 τὰ
1531 2390 1616 2425 χείρω
1630 2391 1668 2423 δὲ,
1685 2390 1755 2424 πρὸς
1769 2390 1801 2416 τδ

1014 2438 1184 2472 ἀλογώτερον
1205 2437 1255 2472 τὴν
1272 2437 1360 2472 ὁρμὴν
1383 2437 1493 2471 ἔχουσα.
1508 2437 1590 2462 Ὥστε
1615 2437 1690 2463 δυοῖν
1717 2436 1801 2462 θάτε-

1016 2493 1062 2520 ρον
1079 2484 1115 2518 ’ἢ
1142 2483 1210 2518 μηδὲ
1225 2483 1275 2517 τὴν
1300 2482 1396 2517 ἡδονὴν
1424 2482 1582 2516 διαῦλητέον
1599 2481 1632 2508 ἂν
1651 2481 1706 2514 εἴη,
1733 2480 1800 2516 παρ’

1014 2530 1092 2565 ἡμῶν
1116 2528 1315 2563 ἀτιμασθέντος
1331 2528 1377 2553 τοῦ
1393 2528 1505 2561 μέτρου,
1523 2527 1560 2559 ὡς
1581 2527 1739 2561 περαιτέρω
1752 2525 1800 2552 τοῦ

1014 2575 1180 2610 γιγνομένου
1203 2572 1459 2609 προϐεϐηκότων,ἣ
1483 2573 1529 2598 καὶ
1554 2573 1644 2598 πᾶσαν
1668 2571 1732 2606 ἑξῆς
1752 2571 1802 2606 τὴν

1015 2622 1107 2647 κτίσιν
1123 2621 1169 2647 τὸν
1188 2620 1245 2646 ἴσον
1263 2619 1375 2654 τρόπον.
1390 2619 1499 2645 Μᾶλλον
1516 2618 1544 2643 δὲ
1557 2617 1659 2652 ταύτην
1674 2617 1802 2650 ἀφέντες,

1016 2668 1061 2694 τὸν
1078 2667 1195 2701 ποιητὴν
1220 2666 1408 2700 διασύρωμεν.
1433 2665 1463 2691 ’0
1478 2665 1531 2697 γὰρ
1551 2664 1606 2690 τῶν
1631 2664 1804 2698 βλαπτόντων

1017 2711 1185 2746 δημιουργὸς
1201 2706 1432 2743 αἴτιοεᾶντικρυς
1444 2708 1498 2734 τῶν
1512 2708 1617 2739 κακῶν,
1633 2709 1705 2742 ἅπερ
1720 2708 1805 2741 ἀναγ-

1019 2758 1104 2788 καίως
1125 2757 1157 2783 ἂν
1174 2757 1241 2790 παρ’
1267 2755 1380 2782 ἐκείνων
1396 2755 1528 2788 γένοιντο.
1553 2753 1649 2779 Καίτοι
1672 2754 1697 2780 εί
1713 2753 1758 2780 διὰ
1770 2753 1806 2780 τὰ.

1021 2805 1174 2840 βλάπτοντα
1202 2803 1282 2829 αὑτδν
1304 2801 1499 2835 αἰτιασόμεθα,
1519 2799 1623 2826 δίκαιόν
1646 2799 1705 2825 ἐστι
1732 2808 1807 2833 παμ-

1024 2850 1122 2885 πληθὲς
1140 2850 1186 2876 καὶ
1203 2849 1236 2875 δι’
1259 2849 1329 2875 αὐτὰ
1346 2847 1379 2874 τὰ
1397 2846 1574 2882 βλαπτόμενα
1590 2844 1694 2871 ἐκεῖνον
1717 2844 1751 2872 αὖ
1765 2846 1808 2872 ai-
