1937 3078
106 126 166 159 4'71

836 130 976 161 ORATIO
997 130 1029 162 V.
1694 131 1747 162 478

110 184 241 218 nauem,
266 187 381 212 τοιαῦτα
400 187 466 222 παρ’
490 187 573 215 αὑτοῦ
598 188 740 222 γεγονότα,
761 189 800 221 ὠς
825 189 861 224 μὴ
878 190 904 215 τὶ

962 197 1020 217 rum
1037 189 1163 218 conditor
1178 193 1232 223 est,
1249 189 1320 217 haud
1335 188 1417 218 dubie
1432 188 1565 216 malorum
1582 193 1621 216 est
1638 193 1744 221 auctor,

110 229 238 265 βλάπτον
253 239 283 256 τε
302 231 349 257 καὶ
361 231 446 258 κακὸν
460 230 505 259 οἷά
518 241 547 259 τε
563 231 633 260 εἶναι
647 234 863 269 ὲκκρούσασθαι.
876 235 908 261 Εί

109 275 144 302 δὲ
159 277 240 303 τοῦτο
256 277 359 304 ἄτοπόν
373 286 413 305 σοι
430 279 515 311 δοκεῖ,
530 280 576 306 καὶ
591 281 641 307 οὐκ
656 280 689 307 ἂν
711 281 801 312 δέξαιο
817 281 908 315 λέγειν

111 321 200 356 (καλὰ
212 322 267 357 γὰρ
289 323 397 350 ἅπαντα
414 325 511 358 φήσεις
527 325 561 351 τὰ
584 326 615 352 ὲκ
630 326 721 361 Θεοῦ),
744 326 844 353 ἄτοπον
861 325 908 353 καὶ

109 367 146 393 τὺ
163 368 214 401 τὴν
231 369 329 403 ἡδονὴν
351 369 506 404 διασύρειν,
521 371 592 406 ὑπὲρ
608 372 711 405 ἀγαθοῦ
736 372 826 407 σοφῶς
840 373 906 408 ἡμῖν

110 413 367 450 δεδομένην.1ούδὲν
381 416 435 451 γὰρ
451 417 553 450 ταύτης
566 417 690 451 ἀπούσης
702 416 776 454 εἶχεν
792 419 824 446 ἂν
842 428 906 446 συν-

113 460 246 487 ίστασθαι
266 461 321 488 τῶν
338 463 367 488 ὲν
382 462 509 497 αἰσθήσει
527 472 557 490 τε
588 464 636 491 καὶ
661 464 729 500 ζωῇ.
744 465 837 492 Πάντα
852 465 906 500 γὰρ

112 507 247 537 ἐπίπονα,
261 506 296 533 τὰ
310 508 341 542 τῇ
359 507 414 541 ζωῇ
432 507 585 542 βοηθοῦντα
597 516 604 524 ·
620 510 672 536 κᾶν
686 510 789 546 ἀφέλῃς
801 511 831 537 τὸ
843 511 905 546 ἡδὺ,

111 552 194 578 οὐδὲν
212 553 324 580 ὲκείνων
348 553 483 588 ἐφάψεται
500 555 668 587 οὑτινοσοῦν,
683 557 772 583 πόνον
786 556 904 591 ἔχοντος.

112 598 266 634 Συνίστησι
277 599 304 626 δέ
321 608 371 633 μου
385 600 431 626 τὸν
444 600 524 634 λόγον
537 602 571 628 τὰ
586 601 647 628 καθ’
658 603 733 637 ἡμᾶς
744 602 906 637 πράγματα,

118 645 221 679 Ἡμεῖς
233 645 287 679 γὰρ
299 645 356 672 οὔτ’
370 646 509 681 ἐσθίομεν,
526 647 589 674 οὔτε
607 648 732 683 πίνομεν,
747 649 798 682 τῆς
809 649 907 684 ἡδονῆς

115 691 156 725 μὴ
174 691 417 727 προτρεπομένης.
432 692 488 719 Καὶ
498 693 528 719 τὸ
544 693 686 728 θαυμάσαι
698 694 815 726 δίκαιον,
832 696 907 721 ἐπει-

113 736 166 764 δὰν
187 737 353 773 ὕπερκορεῖς
366 738 421 766 τῶν
437 739 547 774 τροφῶν
566 740 723 775 γενώμεθα,
742 741 834 768 καὶτὰ
850 742 907 776 ἥδι-

115 791 168 809 στα
184 783 273 811 πάντα
294 785 537 820 ἀποστρεφόμεθα,
554 786 602 813 καὶ
619 787 720 821 μᾶλλον
732 787 764 814 ἂν
778 787 906 822 ἑλοίμεθα

114 830 227 864 πληγὰς
238 831 277 865 τῷ
295 831 402 865 σώματι
417 831 547 863 δέξασθαι
566 832 581 868 ἢ
603 833 641 868 τῷ
657 834 772 868 στόματι
789 834 902 869 τροφήν.

113 876 147 902 El
166 876 195 903 δὲ
214 876 307 903 καὶτὸ
323 877 389 912 παρ’
408 878 474 912 ἡμῖν
497 878 643 913 ὀρεκτικόν
664 888 693 906 τε
709 880 757 906 καὶ
779 868 906 906 ἑλκτικὶν
923 868 943 896 Β

113 922 164 949 τοῦ
181 923 335 957 πεφυκότος
350 924 625 960 παρεκτραπὴσεται,
640 925 846 960 παραινούντων
859 925 909 958 μὲν

115 969 231 1004 ίατρῶν,
247 969 481 1003 παρακαλούντων
493 970 521 996 δὲ
541 970 638 1005 φίλων.
653 971 743 998 πάντα
757 971 908 997 ποιούντων

112 1016 170 1043 τῶν
191 1016 343 1049 συγγενῶν,
372 1016 488 1051 ούδεμία
513 1016 622 1051 μηχανὴ
643 1016 746 1049 γένοιτ’
762 1015 795 1043 ἂν
816 1016 907 1050 ἱκανὴ,

111 1061 177 1088 οὐδὲ
193 1061 286 1094 φόϐος,
302 1061 340 1092 ὡς
357 1062 507 1088 ἀναπεῖσαι
530 1061 680 1096 δυνηθῆναι
705 1062 766 1092 ταῖς
783 1061 839 1087 τῶν
856 1069 908 1096 κη-

111 1106 238 1140 δομένων
264 1107 463 1141 παραινέσεσιν
486 1104 567 1139 εἶξαι.
590 1106 660 1132 Ἀλλ’
681 1107 783 1138 ειδότες
802 1106 840 1137 ὼς
858 1115 904 1132 τε·

111 1151 280 1186 Θνηξόμεθα,
305 1152 329 1178 ει
349 1151 388 1186 μὴ
403 1151 534 1186 λάϐοιμεν
551 1151 667 1187 τροφὴν,
685 1152 766 1185 ἡμεῖς
791 1151 819 1178 δὲ
838 1150 904 1186 θνή-

112 1205 218 1230 σκομεν
234 1197 272 1231 μὴ
284 1197 426 1228 λαϐόντες.

959 243 1020 271 qua:
1037 236 1190 263 necessario
1206 236 1310 263 scilicet
1326 235 1361 262 ab
1379 235 1431 262 illis
1452 235 1528 261 ﬁunt.
1546 234 1626 268 Atqui
1644 235 1665 261 si
1683 242 1746 261 eum

959 285 1072 317 propter
1089 282 1167 309 noxia
1186 281 1372 316 culpabimus,
1392 280 1549 315 plenissime
1564 280 1726 314 justumest
1737 299 1745 312 ,

959 329 1082 355 eumdem
1097 332 1124 355 et
1138 328 1261 355 lmsorum
1276 328 1385 355 nomine
1397 327 1512 362 culpari,
1540 327 1586 361 qni
1603 327 1665 353 talia
1680 334 1747 353 con-

959 374 1070 406 diderit,
1088 379 1118 401 ut
1139 374 1269 409 quidquid
1293 376 1403 401 noxium
1426 378 1508 408 atque
1526 373 1625 400 malum
1643 377 1684 399 est
1701 380 1747 400 re-

959 420 1060 454 pellere
1078 425 1223 455 nequeant.
1242 420 1289 447 Sin
1308 420 1378 446 istud
1396 419 1543 446 absurdum
1562 418 1609 445 tibi
1629 419 1746 451 videtur,

959 467 1003 501 qni
1026 467 1079 494 tale
1100 467 1164 501 quid
1187 466 1309 502 proferre
1331 474 1384 494 non
1405 466 1541 493 sustineas
1563 467 1636 499 (nam
1656 465 1747 492 omnia

959 512 1028 540 facta
1050 513 1181 540 divinitus
1198 514 1268 540 bona
1287 520 1346 540 esse
1378 511 1531 546 fateberis),
1550 512 1630 539 etiam
1651 513 1749 539 absur-

958 558 1020 585 dum
1046 564 1088 586 est
1109 559 1274 594 voluptatem
1300 558 1456 590 criminari,
1479 560 1572 592 plane,
1582 558 1643 584 boni
1667 565 1748 585 causa

959 605 1037 632 nobis
1053 612 1222 632 concessam.
1239 604 1344 631 Etenim
1362 606 1466 639 absque
1482 605 1547 636 hac,
1564 603 1630 630 nihil
1646 611 1746 636 sensu,

957 651 1024 678 nihil
1038 652 1092 678 vita
1107 651 1248 685 prteditum
1264 656 1388 678 constare
1403 655 1504 685 posset.
1520 649 1590 677 Sunt
1603 649 1675 676 enim
1691 657 1749 676 om-

958 697 1001 723 nia
1035 696 1169 724 laboriosa
1187 704 1247 731 qua:
1267 696 1329 723 vitas
1348 695 1525 730 opitulantur,
1545 702 1577 722 ac
1595 696 1618 721 si
1638 694 1747 728 quidem

957 742 1122 776 voluptatem
1140 742 1297 772 abstuleris.
1315 741 1480 769 laboriosum
1496 741 1607 768 omnino
1624 740 1690 767 nihil
1707 745 1749 767 at-

959 787 1073 821 tingeut.
1088 787 1175 821 Atque
1188 787 1257 814 hanc
1270 787 1420 813 orationem
1436 794 1521 813 meam
1538 793 1580 812 res
1595 786 1662 820 ipsa
1677 793 1750 812 mor-

959 833 1051 861 talium
1066 833 1240 860 conﬁrmant.
1256 832 1310 859 Nos
1322 833 1393 860 enim
1408 839 1496 867 neque
1510 832 1689 864 comedimus,
1704 839 1752 859 nev

959 887 1011 913 quo
1026 879 1155 912 bibimus,
1170 879 1220 906 nisi
1236 879 1362 914 voluptas
1377 879 1481 906 incitet.
1498 877 1530 904 Et
1543 877 1614 912 quod
1630 878 1752 905 admira-

959 924 1060 952 tionem
1076 928 1207 956 meretur,
1225 932 1285 951 cum
1301 925 1424 952 ciborum
1440 932 1490 951 nos
1504 924 1606 958 ceperit
1622 926 1750 956 satietas,

959 971 1040 998 etiam
1052 970 1249 1004 jnmtndissima
1263 971 1392 1004 quaslibet
1404 977 1577 1002 aversantur,
1591 977 1623 996 ac
1635 970 1751 997 verbera

959 1024 1074 1052 c0rpore
1088 1017 1228 1044 mallemus
1242 1016 1369 1050 excipere
1381 1024 1461 1050 quam
1475 1024 1522 1043 ore
1537 1015 1750 1043 nutrimentum.
1766 1052 1768 1055 ι

958 1062 1034 1096 Quod
1051 1063 1073 1090 si
1091 1063 1172 1089 etiam
1189 1062 1229 1090 vis
1246 1062 1272 1089 in
1291 1062 1369 1090 nobis
1386 1067 1517 1096 appetens
1532 1066 1560 1089 et
1576 1062 1718 1089 attrahcns
1735 1069 1751 1088 a

958 1109 1052 1136 nativo
1073 1113 1144 1136 statu
1167 1108 1317 1140 deﬂexerit,
1342 1108 1516 1135 monentibus
1539 1107 1662 1141 medicis,
1688 1107 1753 1134 hor-

958 1156 1077 1182 tantibus
1093 1155 1205 1187 amicis,
1223 1155 1343 1189 cognatis
1359 1155 1446 1182 omnia
1464 1155 1643 1187 facientibus,
1660 1159 1751 1181 tamen

957 1208 1006 1227 nec
1020 1209 1064 1228 ars
1079 1200 1216 1227 sulfccerit
1230 1201 1282 1226 ulla
1292 1221 1299 1231 ,
1317 1207 1365 1226 nec
1381 1204 1471 1226 metus
1481 1219 1489 1232 ,
1505 1204 1535 1226 ut
1548 1207 1620 1235 aegro
1636 1206 1752 1234 persua-

112 1245 170 1273 deri
193 1245 297 1280 possit,
316 1245 514 1272 monitionibus
535 1245 663 1277 illorum,
681 1246 726 1280 qui
746 1252 840 1272 curam
859 1246 917 1281 ejus
932 1252 1024 1281 gerant
1038 1267 1045 1279 ,
1063 1247 1213 1273 cedendum
1236 1253 1307 1273 esse.
1327 1246 1384 1273 lmo
1405 1246 1511 1273 tametsi
1535 1246 1614 1273 nobis
1634 1245 1752 1273 morien-

113 1294 178 1320 dum
197 1296 322 1322 norimus
339 1294 391 1321 nisi
410 1294 501 1320 cibum
521 1294 737 1328 sumpserimus,
758 1299 848 1321 tamen
868 1302 901 1322 eo
916 1295 1059 1330 repudiato
1075 1294 1165 1329 potius
1181 1300 1295 1322 mortem
1310 1293 1472 1329 oppetinms.
1521 1291 1526 1295 ’

149 1338 235 1367 Ὅταν
251 1340 341 1366 τοίνυν
364 1338 451 1370 οὕτως
472 1339 521 1375 ἔχῃ
541 1339 575 1365 τὰ
589 1340 644 1366 τῶν
668 1340 787 1374 λογικῶν
810 1340 903 1374 πράγ-

114 1395 200 1422 ματα,
215 1387 228 1412 ὁ
242 1385 330 1422 ἰχθὺς,
346 1387 393 1412 καὶ
412 1387 443 1412 τὸ
456 1387 567 1421 πτηνὸν,
591 1386 638 1414 καὶ
652 1387 665 1413 ὁ
689 1387 773 1417 ἵππος
797 1386 854 1418 πῶς
871 1387 903 1414 ἄν

111 1440 140 1458 τι
153 1431 267 1467 δέδρακε
286 1432 423 1468 μοχθηρὸν
442 1431 458 1467 ἡ
474 1432 604 1467 ἐργῶδες,
624 1432 661 1467 μὴ
680 1432 729 1468 τῆς
750 1433 847 1467 ἡδονῆς
863 1433 903 1464 εἰς

113 1477 194 1504 τοῦτο
219 1471 432 1513 παρακαλούσης
445 1478 572 1511 φἘσθίει
591 1478 645 1514 γὰρ
664 1478 695 1504 τὸ
721 1478 820 1512 ἄλογον
840 1479 902 1514 οὐχὶ

113 1523 161 1551 τοῦ
188 1523 239 1559 ζῇν
264 1524 347 1551 ἕνεκα
373 1524 487 1560 (πόθενς
507 1525 606 1551 πολλοῦ
634 1533 665 1559 γε
685 1525 731 1551 καὶ
757 1525 819 1559 δεῖ),
841 1525 902 1551 ἀλλ’

113 1567 395 1607 ὃτιπερ’τρεφὸμενον
410 1572 515 1606 ἥδεται,
535 1572 584 1607 ἡδὺ
613 1571 754 1604 ποιοῦντος
772 1571 820 1598 τοῦ
843 1573 902 1598 λαι-

115 1617 168 1652 μοῦ
184 1606 285 1653 φυσικῇ
302 1626 356 1644 τινι
369 1617 490 1644 διαθέσει
506 1617 536 1643 τὸ
546 1606 549 1607 ν
559 1617 593 1644 δι’
606 1617 689 1644 αὐτοῦ
707 1618 776 1651 πρὸς
790 1618 840 1653 τὴν
854 1626 905 1652 γα-
915 1606 939 1638 C

114 1665 198 1700 στέρα
213 1664 476 1700 καταπεμπόμενον.
496 1665 709 1698 Ἐπισυμϐαίνει
724 1665 752 1691 δὲ
767 1664 858 1691 αὐτῶν
875 1665 905 1691 τὺ

113 1711 163 1747 ζῇν
177 1712 231 1738 ἀπὸ
255 1711 306 1746 τῆς
330 1712 446 1746 τροφῆς.
467 1711 520 1739 Καὶ
532 1712 577 1737 τὸν
592 1712 649 1738 ἴσον
671 1712 752 1738 πάλιν
774 1713 904 1747 μίγνυται

113 1759 223 1793 τρόπον.
247 1759 283 1785 Ού
299 1759 354 1794 γὰρ
376 1758 419 1784 ἵνα
447 1758 485 1793 μὴ
502 1760 533 1784 τὸ
550 1759 628 1792 γένος
645 1758 769 1794 ἐκλείψῃ,
793 1759 851 1785 ἀλλ’
867 1759 905 1790 ὡς

114 1806 284 1842 κηλούμενον
301 1806 353 1833 ὑπὸ
370 1807 421 1841 τῆς
436 1806 546 1841 ἡδονῆς,
563 1806 674 1834 ἐπειδὰν
691 1807 831 1842 ἡγήσηται
855 1807 904 1841 μὲν

113 1853 212 1886 ἔνδεια,
225 1854 255 1880 οὐ
271 1853 362 1888 φθάσῃ
379 1854 406 1879 δὲ
421 1854 578 1889 πλησμονή.
597 1854 676 1880 Ὥστε
691 1854 798 1887 ἔξεστιν
814 1855 904 1880 εἰπεῖν

113 1897 247 1935 εἶναιτὴν
263 1900 312 1935 τῆς
336 1899 434 1935 ἡδονῆς
450 1900 581 1926 σύστασιν
600 1902 629 1926 ὲν
642 1901 682 1935 τῷ
705 1901 782 1935 μέσῳ
800 1900 904 1932 ἐνδείας

115 1947 162 1973 καὶ
176 1945 339 1981 πλησμονῆς
354 1947 443 1981 χρόνῳ
465 1947 511 1973 ἐπὶ
525 1947 626 1978 παντὸς
651 1946 752 1982 ἐφεξῆς
770 1947 903 1981 πράγμασ-

113 2000 169 2023 τος.
186 1992 242 2018 Καὶ
261 1992 315 2026 μὴν
332 1992 362 2018 οὗ
384 1993 464 2026 μόνον
479 1992 523 2019 διὰ
539 1992 589 2026 τὴν
604 1993 674 2027 ἐμὴν
689 1992 786 2027 ἡδονὴν
798 1990 829 2019 εὖ
847 1992 904 2027 ἔχει

115 2036 145 2063 τδ
161 2036 240 2070 γένος
255 2037 334 2071 ἡμῖν,
348 2036 417 2063 ἀλλὰ
435 2037 483 2063 καὶ
496 2037 540 2063 διὰ
555 2036 604 2071 τὴν
621 2037 832 2072 ἐνυπάρχουσαν
848 2038 904 2069 τοῖς

113 2083 231 2117 ἀλόγοις.
254 2083 332 2109 Ἐπεὶ
355 2083 409 2118 γὰρ
423 2082 511 2109 ταῦτα
535 2082 568 2109 δι’
588 2083 662 2117 ἡμᾶς
681 2084 788 2117 γέγονε,
814 2083 859 2110 διὰ
876 2084 904 2111 δὲ

113 2130 163 2164 τὴν
177 2129 275 2164 ἡδονὴν
297 2129 367 2155 αὐτὰ
390 2128 568 2161 διασώζεται,
593 2129 718 2163 φαίνεται
737 2129 831 2163 σαφῶς
857 2131 904 2157 καὶ

115 2174 198 2210 ἡτῶν
215 2174 324 2208 ἀλόγων
344 2175 384 2205 εἰς
402 2173 506 2207 ἀγαθὸν
524 2173 698 2207 ἐκϐεϐηκυῖα
720 2174 758 2209 τῷ
773 2175 904 2210 ἡμετέρῳ

993 1340 1061 1368 Cum
1077 1340 1159 1375 igitur
1172 1340 1275 1367 ratione
1290 1340 1464 1374 pneditorum
1480 1345 1524 1366 res
1539 1339 1574 1365 ita
1589 1343 1753 1373 comparata:

957 1386 1022 1418 sint,
1035 1393 1152 1420 quonam
1164 1389 1242 1420 pacto
1256 1385 1351 1420 piscis,
1364 1389 1391 1412 et
1404 1384 1471 1416 avis.
1487 1389 1513 1411 et
1525 1391 1624 1419 equus,
1635 1384 1753 1411 laborio-

957 1440 1016 1460 sum
1034 1433 1075 1459 vel
1089 1439 1234 1467 operosum
1252 1432 1352 1467 aliquid
1369 1432 1482 1463 fecctit,
1503 1438 1555 1458 non
1573 1430 1704 1459 incitante
1719 1431 1753 1458 ad

957 1479 1008 1506 hoc
1024 1479 1176 1511 voluptate?
1189 1479 1314 1506 Comedit
1333 1480 1417 1510 enim,
1433 1478 1504 1513 quod
1524 1478 1638 1506 rationis
1653 1485 1752 1513 expers

956 1530 1014 1556 est,
1031 1533 1083 1553 non
1101 1530 1130 1552 ut
1145 1526 1218 1553 vivat
1232 1525 1386 1558 (undeuam
1403 1526 1497 1552 istuc?
1514 1525 1627 1552 minime
1643 1525 1752 1559 quidem

955 1569 1064 1604 certe),
1082 1569 1129 1597 sed
1150 1570 1212 1603 quia
1234 1571 1266 1597 de
1286 1570 1452 1596 nutrimento
1471 1569 1642 1603 voluptatem
1664 1570 1754 1604 perci-

955 1614 1006 1649 pit,
1015 1614 1079 1641 dnm
1089 1615 1150 1648 gula
1160 1615 1275 1641 naturali
1287 1615 1403 1650 quadam
1414 1615 1559 1642 aﬁectione
1569 1622 1652 1642 suave
1664 1617 1752 1643 reddit

955 1661 982 1688 id
998 1662 1068 1695 quod
1084 1668 1132 1696 per
1146 1668 1205 1687 eam
1223 1661 1249 1687 in
1268 1660 1357 1687 alvum
1374 1661 1537 1688 demittitur.
1554 1660 1641 1688 Simul
1657 1669 1689 1688 ex
1706 1669 1753 1689 σοι

956 1708 1015 1735 dem
1029 1707 1079 1734 hoc
1091 1707 1258 1734 nutrimento
1271 1707 1295 1733 id
1307 1714 1415 1742 quoque
1427 1707 1616 1742 consequitur,
1629 1708 1750 1735 utvivat.

956 1754 1094 1782 Consitnili
1113 1755 1192 1781 modo
1207 1759 1234 1781 et
1251 1754 1355 1781 Venere
1373 1753 1470 1780 utitur.
1488 1753 1546 1780 Non
1563 1753 1636 1780 enim
1654 1754 1705 1781 hoc
1720 1762 1753 1781 eo

956 1800 1019 1828 facit
1035 1808 1067 1827 nc
1080 1808 1165 1835 genus
1179 1801 1265 1835 ipsum
1281 1799 1399 1833 deliciat,
1413 1799 1460 1827 sed
1476 1800 1539 1834 quia
1553 1800 1691 1834 voluptate
1704 1801 1752 1828 de-

956 1847 1099 1878 mulcctur,
1124 1846 1231 1881 quoties
1255 1846 1345 1880 inopia
1370 1846 1480 1881 quidem
1508 1847 1692 1881 praecessetit,
1718 1847 1751 1874 ad
1780 1862 1791 1869 κ

956 1896 1109 1920 satietatem
1129 1900 1193 1919 vero
1215 1892 1329 1919 necdum
1352 1896 1513 1926 perventum
1538 1891 1631 1919 fuerit.
1650 1892 1752 1926 Quam-

956 1940 1049 1967 obretn
1065 1940 1155 1966 dicere
1170 1939 1248 1972 licet,
1264 1939 1290 1965 in
1307 1938 1434 1965 omnibus
1447 1939 1559 1965 omnino
1575 1939 1671 1972 rebus,
1687 1947 1752 1966 eon-

956 1986 1053 2013 sistere
1063 1985 1226 2019 voluptatem
1241 1985 1266 2011 in
1280 1992 1312 2012 eo
1327 1989 1448 2019 tempore
1460 1985 1531 2019 quod
1545 1985 1618 2011 inter
1630 1985 1751 2020 inopiam

957 2036 983 2058 et
1000 2030 1152 2058 satietatem
1167 2030 1242 2057 velut
1257 2031 1451 2059 intermedium
1467 2034 1518 2057 est.
1536 2030 1629 2065 Neque
1645 2035 1750 2057 tantum

956 2077 1101 2111 voluptatis
1122 2081 1224 2104 nostra:
1245 2083 1327 2104 causa
1355 2080 1428 2103 recte
1450 2076 1578 2104 all'ectum
1600 2081 1642 2103 est
1666 2083 1752 2110 genus

956 2123 1123 2155 humanum,
1135 2129 1230 2149 verum
1247 2123 1329 2150 etiam
1346 2122 1419 2149 illius
1434 2129 1516 2149 causa
1531 2121 1677 2156 voluptatis
1691 2129 1752 2156 qua:

955 2170 1044 2197 brutis
1065 2169 1250 2196 animantibus
1271 2169 1350 2196 inest.
1371 2169 1505 2202 Quoniam
1527 2169 1597 2196 enim
1619 2168 1663 2195 illa
1686 2175 1751 2203 pro-

115 2220 174 2255 βίῳ.
192 2219 233 2245 Τὰ
247 2219 302 2254 γὰρ
318 2219 419 2250 ἔξωθεν
433 2219 500 2254 ἡμῖν
514 2218 701 2254 συνεργοῦντα
717 2220 824 2246 ἐκεῖθεν
841 2220 901 2255 βέλ-

957 2221 1016 2250 pter
1032 2223 1082 2242 nos
1099 2214 1167 2241 facta
1185 2219 1264 2246 sunt,
1280 2218 1308 2241 et
1327 2218 1437 2248 propter
1451 2213 1619 2248 voluptatem
1636 2221 1751 2240 conser-

114 2273 190 2291 τιστα
220 2265 288 2300 ἔχει.
314 2265 362 2297 Τίς
386 2265 419 2291 ἂν
448 2265 522 2291 εἴποι
541 2266 590 2297 τὰς
610 2266 676 2300 παρ’
702 2265 814 2293 ἐκείνων
837 2267 904 2301 ἡμῖν

114 2311 232 2346 τροφάς,
254 2311 303 2342 τὰς
323 2311 488 2345 περιὸολὰς;
503 2312 578 2338 τᾶλλ’
594 2311 634 2338 ὅσ⁸
649 2312 761 2346 ἀμέσως
786 2307 904 2344 ἐίείνοις

115 2358 256 2393 χρώμεθα,
274 2357 448 2393 στελλόμενοῖ
464 2366 493 2384 τε
514 2358 625 2393 μικρὰς
643 2358 731 2390 ὁδοὺς,
748 2359 796 2384 καὶ
816 2359 904 2393 ἐμπο-

117 2404 268 2438 ρευόμενοι,
287 2403 480 2438 πολεμοῦντες,
495 2405 541 2430 καὶ
558 2403 732 2439 θηρεύοντες,
747 2405 795 2432 καὶ
814 2413 904 2439 γεωρ-

115 2450 225 2482 γοῦντες
239 2459 246 2482 ς
273 2450 321 2476 καὶ
338 2449 371 2476 τὰ
387 2450 418 2476 ὲκ
434 2450 485 2485 τῆς
505 2450 641 2484 γεωργίας
662 2450 852 2485 συλλέγοντες,
868 2451 904 2478 τά

115 2505 143 2522 τε
159 2496 239 2529 ἄλλα,
255 2497 302 2522 καὶ
319 2494 356 2523 ὧν
372 2497 456 2532 χωρὶς
471 2497 521 2523 οὐκ
536 2497 594 2523 ἐστι
613 2497 704 2528 καλῶς
726 2498 800 2533 ἡμᾶς
815 2499 903 2532 πράτ-

116 2552 189 2577 τειν;
205 2543 295 2575 οἰκίας
321 2543 402 2577 λέγω,
431 2543 510 2576 νεὼς,
539 2543 666 2578 λιμένας,
687 2544 780 2575 πόλεις
804 2545 901 2576 αὑτάς.

115 2588 197 2614 Ὥστε
212 2587 303 2620 καλῶς
319 2589 386 2622 ἡμῖν
401 2588 510 2623 εἴρηται
525 2590 574 2616 καὶ
596 2590 627 2616 τὸ
645 2590 709 2625 περὶ
731 2590 782 2624 τῆς
805 2590 903 2625 ἡδονῆς

117 2634 164 2668 τῆς
180 2634 209 2660 ἐν
226 2635 284 2666 τοῖς
301 2634 421 2668 ἀλόγοις.
448 2634 558 2670 Ἐπειδὴ
574 2636 629 2668 γὰρ
644 2635 693 2669 τὴν
709 2635 834 2670 αὐτάρκη
857 2637 904 2663 καὶ

116 2680 258 2715 ἀπέριττον
273 2679 347 2714 ζωὴν
362 2680 556 2715 ἀπωλέσαμεν,
575 2681 623 2708 καὶ
636 2681 680 2708 διὰ
701 2681 782 2708 τοῦτο
795 2682 903 2708 πολλῶν

115 2726 242 2760 δεόμεθα,
261 2726 365 2753 τούτων
380 2727 408 2753 δὲ
424 2727 454 2753 τὸ
479 2728 606 2754 πλεῖστον
622 2728 707 2763 μέρος
723 2729 859 2764 ὑπηρετεῖ
873 2738 903 2755 τε

117 2771 163 2798 καὶ
184 2771 292 2799 δίδωσιν
321 2773 389 2808 ἡμῖν
418 2773 484 2808 παρ’
505 2774 611 2800 ὲαυτῶν
633 2774 669 2800 τὰ
695 2774 764 2806 ζῶα,
782 2774 852 2801 αὐτὰ
875 2774 903 2801 δὲ

116 2818 200 2845 ταῦτα
223 2819 254 2853 τῇ
271 2818 351 2853 ἡδονῇ
371 2818 545 2852 διασώζεται,
564 2820 664 2854 κομιδῇ
684 2819 768 2854 σαφὲς
786 2820 902 2854 γῖνεται,

116 2863 150 2896 ὡς
165 2864 211 2892 καὶ
225 2865 258 2900 τῇ
271 2863 375 2891 τούτων
391 2864 472 2900 ἡδονῇ
486 2865 500 2891 ὁ
518 2864 575 2901 βίος
589 2866 657 2901 ἡμῖν
682 2866 842 2894 συνίσταται
856 2867 903 2893 καὶ

955 2268 1068 2296 vantur,
1084 2266 1196 2297 apparet
1215 2260 1371 2293 manifesto,
1390 2260 1530 2286 brutorum
1548 2266 1657 2294 quoque
1673 2258 1750 2285 volu-

955 2314 1056 2345 ptatcm
1068 2310 1129 2336 vita:
1140 2313 1242 2336 nostra:
1253 2308 1326 2335 bono
1337 2315 1408 2334 esse.
1421 2307 1489 2333 Nam
1501 2314 1562 2341 quae
1576 2306 1749 2333 extrinsecus

955 2357 1031 2384 nobis
1045 2364 1122 2391 opem
1136 2355 1227 2382 ferunt
1239 2359 1266 2381 et
1280 2353 1450 2384 conducunt,
1465 2360 1496 2379 ex
1513 2352 1652 2385 voluptate
1665 2359 1748 2386 quant

955 2402 1058 2437 optime
1074 2406 1137 2429 sunt
1153 2400 1260 2428 auecta.
1278 2399 1344 2432 Quis
1359 2399 1499 2433 explicare
1513 2398 1630 2425 dicendo
1647 2397 1745 2438 possit.

955 2455 1015 2484 quae
1028 2448 1062 2476 ab
1076 2447 1128 2475 illis
1141 2447 1279 2478 alimenta,
1293 2453 1360 2480 quos
1375 2445 1490 2472 amictus
1506 2444 1667 2475 habeamus,
1681 2443 1748 2469 alia-

955 2503 1009 2531 que
1030 2495 1057 2522 in
1078 2494 1178 2529 quibus
1196 2493 1236 2520 eis
1254 2491 1411 2519 immediate
1430 2491 1544 2521 utimur,
1563 2490 1627 2517 dum
1650 2490 1747 2516 itinera

955 2543 1035 2577 longa
1055 2541 1185 2572 facimus,
1203 2543 1230 2565 et
1249 2543 1418 2565 mercaturas
1437 2544 1614 2567 exercemus,
1634 2541 1660 2563 ct
1677 2535 1747 2562 bella

955 2588 1074 2624 gerimus
1086 2607 1093 2618 ,
1108 2590 1135 2613 et
1150 2592 1292 2617 venamur,
1309 2588 1336 2610 ct
1352 2591 1433 2618 agros
1450 2583 1564 2609 colimus
1577 2602 1584 2614 ,
1601 2586 1628 2609 et
1642 2581 1748 2609 fructus

955 2633 1128 2670 agricultura:
1142 2631 1305 2666 colligimus,
1320 2638 1381 2658 eum
1397 2630 1514 2662 caeteris,
1533 2629 1636 2663 absque
1651 2628 1749 2663 quibus

954 2681 1024 2708 bene
1043 2679 1121 2707 nobis
1138 2687 1199 2707 esse
1216 2680 1326 2715 nequit,
1345 2680 1440 2707 domos
1457 2680 1533 2711 dico,
1552 2679 1668 2713 templa,
1687 2685 1750 2713 por-

954 2731 1007 2758 tus,
1025 2726 1081 2760 ipsa
1097 2725 1212 2760 oppida?
1228 2726 1411 2758 Quamobrem
1429 2726 1481 2752 hoc
1497 2733 1605 2760 quoque
1620 2725 1654 2753 de
1671 2725 1748 2752 voln-

954 2777 1027 2806 ptate
1036 2779 1095 2806 qum
1104 2771 1190 2799 brutis
1199 2771 1281 2804 inest,
1291 2777 1363 2799 recte
1371 2779 1385 2798 a
1394 2771 1472 2798 nobis
1480 2776 1523 2798 est
1531 2771 1746 2806 pronuntiatum.

955 2819 1021 2846 Nam
1037 2819 1100 2853 quia
1115 2819 1196 2845 vitam
1213 2818 1287 2846 illam
1303 2819 1411 2853 copiose
1427 2818 1478 2846 sibi
1496 2818 1547 2853 ipsi
1564 2817 1747 2846 suﬂicientem

954 2869 980 2893 cl
993 2864 1144 2901 simplicem
1157 2865 1312 2900 amisimus,
1326 2865 1440 2901 ideoque
1453 2864 1578 2901 pluribus
1590 2864 1746 2901 indigemus
