1937 3078
179 127 232 158 479
260 137 266 142 -

773 126 849 156 MAN
856 126 972 159 UELIS
988 125 1208 156 PALJEOLOGI

1507 115 1521 125 ι

1748 124 1804 155 48')

179 191 292 218 quorum
308 184 452 210 maximam
467 188 569 218 partem
582 191 614 211 ex
631 190 689 210 sese
703 184 781 211 nobis
792 185 964 219 suppeditant

1023 186 1180 219 ιοσμεῖται·
1205 180 1239 219 ἧς
1264 181 1454 217 ἀναιρεθείσης
1481 180 1619 214 καθάπαξ,
1649 181 1805 216 ἀναιρεῖται

180 230 319 261 animalia,
335 237 395 264 quae
410 230 467 264 ipsa
481 238 590 265 quoque
607 231 745 264 voluptate
756 236 963 264 conservantur,

181 282 248 302 sane
262 283 343 309 quam
359 277 530 310 perspicuum
546 276 671 308 cﬂicitur,
687 277 767 303 etiam
784 276 904 311 ipsorum
919 284 966 304 vo-

181 321 284 354 luptate
308 321 391 348 vitam
414 325 534 348 nostram
559 321 712 348 conservari
737 325 818 356 atque
841 321 932 348 ornari
956 330 964 348 :

181 374 232 400 qua
249 373 360 400 prorsus
375 366 491 397 abolita,
508 366 574 394 nihil
591 366 701 394 dubium
717 371 774 399 est,
788 366 890 394 aboleri
906 374 966 401 quas

181 412 261 438 bruta
285 416 358 443 sunt,
381 419 488 446 unaque
508 419 568 439 cum
592 413 632 440 eis
653 412 754 440 aboleri
779 420 839 447 qua:
861 412 966 440 ratione

183 458 354 492 praeditorum
370 458 432 485 vitae,
447 463 510 485 sunt
525 458 690 490 necessaria,
707 465 756 486 nec
770 458 843 486 aliud
857 462 967 493 superat

183 503 234 529 nisi
253 508 282 530 ut
298 510 477 530 aerumnosam
494 503 681 537 lubricamque
695 503 777 530 vitam
793 510 916 537 agamus.
933 502 968 530 Et

182 549 247 583 quid
267 556 318 583 ego
337 549 417 576 dico?
433 549 575 577 Brutorum
593 550 703 577 omnino
722 550 783 578 vitae
800 550 855 577 vita
873 554 966 577 nostra

183 596 280 623 similis
290 600 376 628 esset,
391 596 414 623 si
427 602 458 622 ea
472 596 504 622 de
516 596 605 623 medio
618 596 724 623 sublata
740 596 845 629 forent;
860 596 914 623 imo
923 615 932 629 ,
944 596 967 623 si

183 642 275 669 dicere
293 642 383 675 liceat,
403 642 488 669 multo
507 642 632 670 miserius
649 650 731 677 quam
750 642 808 677 ipsa
825 641 885 669 sine
901 641 967 676 ipsis

182 689 353 721 viveremus;
369 696 430 715 nam
444 688 566 722 ipsorum
580 689 650 716 bene
663 689 753 716 vivere
767 688 882 716 nihilest
895 688 968 715 aliud

182 742 264 768 quam
285 735 320 761 ita
338 735 428 762 vivere
445 734 524 762 siculi
544 741 616 761 nune
633 734 734 761 vivunt.
751 733 786 761 At
802 733 855 760 vita
877 738 968 760 nostra

183 780 255 806 male
274 779 368 807 affecta
387 779 458 806 foret
478 779 500 806 si
517 779 625 807 vivendi
644 779 714 807 ratio
733 783 824 806 nostra
845 778 969 805 belluinze

184 826 372 860 responderet,
393 825 507 853 sublatis
527 833 543 853 e
561 826 650 853 medio
670 825 774 852 scilicet
793 825 825 853 iis
843 832 902 860 quae
922 833 969 851 no-

184 877 239 899 stra
267 879 350 899 causa
376 871 448 898 facta
472 875 545 899 sunt.
571 871 627 899 Nec
653 871 678 898 id
706 872 850 898 tacendum
873 880 879 898 :
905 878 966 898 cum

184 917 282 952 duplex
294 918 331 945 sit
346 917 481 952 voluptas,
492 917 526 944 ab
542 923 656 951 utraque
672 917 842 945 commodum
858 917 966 951 aliquod

184 964 326 998 percipere
340 963 411 990 licet.
424 963 492 990 Nam
504 968 532 990 et
546 963 590 990 illa
608 963 733 998 voluptas
751 963 860 998 (loquor
875 968 965 990 autem

183 1009 216 1036 de
229 1009 374 1036 inhonesta
386 1013 413 1036 et
424 1009 591 1044 turpissima,
605 1017 665 1044 quae
678 1017 692 1036 a
706 1009 782 1036 bonis
795 1009 864 1036 male
879 1010 966 1040 audit,

184 1055 262 1088 quasi
279 1059 361 1089 caput
376 1055 512 1089 quoddam
526 1055 676 1090 vitiorum).
692 1055 715 1082 si
731 1055 840 1090 quidem
855 1062 906 1082 nos
919 1062 966 1081 ve-

183 1100 284 1132 limus,-
295 1100 407 1128 delicias
423 1100 501 1128 nobis
516 1104 632 1128 aeternas
644 1106 670 1128 et
684 1101 791 1128 sobrias
808 1108 867 1128 cum
880 1100 966 1135 gloria

182 1146 382 1174 conciliavarit.
402 1147 460 1180 Quo
482 1146 514 1173 fit
533 1151 563 1173 ut
586 1147 612 1174 in
635 1151 779 1181 utramque
798 1152 901 1180 partem
921 1153 982 1172 vo-'

181 1192 271 1225 luptas
290 1192 324 1220 iis
345 1193 389 1226 qui
404 1193 498 1220 volunt
515 1192 699 1220 emolumento
715 1193 761 1220 sit.
778 1193 806 1220 Si
822 1193 892 1221 bona
913 1197 965 1225 est,

182 1238 233 1266 hoc
246 1238 306 1273 ipso
319 1238 445 1274 prodest;
457 1239 498 1267 sin
512 1239 592 1272 mala,
605 1243 631 1266 et
644 1239 806 1271 insidiatrix,
818 1240 890 1274 qund
903 1247 965 1266 cum

183 1284 245 1310 talis
260 1284 306 1317 sit,
323 1284 391 1311 nihil
403 1284 558 1319 perfecerit.
573 1284 641 1312 Nam
659 1285 681 1312 si
697 1285 802 1312 hastam
820 1285 846 1311 in
861 1285 966 1312 nosilla

181 1330 360 1362 contorserit,
377 1338 437 1363 quae
450 1337 499 1358 nos
513 1335 640 1358 accurate
657 1335 784 1365 recteque
798 1331 916 1358 munitos
929 1337 967 1358 at-

182 1376 305 1403 tentione
322 1376 523 1411 tolerantiaque
543 1377 722 1404 conveniente
749 1377 878 1412 reperiat,
896 1385 966 1411 pra:-

183 1426 308 1457 terqnam
323 1423 395 1456 quod
409 1423 475 1450 nihil
488 1423 543 1450 ullo
561 1423 641 1451 modo
658 1424 793 1456 nocuerit,
813 1425 895 1452 etiam
910 1433 966 1452 ma-

182 1468 258 1495 xime
269 1468 405 1503 profuerit
420 1469 453 1496 iis
469 1469 568 1503 quibus
583 1469 695 1497 insidias
712 1471 845 1499 strucbat.
861 1471 966 1506 Quippe

183 1522 246 1541 cum
267 1515 396 1542 emissum
412 1515 447 1542 ab
468 1522 500 1543 ea
518 1515 599 1543 telum
617 1517 643 1544 in
664 1517 827 1544 soliditatem
848 1505 969 1546 thoracis
983 1505 1005 1535 θ

184 1567 212 1588 ct
229 1562 310 1595 scuti,
326 1569 443 1597 quorum
464 1562 563 1591 artifex
580 1563 667 1592 virtus
681 1569 733 1597 est,
749 1564 896 1599 impactum
911 1565 964 1593 fue-

183 1607 231 1640 rit,
246 1607 403 1643 impetuque
418 1616 467 1637 suo
485 1609 615 1637 reﬂexum
631 1610 664 1636 ad
678 1618 737 1638 eam
755 1617 814 1645 quae
829 1611 968 1644 emiserat,

184 1653 283 1680 vulnus
305 1654 362 1688 ipsa
385 1654 494 1689 quidem
524 1655 625 1690 accipit
646 1655 720 1683 letali
743 1657 866 1688 verbere,
891 1658 969 1685 nobis

183 1705 272 1728 autem
289 1699 372 1729 invita
391 1702 556 1736 suppeditat,
573 1706 602 1730 ut
617 1708 806 1731 marcescente
829 1711 968 1738 nunquam

183 1755 284 1775 corona
309 1749 445 1781 exornati,
465 1749 570 1776 deliciis
598 1749 700 1776 nullum
727 1749 808 1777 finem
837 1749 970 1776 habituris

184 1796 320 1822 fruamur.
339 1795 371 1822 Et
386 1794 484 1823 merito
501 1795 526 1823 id
544 1795 663 1829 quidem.
682 1794 750 1822 Nam
766 1795 789 1822 si
806 1801 889 1823 cornu
905 1803 970 1822 con-

185 1848 224 1868 tra
238 1849 287 1869 nos
303 1841 428 1876 voluptas
443 1841 550 1874 extulit,
566 1846 592 1868 et
606 1841 745 1868 stimulum
764 1841 859 1868 mortis
869 1842 971 1876 acqui-

183 1889 259 1921 sivit,
284 1892 395 1922 propter
421 1887 594 1922 gulositatem
619 1891 752 1920 nostram,
778 1895 860 1922 quam
876 1895 908 1915 ex
925 1887 970 1914 illa

184 1935 273 1969 prima
284 1935 494 1968 intemperantia
507 1934 579 1961 velut
590 1934 749 1962 haereditate
764 1935 903 1962 consecuti
917 1943 972 1962 su-

185 1988 256 2010 mus.
275 1981 401 2016 sequitur
417 1988 463 2008 eos
477 1980 523 2014 qui
538 1987 586 2014 per
604 1981 801 2008 continentiam
820 1987 905 2009 seruet
919 1982 971 2009 im-

185 2035 282 2056 munes
297 2029 330 2054 ab
347 2027 495 2055 insatiabili
512 2026 626 2054 libidine
639 2027 851 2060 declaraverint,
872 2030 970 2055 merito

186 2074 359 2105 coronandos
369 2073 478 2108 vitaque
488 2073 619 2100 fruituros
630 2073 776 2101 immortali
789 2081 850 2100 cum
865 2074 972 2102 deliciis

187 2122 234 2148 tali
250 2122 312 2149 vita:
338 2120 561 2156 congruentibus.
583 2119 638 2147 Nec
655 2120 703 2148 abs
718 2127 747 2147 re
772 2120 842 2147 Deus
860 2121 911 2148 hoc
927 2119 970 2147 fa-

1018 231 1068 266 μὲν
1085 230 1178 265 σαφῶς
1193 229 1223 256 τὸ
1238 229 1292 255 τῶν
1317 228 1423 262 ἀλόγων
1447 227 1536 260 γένος,
1555 228 1760 261 συναναιρεῖται
1776 227 1807 254 δὲ

1017 278 1111 308 αὐτοῖς
1126 277 1161 303 τὰ
1184 276 1255 311 πρὸς
1269 275 1315 302 τὸν
1340 274 1448 308 λογικὸν
1466 274 1524 309 βίον
1547 275 1615 309 ἡμῖν
1640 274 1782 308 ὶπιτήδεια
1798 282 1807 290 ·

1017 324 1066 351 καὶ
1084 323 1213 355 ὃλοιπὸν,
1241 321 1393 356 ἐπίμοχθὸν
1416 329 1479 347 τινα
1504 320 1563 355 βίον
1598 320 1644 346 καὶ
1670 319 1809 353 σφαλερὸν

1017 370 1092 396 ’ἑλκει
1108 369 1140 395 τδ
1154 368 1232 402 γένος
1244 368 1323 402 ἡμῖν.
1341 366 1438 393 Καίτοι
1455 365 1481 392 τί
1503 365 1592 398 λέγοις
1609 365 1655 399 Τῷ
1669 365 1724 391 τῶν
1741 364 1809 391 ἁλός

1017 424 1074 450 γων
1091 416 1222 450 ἄντικρυς
1239 414 1290 449 βίῳ
1307 415 1321 440 ὁ
1334 412 1398 440 καθ’
1410 412 1483 446 ἡμᾶς
1505 411 1539 437 ἂν
1556 410 1648 446 ἐῴκει.
1664 410 1756 437 αὐτῶν
1774 411 1809 436 ἐκ

1019 462 1105 497 μέσου
1132 459 1339 495 γεγενημένων·
1353 458 1401 485 ὲὰν
1422 458 1450 484 δὲ
1479 457 1526 491 ἐξῇ
1545 465 1591 490 μοι
1609 457 1658 482 καὶ
1672 456 1746 482 τοῦτ’
1768 456 1810 481 sl-

1020 508 1092 538 πεῖν,
1107 506 1197 541 πολλῷ
1217 505 1352 532 κάκείνων
1365 504 1548 536 ἐλεεινότερον
1569 504 1602 529 ἂν
1617 503 1724 536 ἐζῶμεν
1739 501 1809 528 ἄνευ

1018 553 1133 579 ἐκείνων
1144 560 1151 568 ·
1166 553 1207 579 ὅτι
1231 552 1263 578 τὺ
1279 551 1329 585 μὲν
1346 550 1458 576 ἐκείνων
1475 549 1504 576 εὖ
1524 549 1573 583 ζῇν
1597 548 1670 575 τοῦτ’
1691 547 1761 579 ἐστι,
1775 548 1810 574 τδ

1019 598 1070 633 ζῇν
1084 598 1121 630 ὡς
1137 598 1184 624 νῦν
1196 606 1203 613 ·
1219 598 1285 632 ἡμῖν
1299 596 1327 623 δὲ
1343 596 1376 623 ἂν
1395 593 1454 630 εἷχε
1471 595 1565 625 κακῶς
1580 595 1593 620 ὁ
1617 594 1684 626 βίος,
1700 593 1809 628 Θηρίοις

1019 643 1122 670 ἐοικόσι
1136 644 1168 677 τῇ
1186 642 1309 676 πολιτείᾳ
1329 650 1359 668 τε
1376 641 1424 667 καὶ
1435 641 1470 675 τῇ
1489 640 1624 674 διαγωγῇ,
1645 639 1691 665 ἅτε
1704 639 1738 674 δὴ
1751 639 1810 665 τῶν

1019 689 1053 715 δι’
1069 689 1144 723 ἡμᾶς
1155 688 1349 722 γεγενημένων
1359 687 1564 721 ἠφανισμένων.
1585 685 1667 711 Ἀλλὰ
1679 685 1733 719 μὴν
1745 684 1809 710 οὐδὲ

1021 735 1110 761 έκεῖνο
1123 726 1229 768 σιωπῆς
1245 733 1320 765 ἄξιον
1334 742 1341 750 ι
1355 732 1453 767 διπλῆς
1467 733 1520 765 γὰρ
1533 731 1618 766 οὔσης
1632 730 1682 765 τῆς
1697 730 1808 764 ἡδονῆς,

1021 781 1080 807 ἐστι
1095 781 1142 807 καὶ
1167 780 1231 815 παρ’
1247 779 1382 812 ἑκατέρας
1404 778 1590 812 ὠφεληθῆναι.
1607 778 1660 803 Καὶ
1688 776 1742 811 γὰρ
1760 777 1810 802 καὶ

1021 827 1090 860 αὕτη
1105 827 1121 861 ή
1136 827 1217 861 ἡδονὴ
1233 826 1317 861 (λέγω
1328 825 1356 852 δὲ
1376 825 1424 852 νῦν
1441 825 1489 860 τὴν
1505 825 1634 859 ἄσεμνον,
1655 824 1704 858 τὴν
1720 823 1811 857 αἰσχί-

985 860 1006 888 3
1023 882 1100 906 στην,
1147 860 1226 907 παρὰ
1250 871 1304 898 τῶν
1332 872 1523 906 χρηστοτέρων
1540 870 1633 900 κακῶς
1649 869 1757 901 ἀκούει,
1769 869 1810 901 ὡς

1020 920 1034 946 ὅ
1051 929 1075 946 τι
1086 928 1139 954 περ
1153 918 1300 952 κεφάλαιόν
1313 919 1372 944 ἐστι
1387 917 1440 943 τῶν
1454 917 1569 951 κακῶν),
1585 916 1644 951 εἴγε
1659 917 1740 951 ἡμεῖς
1749 917 1810 951 βου-

1021 965 1146 1000 λοίμεθα,
1163 963 1264 999 γένοιτ’
1281 964 1313 990 ἂν
1329 964 1396 998 ἡμῖν
1410 962 1542 997 πρόξενος
1558 962 1677 989 αἰωνίων
1692 963 1738 989 καὶ
1754 971 1809 988 σω-

1022 1012 1128 1047 φρόνων
1146 1011 1215 1046 μετὰ
1239 1010 1319 1045 δόξης
1336 1009 1526 1038 ἀπολαύσεων,
1546 1009 1627 1035 Ὥστε
1656 1009 1720 1035 καθ’
1744 1010 1810 1035 ἑκά-

1021 1067 1099 1093 τερον
1121 1058 1204 1093 μέρος
1220 1058 1236 1092 ἡ
1251 1057 1332 1092 ἡδονὴ
1344 1056 1482 1082 λυσιτελεῖ
1495 1056 1553 1086 τοῖς
1576 1055 1761 1089 βουλομένοις.
1778 1055 1810 1081 Et

1023 1106 1074 1139 μὲν
1092 1104 1180 1139 ἀγαθὴ
1199 1105 1284 1135 ἐστιν,
1300 1103 1376 1138 αὺτῴ
1392 1111 1424 1137 γε
1445 1102 1534 1136 τούτῳ
1547 1109 1555 1116 ·
1571 1102 1594 1128 εί
1618 1101 1646 1128 δὲ
1670 1102 1743 1136 κακὴ
1761 1101 1810 1128 καὶ

1021 1151 1176 1184 ἐπίϐουλος,
1193 1151 1235 1177 ὃτι
1260 1148 1329 1180 οὖσά
1352 1158 1384 1183 γε
1405 1149 1530 1183 τοιαύτη,
1550 1147 1627 1175 οὐδὲν
1650 1149 1759 1183 ἤνυσεν.
1776 1147 1809 1173 El

1022 1197 1076 1231 γὰρ
1094 1195 1186 1233 ὲκὶίνη
1206 1195 1270 1233 καθ’
1284 1196 1362 1230 ἡμῶν
1383 1195 1522 1221 ἁκοντῑσει
1545 1193 1574 1220 τὸ
1594 1193 1669 1228 δόρυ,
1687 1193 1763 1228 εὖροι
1779 1193 1808 1219 δὲ

1021 1244 1096 1278 ἡμᾶς
1111 1242 1142 1268 τὸ
1155 1242 1219 1277 δόρυ
1232 1241 1355 1276 ἀκριϐῶς
1375 1248 1406 1266 τε
1425 1239 1472 1266 καὶ
1491 1239 1582 1270 καλῶς
1596 1238 1810 1275 πεφραγμένους

1022 1290 1144 1325 προσοχῇ
1163 1289 1211 1315 καὶ
1225 1287 1360 1323 καρτερίᾳ
1379 1287 1412 1321 τῇ
1429 1286 1590 1320 γιγνομένῃ,
1613 1285 1682 1320 πρὸς
1698 1285 1738 1320 τῷ
1756 1293 1810 1320 μη-

1021 1336 1115 1370 δαμῶς
1140 1334 1222 1370 μηδὲν
1237 1333 1426 1368 παραὸλάψαι,
1442 1333 1459 1368 ή
1485 1332 1513 1358 δὲ
1536 1331 1584 1358 καὶ
1604 1330 1711 1366 ὤνησεν
1731 1331 1759 1361 ὲς
1773 1330 1808 1357 τὰ

1024 1382 1152 1417 μάλιστα,
1169 1378 1210 1412 οἷς
1226 1389 1257 1414 γε
1274 1379 1465 1405 έπεεοᾷλευεν.
1480 1377 1566 1404 ’Ὀταν
1584 1377 1638 1411 γὰρ
1659 1376 1691 1402 ’τὸ
1706 1376 1810 1410 ταύτης

1022 1428 1105 1455 ὅπλον
1121 1427 1221 1461 aeson
1246 1425 1430 1460 ἀντικρουσθῇ
1447 1423 1611 1459 στερρότητι
1627 1431 1657 1449 τε
1683 1422 1811 1456 θώρακος

1022 1475 1068 1502 καὶ
1085 1474 1206 1506 ἀσπίδος,
1222 1471 1259 1499 ὧν
1275 1473 1333 1498 ἐστι
1347 1471 1473 1506 τεχνίτης
1485 1471 1501 1504 ἠ
1518 1470 1615 1505 ἀρετὴ.
1630 1470 1676 1496 καὶ
1693 1471 1726 1504 τῇ
1745 1470 1811 1496 ἑαυ-

1021 1522 1068 1549 τοῦ
1083 1522 1154 1557 φορᾷ
1168 1518 1370 1555 ἀντεπιστρέψῃ
1383 1518 1449 1552 πρὶς
1465 1517 1514 1552 τὴν
1527 1515 1721 1552 ὲκπέμψασαν,
1735 1516 1808 1543 ἐκεί.

1021 1577 1072 1604 νην
1088 1569 1136 1602 μὲν
1149 1566 1296 1602 ἐργάζεται
1311 1563 1487 1598 τραυματίαν
1503 1562 1595 1598 πληγῇ
1611 1562 1708 1598 καιρίᾳ
1718 1581 1726 1595 ,
1745 1563 1813 1598 ἡμῖν

1020 1617 1048 1643 δὲ
1061 1616 1164 1642 ἄκουσα
1181 1614 1306 1650 χορηγεῖ,
1321 1613 1420 1647 ἀγήρῳ
1436 1611 1562 1645 στεφάνῳ
1577 1609 1811 1645 κεκοσμημένοις,

1021 1663 1118 1698 ἀγήρω
1130 1663 1236 1697 τρυφῆς
1250 1659 1411 1686 ἀπολαύειν.
1427 1657 1557 1689 Εἰκότως.
1573 1657 1604 1683 Ei.
1614 1657 1669 1692 γὰρ
1684 1657 1715 1682 τδ
1728 1656 1814 1690 κέρας

1021 1710 1138 1743 ἔσχηκεν
1150 1708 1166 1742 ἡ
1184 1707 1268 1742 ἡδονὴ
1284 1705 1345 1732 καθ’
1358 1703 1450 1739 ἡμῶν,
1467 1703 1515 1729 καὶ
1525 1703 1643 1729 Θανάτου
1657 1703 1814 1736 προσεκτή-

1023 1762 1089 1780 σατο
1107 1753 1231 1787 κέντρον,
1248 1750 1293 1778 διὰ
1307 1750 1337 1777 τὸ
1355 1749 1482 1784 λιχνῶδες
1493 1747 1525 1775 τὸ
1543 1747 1608 1782 παρ’
1621 1748 1697 1782 ἡμῖν,
1712 1749 1744 1773 ἐκ
1764 1747 1813 1782 τῆς

1022 1800 1142 1836 ἀρχῆθεν
1160 1798 1296 1834 ἀκρασίας
1317 1795 1568 1832 κληροδοχούμενον
1580 1803 1587 1810 ”
1604 1794 1628 1820 οί
1649 1793 1684 1820 δι’
1709 1794 1812 1828 ἐγκρα-

1022 1848 1098 1877 τείας
1129 1844 1269 1878 ἐλεύθεροι
1295 1843 1344 1877 τῆς
1378 1840 1532 1875 ἀπληστίας
1559 1839 1745 1873 ἀναφανέντες
1775 1838 1814 1864 δι-

1023 1892 1110 1924 καίως
1128 1890 1361 1924 στεφανώσονται,
1377 1888 1425 1914 καὶ
1441 1887 1515 1921 ζωῆς
1533 1886 1695 1922 μεθέξουσιν
1711 1886 1814 1912 ἀθανά-

1022 1948 1080 1971 τνν,
1100 1938 1148 1964 καὶ
1173 1937 1279 1972 τρυφῆς
1296 1935 1346 1961 οὐκ
1375 1933 1534 1969 ἀπᾳδούσης
1549 1934 1581 1967 τῇ
1611 1932 1678 1967 ζωῇ.
1705 1931 1814 1962 Δίκαιος

1023 1985 1056 2012 ἂν
1074 1984 1116 2017 εἴη
1129 1983 1194 2013 Θεὸς
1206 1981 1287 2007 τοῦτο
1302 1979 1414 2014 πρᾶξαι.
1432 1979 1462 2004 Ei
1476 1978 1531 2012 γὰρ
1547 1977 1627 2010 δίκην
1642 1985 1674 2010 γε
1685 1974 1814 2009 εἰσ-τρέε·

1022 2040 1064 2058 τει
1088 2031 1150 2061 τοὺς
1179 2027 1300 2064 ἀκρασίᾳ.
1319 2025 1505 2061 συζήσαντας,
1536 2023 1626 2057 πολλῷ
1651 2031 1682 2055 γε
1713 2021 1815 2056 μᾶλλον

1023 2077 1098 2112 αὐτῷ
1113 2077 1247 2111 προσήκει
1272 2075 1334 2105 τοὺς
1362 2071 1543 2106 γιγνομένους
1571 2069 1687 2104 μισθοὺς
1712 2068 1814 2095 διδόναι.

1024 2126 1080 2156 τοῖς
1095 2124 1220 2158 ἀγαθοῖς,
1236 2120 1320 2147 εἰδόσι
1336 2119 1425 2154 μέτρα
1441 2118 1529 2143 θεῖναι
1553 2117 1614 2147 ταῖς
1630 2114 1750 2150 χρείαις,
1767 2113 1815 2139 καὶ

186 2171 239 2197 ciet
254 2178 261 2196 :
281 2177 341 2196 nam
357 2169 379 2196 si
397 2175 493 2203 ptenas
508 2167 542 2194 ab
567 2167 600 2195 iis
615 2168 700 2201 exigit
723 2168 768 2201 qui
785 2167 914 2195 vixerunt
929 2168 969 2195 in—

1026 2170 1128 2201 παντὺς
1142 2168 1190 2195 τοῦ
1206 2168 1276 2202 ὑπὲρ
1299 2165 1401 2196 ταύτας
1423 2162 1618 2197 ἀποπηδῶσιν·
1636 2161 1673 2192 ὡς
1691 2160 1746 2186 οἵδε
1765 2159 1816 2185 οὐκ

189 2221 382 2251 temperanter,
405 2217 489 2242 multo
508 2214 594 2250 magis
608 2214 633 2241 ci
650 2214 788 2246 convenit,
801 2214 875 2250 justa
893 2214 972 2240 bonis

188 2264 299 2298 prtemia
311 2263 387 2295 dare,
399 2262 445 2297 qui
458 2261 667 2289 necessitatibus
679 2260 789 2288 modum
803 2261 973 2288 constituere

187 2315 298 2342 norunt,
313 2314 339 2337 et
353 2317 367 2335 a
383 2316 413 2336 re
435 2308 531 2343 quavis
559 2307 607 2334 has
621 2311 766 2341 superante
781 2310 867 2333 semet
886 2305 982 2333 absti-'

187 2362 264 2390 nent,
278 2363 339 2384 eum
354 2355 467 2383 delicias
479 2355 504 2382 hi
522 2354 610 2381 nullas
626 2353 805 2385 admirentur,
822 2352 892 2379 haud
907 2351 973 2379 aﬂe-

189 2403 223 2430 eti
240 2410 305 2437 erga
317 2401 425 2436 quidvis
441 2401 597 2435 promiscue
607 2399 679 2434 quod
694 2399 762 2426 ultra
777 2398 970 2426 necessitatem

187 2449 250 2476 lmni
272 2448 391 2483 speciem
410 2447 502 2474 habet.
522 2447 644 2481 Denique
669 2446 818 2474 secundum
833 2446 972 2480 expositas

188 2499 320 2522 tun-tenus.
336 2495 467 2526 rationes,
482 2494 639 2521 existimare
655 2493 792 2525 convenit,
808 2493 970 2527 voluptatem

190 2540 234 2567 his
262 2541 360 2567 bonam
379 2546 450 2571 esse,
469 2539 522 2566 illis
538 2547 552 2565 e
566 2539 703 2566 contrario
720 2539 830 2566 malam.
843 2537 910 2565 Nam
926 2537 972 2572 qui

190 2588 262 2613 male
284 2586 408 2614 feruntur
431 2586 544 2621 impetu,
563 2586 670 2613 navium
691 2586 716 2613 in
736 2593 850 2618 morem,
870 2585 973 2612 instru-

193 2639 285 2661 Iltrltlo
297 2642 346 2661 suo
356 2634 519 2665 carentium,
534 2638 672 2667 utcunque
687 2632 826 2659 libidinem
841 2630 977 2665 appetitus

192 2681 285 2709 alllare
301 2681 456 2716 contigerit,
473 2681 506 2707 iis
536 2679 608 2706 haud
623 2679 704 2706 dubie
720 2676 902 2705 formidabilis
928 2675 978 2703 ho-

192 2727 243 2752 stis
258 2733 309 2758 cst,
324 2733 349 2753 et
364 2727 450 2754 audax
464 2726 566 2760 pariter
580 2730 661 2760 atque
676 2723 818 2756 subdolus,
828 2728 855 2750 et
867 2721 980 2749 infinitis

195 2772 299 2800 artibus
326 2780 372 2800 cos
401 2779 509 2801 tentans
537 2772 696 2806 quibuscum
721 2771 816 2805 pedem
845 2768 977 2801 conserit,

191 2817 316 2852 adeoque
340 2819 501 2851 simpliciter
516 2818 622 2845 illortun
639 2817 760 2844 omnium
776 2815 890 2842 formam
909 2813 977 2840 reti-

191 2871 272 2899 nens,
301 2872 468 2900 quacumque
483 2863 659 2892 simulacmm
679 2861 741 2889 illud
758 2861 902 2896 voluptatis
918 2859 978 2887 illo-

1027 2218 1177 2252 ἐπτόηνται
1191 2216 1255 2250 περὶ
1272 2215 1321 2249 τὴν
1332 2212 1451 2247 τρυφὴν,
1474 2210 1678 2245 διακεχυμέ-ιως
1695 2208 1814 2242 ἔχοντες,

1026 2266 1094 2298 arth
1110 2266 1123 2291 ὅ
1138 2273 1164 2290 τι
1187 2263 1219 2289 ἄν
1235 2270 1286 2288 που
1304 2262 1359 2286 τῶν
1375 2259 1444 2293 ὑπὲρ
1469 2258 1520 2292 τὴν
1534 2256 1629 2292 χρείαν
1653 2255 1745 2282 καλῶν
1765 2263 1816 2288 φα-

1027 2313 1097 2344 νείη.
1117 2310 1196 2337 Κατὰ
1211 2309 1239 2335 δὲ
1252 2308 1316 2338 τοὺς
1335 2307 1385 2342 ήδη
1408 2305 1541 2341 ῥηθέντας
1562 2303 1658 2337 λόγους
1681 2301 1815 2336 προσήκει

1027 2359 1150 2393 νομίζειν
1163 2356 1213 2391 τὴν
1228 2354 1324 2390 ἡδονὴν
1348 2353 1402 2383 τοῖς
1424 2352 1474 2386 μὲν
1494 2349 1600 2384 ἀγαθὴν
1617 2346 1697 2380 εἶναι,
1712 2348 1768 2377 τοῖς
1787 2347 1815 2373 δὲ

1028 2404 1194 2433 τούναντίον.
1220 2403 1283 2432 Τοῖς
1307 2402 1357 2435 μὲν
1383 2399 1437 2434 γὰρ
1456 2397 1550 2428 κακῶς
1566 2395 1728 2431 φερομένοις
1744 2393 1815 2419 κατᾶ

1027 2454 1061 2480 τὰ
1086 2451 1275 2486 ἁνερμάτιστα
1292 2449 1384 2478 πλοῖα,
1400 2446 1438 2477 ὡς
1464 2445 1498 2472 ἄν
1514 2451 1579 2470 ποτε
1602 2442 1672 2477 τύχῃ
1698 2439 1816 2466 πνεῦσαι

1026 2499 1076 2535 τὴν
1091 2498 1196 2531 ἔφεσιν,
1223 2497 1348 2529 ᾶντικρις
1376 2491 1505 2526 πολέμιός
1528 2491 1584 2516 ὲοτι
1604 2488 1732 2523 φοϐερὸς,
1750 2486 1815 2521 θρα-

1029 2546 1076 2577 σύς
1094 2553 1123 2572 τε
1137 2544 1195 2578 ἃμα
1207 2543 1254 2569 καὶ
1270 2541 1384 2576 ὕφαλος,
1402 2538 1514 2573 μυρίαις
1526 2545 1556 2562 τε
1573 2535 1745 2569 πειρώμενος
1762 2539 1815 2566 μη-

1029 2592 1125 2627 χαναῖς
1139 2589 1180 2622 οἷς
1197 2588 1397 2624 συμπλέκεται,
1414 2585 1461 2611 καὶ
1473 2582 1564 2613 ἁπλῶς
1577 2581 1691 2608 ἐκείνων
1706 2578 1816 2627 πάντων

1029 2622 1171 2668 ἓιασώζων
1191 2634 1238 2661 τὸν
1252 2633 1349 2664 τύπον,
1372 2632 1477 2665 ὅσαπερ
1502 2630 1519 2664 ἡ
1537 2627 1639 2660 ταύτης
1664 2624 1746 2651 εἰκὼν
1763 2622 1816 2649 ὑπὸ

1031 2683 1086 2709 τῶν
1101 2681 1268 2716 γραψάντων
1281 2678 1367 2713 αὐτὴν
1378 2679 1445 2713 ἡμῖν
1461 2674 1574 2708 ἔδειξεν.
1594 2671 1641 2703 Ἐξ
1655 2669 1692 2699 ὧν
1707 2669 1739 2704 δὴ
1752 2668 1818 2716 παν-

1030 2737 1085 2756 των
1106 2714 1266 2761 συνάγεται,
1283 2725 1321 2757 ὼς
1346 2724 1377 2750 τὸ
1398 2722 1512 2759 νικῆσαι
1537 2718 1669 2754 πρόδηλον
1692 2717 1749 2751 ἔχει
1768 2714 1817 2748 τῆς

1032 2776 1137 2805 εἰκόνος
1161 2773 1351 2808 πρωτότυπος,
1377 2769 1435 2797 ἀνθ’
1451 2766 1487 2796 ὧν
1512 2776 1545 2801 γε
1570 2766 1639 2800 πρὸς
1670 2762 1817 2790 ἀντίπαλον

1033 2821 1180 2849 ἀποδύεται
1201 2818 1410 2854 εὐεπιχείρητον
1426 2815 1473 2841 καὶ
1483 2813 1588 2848 νωθράν
1600 2820 1606 2826 ο
1620 2812 1675 2840 τοῖς
1690 2810 1717 2836 δὲ
1739 2809 1818 2841 λόγον

1034 2867 1208 2902 ποιουμένοις
1223 2865 1272 2900 τῆς
1285 2864 1322 2896 ὡς
1334 2861 1442 2897 sanos,-
1459 2860 1542 2897 ζωῆς,
1569 2858 1614 2885 καὶ
1633 2857 1716 2892 μόνης
1736 2862 1806 2888 προσ
