1937 3078
135 108 195 141 481

862 108 1005 139 ORATIO
1026 109 1060 140 V.

1715 110 1767 142 482

136 169 264 205 ηιούσης
288 168 452 201 ἀνθρώποις,
469 168 536 201 ζῶσι
553 178 583 195 τε
601 168 767 204 προσήκοντι
797 170 915 205 σχήματι

983 176 1040 196 rum
1066 176 1148 202 opera
1171 168 1249 196 nobis
1275 168 1404 201 ostendit,
1429 167 1527 203 quibus
1553 168 1659 202 pictura
1688 171 1764 202 quasi

135 216 188 242 καὶ
204 215 329 249 λογισμῷ
349 215 382 241 τὰ
398 215 458 241 κατ’
486 215 587 247 αὐτοὺς
611 215 730 241 ίούνουσι
761 216 925 251 πράγματα,

134 261 247 295 ἀγαθήν
270 270 299 288 τε
318 258 388 287 εἶναι
407 262 467 287 καθ’
492 261 587 296 αὐτὴν,
604 261 652 288 καὶ
677 261 771 292 αὐτοῖς
796 260 926 296 πρόξενον

134 307 252 342 ἀγαθῶν
271 307 418 341 μεγίστων,
434 308 480 334 τδν
493 308 555 343 τῇδε
574 307 632 342 βίον
648 307 792 342 ἀμείψασι,
811 309 925 343 προσέτι

134 355 167 381 δὲ
190 354 239 380 καὶ
259 354 357 388 ἡδονῆς
383 354 572 388 ἀληθεστάτης
595 363 624 379 τε
648 355 694 380 καὶ
716 354 831 389 μονίμου
856 355 926 388 μετὰ

133 400 218 432 δόξης
234 399 397 433 γιγνομένης
414 398 453 433 τῷ
467 399 528 424 τότε
548 399 608 434 βίῳ.
630 399 673 430 Ὠς
696 400 729 425 τά
745 407 776 431 γε
803 399 925 432 παρόνστιι

136 444 240 478 ἀγαθὰ,
260 446 305 470 καὶ
327 444 490 479 λαμπρότης
516 443 622 475 ἅπασα,
639 445 715 478 καιὶὴ
738 445 830 478 ἡδονὴ,
846 445 892 470 καὶ
909 445 926 479 ὴ

135 490 214 522 δόξα,
230 490 396 524 ψευδώνυμά
423 491 484 516 τινά
505 490 564 516 ἐστι
581 490 628 517 καὶ
656 490 753 524 μικρὰ,
772 491 820 516 καὶ
847 490 928 524 μόγις

135 546 192 563 που
217 539 250 572 τῇ
279 537 360 572 χρείᾳ
387 539 652 572 συμπαραμένοντα.
688 538 742 565 Καὶ
779 538 870 563 πάντα
899 537 927 563 δὲ

135 581 242 612 ἐκεῖνα,
258 581 308 608 ὅσα
325 582 445 616 ζητητέα
458 584 524 616 ἡμῖν
535 583 622 614 ἐστιν,
640 583 670 608 οὐ
683 583 782 617 μᾶλλόν
796 591 827 616 γε
837 577 928 608 ἅὺτῶν

133 628 218 654 ἕνεκα.
238 628 254 664 ἣ
273 629 374 663 ἐτέρων
393 629 498 656 τοιαῦτ’
511 631 544 656 ἂν
574 631 629 664 εἴη.
654 628 700 661 Οἷς
721 638 753 664 γε
783 631 925 664 adﬂetde

133 675 196 700 ἐστι
214 675 261 701 καὶ
278 675 307 700 τὸ
321 675 372 706 τῆς
386 676 484 710 ἡδονῆς
497 677 602 711 χρῆμα.
620 676 777 711 Νομίζομεν
789 676 817 703 δὲ
841 675 924 701 καλὸν

135 718 222 754 εἶναι,
240 721 358 748 ἐνταῦθα
372 721 417 747 τὸν
431 721 510 755 λόγον
526 721 879 756 κεφαλαιὼσαντας,ὦσπερ
895 722 924 748 ὲν

134 768 353 802 συμπεράσματι
370 767 529 795 ἀποδοῦναι.

979 217 1096 250 quadam
1124 216 1339 250 exprimebatur.
1367 215 1404 242 Ex
1432 216 1531 250 quibus
1549 217 1675 244 omnibus
1698 223 1764 243 sane

980 262 1128 295 colligitur,
1154 262 1240 297 ipsam
1258 262 1436 296 voluptatem.
1461 261 1540 296 cujus
1558 262 1648 296 imago
1665 270 1764 296 t'cprm-

979 309 1147 340 scntabatur,
1162 309 1304 336 manifesto
1315 310 1453 337 victricem
1467 317 1526 337 esse
1540 315 1681 344 propterea
1693 310 1764 343 quod

979 363 1040 382 cum
1057 355 1215 382 adversario
1233 362 1362 390 superatu
1378 355 1450 383 facili
1469 360 1495 382 et
1514 355 1611 390 ignavo
1631 355 1656 380 in
1675 360 1765 381 certa-

980 407 1041 426 men
1059 401 1205 427 descendat
1222 408 1229 427 :
1247 409 1308 428 cum
1327 402 1398 432 aliis,
1417 402 1461 436 qui
1476 409 1546 428 vene
1562 402 1634 432 vitm,
1651 407 1765 435 qua-que

977 446 1134 474 hominibus
1152 447 1208 474 sola
1226 449 1367 482 competit,
1383 449 1517 475 rationem
1533 448 1645 479 habent,
1657 451 1684 474 et
1699 454 1763 474 con-

976 493 1097 520 venienti
1115 501 1176 521 cum
1192 494 1324 528 dignitate
1342 495 1444 528 vivunt,
1464 503 1561 529 resque
1581 502 1644 521 suas
1660 495 1764 521 ratione

979 539 1165 571 moderantur,
1181 540 1250 567 bona
1269 548 1315 574 per
1332 549 1360 568 se
1375 541 1420 572 sit.
1438 546 1464 568 et
1482 542 1599 568 maxima
1615 541 1685 567 bona
1700 548 1765 567 con-

978 584 1064 616 ciliet,
1082 585 1126 611 ubi
1141 585 1174 612 de
1195 585 1245 613 hac
1261 586 1315 613 vita
1335 586 1496 622 migrarunt.
1514 591 1700 620 praetereaque
1715 594 1764 611 vo-

978 632 1108 665 luptatem
1125 632 1296 659 verissimam
1314 640 1345 659 ac
1359 633 1521 664 durabilem,
1535 640 1595 659 cum
1617 632 1701 666 gloria
1721 632 1760 658 vi-

979 679 1012 702 ιίο
1044 681 1178 703 secutum
1204 678 1388 710 convenienti,
1409 678 1506 711 pariat.
1534 677 1666 704 Nimirum
1694 684 1763 711 pne-

978 722 1067 748 sentia
1085 722 1165 753 bona,
1189 723 1316 757 Splendor
1330 720 1485 755 universus,
1510 724 1644 758 voluptas,
1667 723 1763 757 gloria,

978 774 1047 794 vana
1064 768 1188 801 quaedam
1218 770 1329 796 nomina
1357 775 1419 798 sunt
1435 775 1461 796 ct
1479 779 1522 798 res
1539 770 1633 803 exiles,
1650 777 1765 805 qua:th
1803 797 1808 800 ,

133 814 179 840 vix
207 815 240 840 ad
261 822 338 841 usum
363 814 607 848 necessitatemque
632 814 746 845 durant,
771 813 919 848 omniaque
939 814 1017 846 adeo,
1046 822 1216 849 quaecunque
1246 816 1326 843 nobis
1349 817 1494 851 quareuda
1531 821 1604 848 sunt,
1631 824 1683 843 nmt
1709 820 1763 842 tam

132 865 184 890 Sua
199 871 280 890 causa
296 871 376 897 quam
396 863 523 895 aliorum,
546 863 607 890 talia
623 868 696 896 sunt,
714 870 828 897 quorum
846 862 920 891 serie.
937 862 1060 897 voluptas
1075 871 1184 898 quoque
1203 864 1367 892 continetur.
1384 865 1466 892 [lecte
1503 873 1568 893 vero
1593 873 1643 894 nos
1677 864 1765 891 {aclu-

131 919 179 939 ros
193 911 323 943 arbitror,
342 911 365 938 si
380 911 515 946 capitibus
530 911 663 938 orationis
677 911 711 938 ad
724 917 857 937 summam
871 910 922 938 hoc
942 910 1003 937 loco
1023 911 1169 944 revocatis,
1195 912 1265 938 velut
1285 912 1311 939 in
1337 913 1515 940 conclusione
1546 920 1604 940 rem
1641 912 1764 947 cxplice-

131 967 204 986 mus.

167 1004 245 1032 Εἶναι
261 1006 311 1039 μὲν
328 1004 375 1031 οὖν
391 1013 463 1039 φημι
482 1003 530 1038 τὴν
542 1003 642 1038 ψυχὴν,
659 1004 706 1030 καὶ
719 999 808 1030 ita“:
822 1003 856 1030 τὰ
872 1004 915 1029 αὺ-

1009 1003 1060 1030 Aio
1083 1003 1167 1037 igitur
1185 1007 1213 1030 et
1226 1003 1346 1030 animum
1364 1008 1391 1030 et
1411 1011 1507 1032 omnes
1531 1005 1589 1039 ejus
1603 1011 1704 1038 partes.
1722 1005 1761 1032 uti

127 1052 182 1086 τῆς
199 1051 282 1086 μέλη.
297 1051 334 1082 ὡς
352 1051 385 1077 ἄν
401 1059 443 1081 τις
460 1051 543 1083 aliter,
558 1044 606 1076 κὲιὶ
623 1051 672 1080 τὰς
685 1050 826 1084 δυνάμεις,
843 1050 917 1084 παρὰ

128 1097 212 1122 Θεοῦ.
236 1096 298 1127 [Ιῶς
312 1096 366 1130 γὰρ
383 1094 414 1121 οὗ
430 1104 438 1127 ;
455 1093 526 1122 εῖναι
547 1095 575 1121 δὲ
599 1095 669 1121 καλὰ
690 1096 740 1121 καὶ.
761 1095 862 1129 ἀγαθὰ.
878 1095 917 1125 ὼς

128 1143 186 1168 ἀπὸ
210 1141 290 1169 Θεοῦ.
312 1141 398 1168 Τοῦτο
417 1142 471 1175 γὰρ
488 1141 589 1172 πάσιις
614 1141 761 1175 ἀνάγκαις.
785 1141 840 1167 Καὶ
866 1140 916 1175 τὴν

129 1187 283 1223 ἐπιθυμίαν
305 1188 338 1214 αὖ
357 1187 450 1220 πάλιν,
465 1187 512 1214 ἅτε
526 1188 576 1223 τὴν
598 1188 689 1222 ψυχὴν
702 1187 861 1214 τελειοῦσαν
876 1188 915 1222 τῷ

129 1235 196 1269 παρ’
209 1235 310 1269 ἑαυτῆς
333 1234 423 1269 μέρει,
436 1235 483 1260 καὶ
499 1234 570 1261 κατὰ
583 1234 663 1260 τοῦτο
677 1234 787 1269 ἀγαθήν
797 1243 804 1250 ·
819 1234 849 1261 τδ
862 1235 916 1269 γὰρ

129 1281 235 1312 ἀτελὲς,
249 1280 279 1306 οὐ
295 1280 388 1307 καλόν.
407 1281 451 1312 Ὧς
467 1281 496 1307 δὲ
510 1281 558 1307 καὶ
575 1281 624 1314 τὴν
638 1281 737 1315 ἡδονὴν
757 1281 840 1316 ἔχειν,
855 1281 872 1316 ἦ
886 1290 916 1307 τε

129 1327 176 1352 τὸν
190 1325 246 1360 βίον
265 1327 332 1361 ἡμῖν
352 1326 505 1361 συνίστησι,
521 1326 568 1352 καὶ
592 1326 626 1352 δι’
641 1326 674 1360 ἢν
698 1326 728 1352 τὸ
750 1326 915 1361 ἐπιθυμητι-

130 1373 179 1399 κὸν
195 1373 307 1407 ἐνεργόν
330 1374 405 1399 ἐςτιν
422 1374 451 1400 ὲν
470 1374 549 1408 ἡμῖν,
566 1373 613 1400 καὶ
633 1374 681 1408 οὐχ
698 1373 735 1404 ὡς
760 1374 858 1408 νεκρὺν
872 1375 916 1401 οὗ-

129 1419 197 1445 τωσὶ
220 1421 357 1453 κείμενον,
373 1419 489 1454 δυνάμει
509 1420 589 1454 μόνον
608 1420 638 1446 τὸ
654 1419 752 1447 ἑαυτοῦ
775 1421 914 1455 κεκτημέ-

129 1474 185 1493 νον,
201 1466 256 1493 Καὶ
280 1466 431 1500 ἐπειδήπερ
448 1466 524 1493 ταῦτ’
544 1466 631 1497 οὕτως
658 1467 725 1501 ἔχει,
742 1467 787 1493 καὶ
811 1467 845 1493 τὰ
865 1466 915 1500 τῆς

130 1512 272 1546 ζητήσεως
296 1512 371 1543 τέλος
397 1511 480 1546 ἴσχει,
499 1512 546 1538 καὶ
562 1511 666 1546 ἀγαθὸν
689 1512 719 1538 τὺ
742 1513 793 1547 τῆς
817 1512 914 1547 ἡδονῆς

129 1558 196 1592 ἡμῖν
211 1558 399 1584 ἀποδέδεικται
415 1557 512 1592 χρῆμα
528 1558 583 1584 τῶν
600 1566 630 1583 τε
647 1557 735 1585 ἄλλων
759 1559 851 1589 ἓνεκα,
868 1559 916 1584 καὶ

129 1603 166 1634 ὥς
185 1603 238 1629 ἀπὸ
251 1603 320 1629 θεοῦ
337 1603 479 1638 δεδομένον
495 1604 527 1638 τῇ
542 1612 572 1629 τε
593 1602 689 1638 λογικῇ
706 1604 752 1630 καὶ
766 1604 913 1639 αἰσθητικῇ

129 1647 228 1681 φύσει·
241 1648 269 1674 τί
289 1648 321 1683 δὴ
341 1648 394 1684 φῂς
411 1649 424 1673 ὁ
444 1648 493 1682 τὴν
512 1648 607 1683 ἡδονὴν
630 1648 723 1679 ἁπλῶς
744 1649 915 1681 διαϐάλλωνς

976 1050 1037 1085 quis
1051 1058 1096 1076 eas
1121 1049 1308 1084 appellaverit,
1333 1057 1483 1084 omnesque
1498 1051 1652 1083 facultates,
1675 1059 1690 1078 a
1707 1051 1761 1079 Deo

975 1103 1046 1124 esse.
1063 1095 1118 1122 Cur
1132 1095 1202 1122 enim
1228 1103 1280 1123 non
1298 1096 1376 1122 sint?
1395 1095 1490 1122 Itidem
1505 1104 1566 1123 cum
1587 1105 1600 1124 ο
1621 1097 1676 1124 Deo
1694 1098 1760 1130 sint,

975 1150 1038 1170 esse
1052 1150 1096 1170 res
1107 1142 1230 1177 egregias
1247 1147 1274 1169 et
1285 1142 1372 1169 bonas
1383 1151 1390 1171 :
1403 1150 1465 1169 natn
1483 1143 1534 1170 hoc
1547 1144 1656 1170 omnino
1669 1151 1762 1171 neces-

975 1187 1077 1214 sarium
1094 1191 1145 1213 est.
1168 1186 1273 1214 Rursus
1292 1186 1441 1220 appetitum
1469 1194 1577 1222 quoque
1602 1195 1664 1214 cum
1685 1187 1759 1220 adje-

975 1232 1067 1260 ctionc
1087 1232 1171 1266 partis
1193 1239 1248 1259 sua:
1274 1232 1425 1267 perfectum
1452 1233 1601 1260 constituat
1626 1233 1759 1267 animum,

975 1282 1026 1308 hac
1043 1281 1101 1315 ipsa
1125 1281 1158 1308 de
1171 1289 1252 1308 causa
1273 1281 1372 1308 bonum
1393 1289 1464 1314 esse;
1490 1289 1551 1309 nam
1568 1284 1640 1316 quod
1660 1283 1760 1318 imper-

974 1326 1088 1359 fectum,
1100 1327 1271 1355 bouum-esse
1282 1328 1386 1362 nequit.
1403 1327 1531 1355 Eamdem
1548 1337 1608 1356 esse
1623 1331 1756 1358 rationem

976 1373 1133 1408 voluptatis,
1150 1381 1211 1408 qum
1226 1373 1309 1400 vitam
1327 1379 1448 1401 nostram
1464 1374 1552 1408 fulcit,
1568 1381 1596 1403 et
1615 1383 1664 1410 per
1677 1384 1758 1412 quain

973 1420 1013 1447 vis
1028 1424 1157 1453 appetens
1174 1419 1200 1446 in
1218 1419 1295 1446 nobis
1313 1425 1354 1447 est
1368 1420 1473 1452 efﬁcax,
1488 1429 1538 1448 ncc
1552 1423 1630 1456 quasi
1648 1423 1671 1450 si
1687 1431 1760 1450 tnor-

974 1471 1019 1493 tua
1039 1466 1156 1500 jacerct,
1179 1470 1312 1500 potestate
1333 1466 1465 1494 duntaxat
1481 1468 1534 1494 vim
1551 1475 1628 1495 suam
1642 1469 1757 1498 obtincl.

973 1511 1037 1544 Quae
1054 1518 1114 1537 cum
1130 1511 1166 1537 ita
1180 1511 1246 1543 sint,
1268 1516 1295 1538 et
1315 1511 1347 1538 ad
1364 1511 1445 1538 linem
1461 1513 1590 1547 perducta
1607 1515 1759 1548 quaestione

970 1557 1024 1591 jam
1038 1557 1072 1583 sit
1084 1557 1314 1588 demonstratum,
1326 1558 1490 1591 voluptatem
1501 1566 1560 1586 esse
1576 1567 1632 1586 rem
1644 1561 1760 1595 bonam,

972 1610 1034 1629 cum
1052 1602 1119 1629 alias
1137 1602 1171 1629 ob
1189 1609 1297 1633 causas,
1314 1607 1369 1629 tum
1385 1603 1456 1637 quod
1472 1611 1486 1630 a
1503 1604 1557 1642 Deo
1574 1610 1630 1632 tam
1643 1607 1758 1634 rationis

972 1655 1052 1683 quam
1070 1655 1168 1675 sensus
1195 1648 1321 1682 participi
1339 1652 1442 1675 natura:
1470 1649 1505 1676 sit
1524 1657 1666 1683 concessa,
1692 1652 1757 1685 quid

129 1694 160 1720 Εἰ
176 1694 229 1729 γὰρ
244 1695 360 1729 σιωπᾷς,
377 1694 457 1726 αὐτὸς
474 1695 528 1729 ἐρῶ
542 1703 582 1720 σοι
597 1694 753 1722 τελευταῖον
766 1695 831 1729 ἐγὼ,
848 1696 915 1730 ὅπερ

972 1698 999 1720 ιιι
1017 1695 1124 1721 tandem
1137 1695 1189 1726 ais,
1203 1695 1249 1729 qui
1269 1694 1434 1729 voluptatem
1450 1694 1612 1729 simpliciter
1627 1697 1758 1724 crimina~

129 1740 161 1766 ἂν
177 1740 263 1775 ἡδέως
288 1739 429 1773 ἀκούσαις,
453 1738 541 1775 οἶμαι.
565 1741 635 1775 Ἐγώ
665 1750 712 1768 σου
741 1742 803 1773 τοὺς
818 1742 916 1776 λόγους

129 1787 315 1820 ἑπικυρώσας,
333 1787 367 1812 δι’
391 1783 428 1814 ὧν
453 1787 485 1813 σὺ
502 1787 552 1823 τὴν
576 1789 667 1814 εἰκόνα
691 1790 741 1821 τῆς
757 1789 853 1824 ἡδονῆς
871 1797 916 1823 μι-

129 1832 196 1866 κροῦ
227 1833 369 1867 συντόμως
396 1834 643 1868 ἁνεζωγράφησας,
668 1835 698 1860 ἓν
723 1835 753 1868 γέ
781 1843 807 1861 τι
834 1835 915 1869 μόνον

127 1879 270 1913 ἀποκυρῶ,
288 1879 318 1905 τὸ
335 1880 407 1906 κατὰ
422 1879 531 1906 πάντων
546 1880 673 1906 τοσοῦτον
691 1882 814 1915 νομίζειν
828 1881 914 1916 αὐτὴν

127 1924 267 1957 δύνασθαι,
295 1925 332 1956 ὡς
347 1925 447 1960 μικροῦ
465 1926 581 1960 μάταιον
604 1924 675 1953 εἶναι
694 1928 783 1959 πᾶσαν
810 1926 914 1962 ἀνθρω-

127 1971 208 2005 πίνην
221 1972 350 2006 σπουδὴν,
365 1972 511 1998 ἐθελόντων
523 1973 590 2007 πρὺς
603 1974 709 2008 ἐκείνην
718 1974 913 2008 ἀγωνίζεσθαι,

126 2016 156 2042 Ei
174 2015 240 2050 γοῦν
254 2019 301 2043 καὶ
315 2017 389 2052 αὐτῷ
408 2026 449 2043 σοι
464 2017 552 2044 ταῦτα
576 2018 660 2051 δοκεῖ,
681 2019 728 2045 καὶ
750 2019 800 2053 τὴν
814 2019 913 2054 ἡδονὴν

125 2062 249 2096 νομίζεις
266 2064 316 2098 τὴν
333 2064 403 2098 ὑπὲρ
421 2064 527 2099 χρείαν,
543 2064 592 2099 τὴν
607 2065 738 2100 ἄκοσμον,
757 2065 807 2100 τὴν
823 2065 912 2092 πάντα

125 2109 271 2144 ὲπιὸλαὸῆ.
287 2110 403 2146 δυνατὴν
427 2111 477 2145 μὲν
496 2111 640 2137 ἀσθενοῦσι
664 2111 714 2145 τὴν
735 2112 910 2146 προαίρεσιν,

124 2155 225 2190 ἀσθενῆ
239 2155 268 2181 δὲ
290 2155 452 2190 δυναμένοις
474 2156 542 2191 ὀρθὰ
560 2156 728 2190 λογίζεσθαι,
749 2157 796 2183 καὶ
822 2157 911 2183 ποιεῖν

125 2201 272 2233 ἐθέλουσιν,
289 2201 306 2228 ἃ
315 2202 470 2236 λογίζονται
479 2211 485 2217 ·
500 2202 656 2237 εὔγνωμον,
673 2201 762 2238 οἶμαι,
772 2202 909 2237 ποιήσεις,

126 2245 196 2284 ῐν“ᾖ;
207 2248 238 2273 ἐκ
249 2248 350 2282 μέρους
358 2248 493 2282 ἐπιεικὴς,
505 2248 554 2283 ἐμὲ
562 2249 630 2283 πρὸς
638 2248 717 2275 τοῦτο
728 2250 911 2284 μιμούμενος.

123 2293 183 2320 οὔτε
202 2293 293 2320 πάνυ
309 2303 351 2320 σοι
372 2295 418 2321 τὴν
436 2294 515 2328 λόγον
532 2294 708 2327 ἐπαινοῦντα,
725 2296 772 2322 καὶ
794 2296 824 2322 οὐ
842 2296 911 2332 πρὸς

971 1740 1030 1767 ris?
1047 1739 1114 1767 Nam
1130 1741 1153 1767 si
1174 1740 1284 1774 quidem
1308 1741 1365 1774 ipse
1376 1741 1451 1774 siles,
1472 1742 1558 1769 dicam
1577 1751 1629 1778 ego
1646 1744 1693 1770 tibi
1709 1751 1758 1778 po-

970 1790 1100 1812 stremum
1120 1786 1190 1820 quod
1219 1785 1344 1813 lubenter
1364 1787 1472 1814 audies.
1486 1787 1662 1816 Conllrtnatls
1677 1789 1757 1823 equi-

969 1833 1028 1859 dem
1043 1831 1173 1866 suffragio
1185 1839 1245 1858 meo
1259 1832 1411 1860 rationibus
1423 1833 1486 1865 tuis,
1498 1834 1596 1868 quibus
1609 1834 1754 1869 imaginem

970 1878 1117 1913 voluptatis
1135 1877 1254 1905 breviter
1268 1879 1437 1913 expressisti,
1454 1887 1536 1906 unum
1553 1880 1604 1907 hoc
1622 1881 1756 1909 duntaxat

968 1926 1070 1960 abrogo
1085 1925 1158 1960 quod
1170 1925 1300 1952 adversus
1315 1933 1411 1952 omnes
1424 1932 1483 1952 eam
1502 1929 1606 1953 tantum
1618 1934 1697 1961 posse
1712 1934 1754 1953 ar-

967 1973 1236 2003 bitraris,utvanum
1254 1979 1339 2006 prope
1356 1971 1392 1998 sit
1408 1979 1489 1999 onme
1511 1973 1632 2000 studium
1653 1979 1754 2001 morta-

968 2017 1033 2044 lium
1046 2018 1091 2054 qui
1111 2023 1250 2045 ccrtamen
1274 2018 1406 2045 adversus
1421 2025 1480 2045 eam
1504 2020 1642 2054 suspicere
1657 2021 1754 2047 velint.

968 2063 1070 2091 Saltem
1086 2064 1109 2091 si
1126 2065 1183 2091 hx'c
1205 2064 1252 2091 tibi
1273 2071 1381 2098 quoque
1393 2064 1529 2096 videntur,
1542 2069 1570 2091 et
1578 2065 1599 2091 si
1617 2070 1753 2099 putasvo-

965 2111 1096 2145 luptatem
1117 2109 1292 2144 superﬂuam,
1306 2110 1491 2142 inhonestam,
1504 2110 1617 2137 omnino
1630 2112 1751 2144 noxiam,

965 2157 1099 2183 valentem
1117 2155 1225 2190 quidem
1239 2163 1302 2183 esse
1315 2155 1342 2182 in
1359 2156 1391 2183 iis
1404 2163 1518 2190 quorum
1532 2156 1557 2183 iu
1575 2155 1699 2190 eligendo
1712 2157 1752 2184 vis

965 2202 1048 2229 animi
1065 2201 1160 2230 debilis
1175 2205 1228 2234 est,
1244 2206 1271 2229 at
1290 2201 1438 2229 invalidam
1451 2202 1478 2228 in
1491 2202 1546 2229 illis
1562 2202 1607 2236 qui
1621 2207 1696 2229 recte
1709 2209 1752 2229 res

965 2248 1101 2275 mstimare
1118 2252 1242 2282 possunt,
1263 2252 1291 2275 et
1304 2255 1363 2282 qua:
1380 2247 1483 2274 ducunt
1499 2254 1560 2275 esse
1574 2248 1643 2274 bona
1660 2248 1751 2275 facere

965 2294 1069 2326 volunt,
1084 2301 1192 2328 aequum
1209 2299 1234 2320 te
1251 2300 1342 2328 geres,
1357 2293 1467 2327 opinor,
1480 2297 1514 2320 ut
1530 2300 1562 2321 ex
1581 2299 1659 2326 parte
1676 2293 1751 2320 scili-

124 2340 212 2378 πάντα.
243 2340 431 2375 μεμφόμενον.
460 2341 514 2367 Καὶ
531 2341 594 2376 μὴν,
613 2342 637 2367 εἰ
661 2341 749 2376 ἔγωγε
779 2343 835 2373 τοῖς
854 2343 909 2374 σοῖς

970 2345 1007 2367 :et
1025 2340 1182 2368 moderatus
1205 2341 1253 2372 sis,
1273 2339 1429 2374 exemplum
1447 2347 1536 2366 meum
1550 2339 1686 2373 imitatus,
1701 2341 1748 2374 qui

124 2386 263 2420 συμφαίην
288 2387 318 2419 ἐξ
342 2387 484 2421 ἡμισείας,
505 2388 552 2414 καὶ
569 2388 601 2414 σὺ
627 2387 709 2414 ταυτό
731 2395 763 2421 γε
791 2388 910 2423 πράξαις

123 2433 190 2466 πρὸς
216 2432 309 2466 τάμὰ,
341 2433 501 2468 συνᾴδοντες
530 2432 654 2468 ἀλλήλοις
683 2433 907 2468 εὑρεθησόμεθα·

123 2479 269 2513 καλλίστην
296 2479 356 2513 μὲν,
386 2479 432 2505 καὶ
459 2479 576 2514 ἀγαθὴν,
604 2479 651 2506 καὶ
681 2479 832 2514 ὠφέλιμον,
858 2479 909 2515 τὴν

123 2525 273 2559 ἀναγκαίαν
292 2526 339 2552 καὶ
364 2525 483 2560 κοσμίαν
502 2525 601 2561 ἡδονὴν
624 2526 862 2561 ἀνακηρύττοντές
877 2535 908 2552 τε

122 2573 167 2599 κε).
179 2573 396 2606 ἀποφαίνοντες
413 2572 463 2606 τὴν
478 2573 506 2598 δὲ
523 2572 725 2604 πλεονάζουσάν
740 2581 769 2598 τε
786 2574 833 2599 καὶ
844 2573 908 2600 ἄκοα

123 2628 188 2653 σμον
203 2619 361 2645 τούναντίον
375 2619 406 2645 οὐ
424 2618 521 2654 καλὴν,
534 2619 594 2645 οὐδὲ
605 2619 724 2654 ἀγαθὴν,
737 2619 793 2645 οὐδ’
807 2619 906 2653 ὠφέλι-

123 2673 186 2699 μον·
204 2666 251 2692 καὶ
271 2665 334 2697 τοὺς
353 2665 420 2700 αὺτῇ
445 2673 477 2699 γε
495 2666 658 2700 χρωμένους
674 2666 724 2692 οὐκ
750 2666 779 2692 ὲν
805 2658 904 2701 καιρῷ,

121 2711 172 2738 οὐδ’
193 2712 222 2737 ὲν
241 2712 345 2746 μέτρῳ,
372 2712 410 2746 μὴ
436 2713 501 2747 παρ’
517 2711 616 2746 αὐτῆς,
639 2705 701 2738 ⁴ἀλλ’
724 2711 831 2738 οτκοθεν
855 2712 905 2746 τὴν

122 2757 219 2792 βἎάσην
241 2757 414 2793 δεχομένους,
431 2758 469 2790 ὡς
495 2759 566 2793 σφᾶς
593 2758 692 2789 αὐτοὺς
719 2758 904 2790 ἐκδεδωκότας

119 2806 176 2836 ταῖς
203 2805 423 2840 παραχρήσεσιν.
447 2805 524 2832 Ἐπεὶ
547 2806 593 2832 καὶ
617 2805 705 2831 πάντα
720 2803 767 2830 τοῦ
795 2803 853 2839 βίου
872 2804 904 2832 τὰ

122 2851 207 2885 ama
224 2852 263 2884 εὶς
277 2851 360 2879 κακὸν
374 2852 417 2885 ἂν,
434 2852 472 2884 ὡς
486 2853 584 2885 εἰπεῖν,
600 2850 759 2888 μεταϐάλοι,
773 2851 800 2877 εί
816 2859 858 2882 τις
871 2859 903 2886 γε

962 2395 1013 2415 nec
1030 2395 1138 2414 onmem
1154 2387 1306 2414 orationem
1321 2391 1395 2413 tuam
1410 2385 1502 2417 laudo,
1517 2393 1566 2412 nec
1584 2386 1610 2412 in
1623 2387 1749 2414 omnibus

962 2433 1144 2468 reprehendo.
1156 2433 1236 2466 Atqui
1250 2432 1272 2458 si
1292 2431 1346 2458 tuis
1355 2438 1404 2466 ego
1420 2432 1557 2459 assentiar
1573 2440 1604 2459 ex
1620 2433 1745 2465 semisse,

963 2485 1047 2514 tuque
1063 2478 1184 2505 vicissim
1203 2479 1230 2505 in
1250 2477 1318 2504 meis
1335 2477 1406 2504 idem
1434 2477 1542 2509 feceris,
1571 2478 1641 2504 alter
1667 2478 1745 2505 alteri

962 2525 1120 2552 consentire
1145 2523 1391 2557 deprchendemur,
1408 2525 1453 2559 qui
1472 2523 1699 2558 pulcherrimam,
1719 2529 1747 2550 et

962 2571 1071 2602 bonam,
1087 2574 1113 2597 et
1124 2569 1216 2596 utilem
1232 2569 1408 2602 prmdicemus
1424 2577 1456 2596 ac
1467 2570 1674 2604 pronuntiemus
1686 2577 1745 2596 eam

959 2617 1123 2651 voluptatem
1137 2623 1197 2650 qua:
1214 2616 1380 2648 necessaria,
1397 2624 1457 2651 qua:
1469 2616 1570 2643 decens
1585 2623 1617 2643 ac
1633 2616 1747 2642 honesta

959 2664 1015 2695 sit;
1033 2663 1145 2697 viceque
1166 2669 1243 2690 versa
1264 2670 1317 2690 non
1333 2663 1488 2696 honestam,
1506 2670 1556 2689 nec
1572 2663 1680 2694 bonam.
1698 2670 1747 2690 nec

960 2709 1066 2741 utilem,
1083 2715 1143 2742 qua:
1159 2707 1268 2734 modqu
1286 2709 1400 2735 excellat
1417 2713 1444 2735 et
1466 2715 1564 2743 expers
1581 2709 1616 2735 sit
1631 2708 1722 2735 decori
1738 2716 1745 2735 :

959 2756 1005 2791 qui
1018 2755 1136 2789 denique
1152 2755 1291 2789 voluptate
1305 2762 1357 2781 non
1372 2759 1524 2789 opportune
1539 2762 1589 2781 nec
1606 2755 1745 2781 moderate

959 2807 1081 2834 utantur,
1100 2809 1211 2829 cosuou
1228 2808 1242 2827 a
1260 2801 1406 2835 voluptate,
1424 2801 1471 2827 sed
1487 2801 1587 2836 seipsis
1603 2801 1746 2827 detrimen-

961 2854 1014 2877 tum
1032 2849 1166 2884 accipcrc,
1186 2855 1247 2876 cum
1272 2848 1375 2883 scipsos
1390 2848 1519 2876 abusibns
1535 2848 1645 2882 dedant,
1660 2855 1742 2882 quau-
