1937 3078
113 142 169 174 485

830 138 975 170 ORATIO
992 140 1040 171 Vl.

1683 141 1736 174 486

109 201 202 236 ὁργῶν
228 200 275 228 καὶ.
295 199 472 236 φλεγμαῖνον.
498 200 552 227 Καὶ
571 199 662 230 ἁπλῶς
687 198 714 224 δὲ
733 199 815 225 adisti;
831 196 897 231 ἑξῆς

954 197 1069 225 laeserit.
1102 197 1298 232 Impontndum
1323 202 1413 225 autem
1438 198 1540 226 vulneri
1571 200 1737 226 conveniens

109 247 182 274 οὕτω
194 256 225 281 γε
242 246 389 283 βοηθητέον
407 247 465 278 ταῖς
481 246 601 281 γνησίοις
619 245 767 280 βοηθείαις,
784 245 832 271 κλὶ
845 246 896 272 οἰκ

110 293 279 329 ἀπᾳδούσαις
302 293 348 320 τοῦ
368 293 515 329 χρῄζοντος
537 293 586 327 τῆς
610 291 676 327 παρ⁷
690 292 768 326 ἡμῶν
785 299 896 325 συμμα-

109 340 182 374 χίας.
201 339 306 371 Ἀλλως
323 339 375 374 γὰρ
401 339 434 366 ἂν
455 339 498 373 εἴη
525 338 592 374 μηδὲ
619 339 755 373 ἐγχειρεῖν
773 337 895 372 ἄμεινον’

110 385 212 420 βλάψαι
228 385 283 420 γὰρ
306 385 350 417 ἂν,
373 386 424 412 οὐκ
449 385 545 420 ὀνήσει
559 385 623 415 τοὺς
647 383 692 417 ὑφ’
711 383 788 418 ἡμῶν
805 391 836 416 γε
852 383 898 417 δῆ‹

109 431 156 458 θεν
181 431 391 466 βοηθουμένους.
408 431 445 458 Οὐ
471 431 590 466 χαλεπὸν
613 430 640 456 δὲ
659 428 735 464 οἶμαι
761 430 851 459 εὑρεῖν
866 430 897 455 τδ

109 477 280 511 κατάλληλον
301 476 381 502 τοῦτο
404 477 561 510 φάρμακον.
585 476 707 510 Χορηγεῑ
723 475 776 510 γὰρ
791 474 897 500 οἴκοθεν

109 522 203 558 αὖτὸή
220 522 267 550 τοῦ
291 523 418 557 Σωτῆρος
438 522 643 558 φιλανθρωπία,
661 523 677 556 ἡ
698 521 768 555 μόνη
786 520 897 547 πάντων

111 567 203 602 ἰατρὸς
231 567 284 593 τῶν
311 576 343 601 γε
364 567 494 594 τοιούτων
522 565 769 603 ἀρρωστημάτων·
801 562 836 601 ἦς
861 563 896 590 τὰ

110 615 301 649 ἁμαρτήματα
316 615 370 641 τῶν
391 614 545 649 ἀνθρώπων
560 614 687 640 τοσοῦτον
701 613 811 638 ἔλαττον
827 612 895 646 ἔχει,

109 661 173 686 ὅσον
195 661 250 687 οὐδ’
271 661 346 687 ἐστιν
371 660 569 695 ἐνθυμηθῆναι.
587 659 664 685 Ὥστ¹
687 658 741 684 ἀπὸ
762 657 896 692 βαλϐῖδος,

111 707 188 738 φασὶ,
204 705 234 732 τὺ
253 705 418 741 ζητούμενον
436 706 503 739 ἡμῖν
520 704 646 739 εὓρηται.

951 243 1179 270 medicamentum
1205 249 1280 277 puto,
1300 243 1436 278 siquidem
1462 244 1487 270 id
1509 244 1606 271 sedare
1622 244 1738 270 velimus

951 295 982 314 ac
1001 295 1108 320 sanare,
1129 296 1182 315 non
1208 296 1255 322 per
1274 296 1304 317 se
1332 295 1440 317 tumens
1464 293 1491 316 et
1506 295 1626 317 wstuans
1653 290 1738 323 magis

950 333 1032 360 etiam
1043 334 1189 362 contrariis
1198 335 1374 363 exacerbare.
1388 334 1555 370 Simpliciter
1569 340 1660 362 autem
1674 343 1738 362 cutt-

950 380 1003 407 ctis
1016 380 1068 408 hoc
1083 381 1163 408 modo
1179 383 1393 409 succurrendum
1411 382 1512 409 nativis
1529 382 1668 412 remediis,
1681 386 1707 408 et
1723 389 1737 408 a

951 428 1050 462 quibus
1074 428 1118 455 ille
1133 436 1186 455 non
1203 429 1359 462 abhorreat,
1382 430 1484 457 auxilio
1500 430 1545 464 qui
1561 435 1653 456 nostro
1667 429 1738 456 indi-

951 480 1004 510 get.
1023 474 1091 502 Nam
1117 476 1263 510 ceteroqui
1285 477 1454 510 pra‘slilerit,
1475 476 1544 503 nihil
1562 484 1611 504 nos
1625 476 1737 502 omnino

951 521 1051 554 moliri,
1061 521 1160 556 quippe
1175 522 1381 554 detrimentum,
1393 530 1444 550 non
1459 522 1672 550 emolumentum
1689 530 1737 549 ac-

951 565 1072 599 ciperent
1097 566 1198 599 quibus
1214 566 1342 593 adhibere
1358 567 1509 594 remedium
1529 567 1668 594 vellemus.
1682 567 1737 594 Nec

951 611 1064 637 inventu
1093 610 1201 638 diﬂicile
1229 612 1394 639 conveniens
1418 613 1482 640 illud
1510 613 1735 640 medicamentum

951 656 1080 683 arbitror.
1097 656 1201 684 Etenim
1220 657 1245 684 id
1267 664 1298 684 ex
1315 665 1375 685 sese
1392 659 1548 692 suppeditat
1570 659 1628 692 ipsa
1644 658 1738 684 Salm-

950 702 1017 729 toris
1034 710 1097 737 erga
1114 710 1164 730 nos
1181 703 1337 736 clementia,
1362 711 1421 738 quae
1439 705 1496 732 sola
1513 705 1619 732 cunctis
1642 705 1738 740 hujus-

111 754 184 780 modi
199 753 302 780 morbis
316 753 450 784 medetur,
467 757 493 779 et
506 759 558 786 qua
576 756 651 778 tanto
670 755 732 777 sunt
747 750 876 777 inferiora
892 749 1049 776 mortalium
1062 749 1170 782 delicta,
1190 756 1321 785 quantuni
1337 758 1370 778 ne
1385 752 1531 786 cogitando
1546 751 1655 786 quidem
1671 758 1737 778 con-

112 801 164 835 cipi
188 805 285 835 potest.
311 799 481 835 Quapropter
509 799 543 826 ab
571 799 628 833 ipso
656 798 760 829 limine,
793 797 865 831 quod
897 796 983 830 aiunt,
997 797 1136 824 inventum
1153 798 1230 825 nobis
1244 798 1578 833 estquodquaerebamus.

153 848 224 875 Ἀλλ’
242 848 256 874 ὁ
280 847 354 874 δεῖνά
377 855 421 881 γε,
445 846 538 881 φησιν,
560 845 644 880 ὕψους
673 845 833 881 ἁπεῤῥᾶγη,
847 845 895 872 καὶ

984 845 1018 871 At
1033 845 1105 871 enim
1120 845 1175 876 ille,
1195 845 1268 872 dicet
1283 845 1395 879 aliquis,
1418 846 1528 873 avulsus
1549 849 1590 872 est
1608 846 1640 872 de
1653 844 1739 872 subli-

112 894 276 930 κατηνέχθη.
292 895 339 922 καὶ
362 894 458 929 γέγονέ
474 902 498 920 τι
518 893 618 928 πτῶμα
638 893 723 919 δεινὸν
739 893 825 919 armat
840 894 897 923 τοῖς

954 891 997 924 mi,
1030 891 1212 926 deorsumque
1238 893 1349 927 lapsus,
1376 900 1407 920 ac
1436 893 1522 919 ruinae
1553 891 1738 927 spectaculum

111 941 207 968 τοῦτον
231 942 328 977 ὁρῶσι.
345 941 400 968 Καὶ
423 941 449 967 τί
471 941 549 967 ταυτὶ
576 940 644 975 προς
668 939 698 966 τὸ
724 939 896 972 ἀπογνῶναις

112 988 283 1023 Βουληθῆναι
305 987 344 1014 δεῖ
370 987 460 1022 μόνον,
475 987 524 1013 καὶ
549 986 616 1021 πρὸς
645 985 683 1020 τῷ
713 985 899 1019 ἀπονίψασθαι

110 1035 146 1060 τὰ
169 1034 242 1060 κακὰ
269 1033 316 1060 καὶ
341 1032 451 1067 πτηνῶν
473 1033 505 1059 ἂν
518 1031 612 1066 τάχιον
626 1032 669 1057 ἐπ’
683 1031 769 1066 αὐτὴν
780 1031 828 1064 τὴν
845 1030 899 1057 τῶν

110 1081 203 1107 καλῶν
220 1079 326 1106 ἀνέλθοι
345 1078 478 1114 κορυφήν,
495 1078 574 1111 Λέγω
598 1078 627 1103 δὲ
642 1077 770 1112 βούλησιν
787 1076 833 1103 νῦν
851 1076 900 1110 τὴν

109 1127 157 1153 διὰ
179 1127 233 1153 τῶν
258 1125 347 1160 ἔργων
369 1124 615 1159 μαρτυρουμένην⁸
632 1123 662 1150 οὺ
676 1124 730 1157 γὰρ
745 1123 830 1153 ἔστιν,
850 1122 901 1148 οὐκ

110 1173 189 1199 ἐστιν
208 1172 245 1203 ὼς
261 1171 381 1206 ἀληθῶς,
399 1171 579 1206 θελήσαντας,
593 1171 741 1204 ἀποτυχεῖν
765 1168 812 1196 τοῦ
838 1177 900 1195 σκο-

111 1219 176 1246 ποῦ.
198 1218 246 1246 Ἐκ
271 1218 326 1252 γὰρ
353 1217 402 1244 τοῦ
427 1217 464 1252 μὴ
492 1216 636 1249 βούλεσθαι
659 1216 766 1251 ἰαθῆναι
793 1215 826 1242 τὰ
850 1215 900 1249 τῆς

110 1264 202 1299 ψυχῆς
231 1263 384 1298 παθήματα
411 1263 552 1297 ἐπιμένειν
581 1262 678 1289 εἴωθεν
704 1263 791 1297 ἡμῖν’
812 1262 849 1291 ὡς
867 1261 901 1288 ἃν

112 1309 286 1344 ἀντιστῶμεν
299 1309 441 1342 γενναίως,
460 1308 522 1335 οὐδὲ
536 1308 586 1344 τὴν
607 1308 695 1344 ἀρχὴν
719 1307 899 1343 εισκωμάζει.

113 1356 151 1382 T6
168 1364 197 1382 τε
212 1356 266 1390 γὰρ
279 1355 430 1389 γεγονέναι,
446 1354 476 1380 τό
490 1363 518 1381 τε
536 1354 770 1389 διαμεμενηκέναι
785 1354 900 1386 κακοὺς,

113 1402 161 1428 καὶ
190 1400 223 1428 αὖ
249 1401 280 1427 τὸ
305 1400 423 1435 ἀγαθοὺς
446 1397 527 1431 εἶναι,
553 1400 600 1426 καὶ
625 1400 778 1435 διαρκέσαι,
793 1400 901 1427 οἴκοθεν

73 1457 77 1460 ι
114 1448 208 1482 σαφῶς
225 1448 280 1479 τοῖς
294 1446 458 1482 ἀνθρώποις.
473 1446 511 1474 Οὺ
525 1447 580 1482 γὰρ
594 1446 663 1479 ἔστι,
679 1446 779 1478 καλοὺς
794 1446 901 1472 ἐθέλον-

113 1503 164 1524 τας
190 1491 270 1526 εἶναι,
298 1493 352 1520 τινὶ
377 1493 433 1519 τῶν
471 1492 590 1527 θύραθεν
620 1492 767 1526 βιασθῆναι
798 1493 900 1524 κακοὺς

113 1539 241 1573 γενέσθαι
256 1546 263 1554 ·
287 1539 348 1565 οὐδὲ
373 1539 491 1573 φαύλους
513 1539 660 1572 γεγονότας
691 1538 736 1565 διὰ
765 1538 900 1573 κακίστην

115 1570 285 1620 προαίρεσιν,
295 1585 353 1613 εἶτα
367 1570 403 1621 μὴ
419 1570 612 1620 διορθωίὶῆ-ναι,
624 1586 704 1612 τοῦτο
722 1570 900 1620 θελήσαντας.
914 1570 936 1602 C

116 1632 172 1659 Καὶ
191 1632 216 1658 si
231 1631 310 1658 τοῦτό
325 1640 356 1666 γε
375 1631 486 1666 ἀληθὲς,
503 1630 618 1666 εὓρηται
635 1632 664 1658 τὸ
680 1631 837 1666 φάρμακον,
855 1632 903 1658 καὶ

115 1679 132 1713 ἡ
151 1679 200 1711 τῆς
223 1677 407 1712 ἀπογνώσεως
425 1678 587 1713 ὑπεχώρησε
611 1677 699 1708 νόσος.
714 1678 779 1710 Ναὶ,
797 1678 880 1712 φησίν
894 1684 901 1693 ⁸

116 1723 174 1750 ἀλλ’
186 1720 262 1754 cini;
277 1732 309 1758 γε
327 1725 340 1751 ὁ
357 1723 478 1758 σχέτλιος
490 1724 664 1759 τραυματίας
679 1724 775 1758 γέγονε
792 1725 902 1751 πάντων

117 1770 181 1805 ἑξῆς
206 1770 262 1796 τῶν
286 1770 401 1797 παθῶν·
420 1771 468 1797 καὶ
494 1770 627 1801 πολλάκις
657 1769 754 1800 ἰαθεὶς.
770 1770 904 1801 πολλάκις

117 1818 200 1844 πάλιν
215 1817 357 1852 τέτρωται.
377 1817 431 1842 Καὶ
445 1816 503 1848 πῶς
520 1816 553 1843 ἂν
570 1816 626 1851 ἔχοι
641 1816 842 1851 διοροωοῆναι;
857 1817 902 1851 Μὴ

117 1863 283 1898 ἀπογνῶμεν
306 1863 351 1889 τδν
374 1863 529 1897 ἄνθρωπον.
557 1863 608 1889 ’Ἂν
628 1862 683 1896 γὰρ
705 1863 720 1897 ἡ
747 1863 843 1897 καιρία
866 1863 903 1898 μὴ

117 1910 318 1945 παραγένηται,
333 1909 381 1944 τὴν
403 1909 559 1943 ἀπόγνωσιν
585 1908 668 1943 λέγω.
687 1909 797 1944 ἰάσιμόν
820 1917 852 1943 γε
874 1909 904 1935 τδ

119 1955 206 1986 πάθος
226 1955 282 1986 τοῖς
296 1954 469 1989 βουλομένοις
485 1954 533 1989 τὴν
550 1954 671 1989 ίατρείαν
688 1954 813 1988 ἀσμένως
827 1953 904 1986 δέξα-

119 2000 193 2027 σϐαι.
209 1999 239 2026 El
264 1999 317 2034 γὰρ
345 1998 382 2034 μὴ
406 1999 502 2026 τοῦτον
523 1999 568 2026 τὸν
590 2000 692 2033 τρόπον
713 1997 769 2034 εἶχε
794 1999 827 2026 τὰ
844 2000 904 2026 καθ’

117 2047 204 2080 ἡμᾶς,
222 2045 275 2072 οὐδ’
297 2045 330 2072 ἂν
351 2043 392 2076 εἷς
420 2045 530 2077 πάντως
554 2045 656 2080 ἐσώθη.
678 2046 722 2076 Ὠς
741 2045 796 2080 γὰρ
818 2046 905 2077 οὐδεὶς

118 2092 230 2126 ἀγαθδς,
256 2092 327 2118 κατὰ
355 2091 400 2117 τὸν
427 2092 499 2118 θεῖον
526 2092 662 2126 χρησμὸν,
688 2091 742 2118 οὐδ’
766 2092 905 2127 ἁμαρτίας

117 2138 202 2169 ὅντως
218 2137 369 2172 ἐλεύθερος,
382 2137 434 2164 κᾶν
448 2137 607 2172 ὑπερϐάλλῃ
623 2137 712 2172 πολλῷ
728 2139 791 2169 τοὺς
809 2137 905 2168 ἄλλους

118 2185 158 2215 είς
172 2184 283 2219 ἀρετήν.
301 2184 396 2218 Δεήσει
409 2183 501 2210 τοίνυν
519 2183 664 2210 ἆπκσιτοῦ
681 2183 831 2218 φαρμάκου
848 2193 906 2210 του-

951 938 1028 965 triste
1044 938 1284 966 factttsnniversis.
1299 939 1368 972 Quid
1381 938 1452 966 istaec
1464 940 1496 965 ad
1510 937 1740 973 desperationem?

951 984 1098 1012 Vuluntate
1126 985 1257 1012 duntaxat
1281 993 1348 1020 opus
1374 985 1519 1014 esta::imi.
1548 993 1601 1020 qtta
1629 985 1683 1018 ﬁet,
1710 988 1740 1011 ιιι

951 1030 1061 1057 ablutus
1080 1039 1094 1057 a
1111 1031 1186 1058 vitiis
1203 1031 1287 1058 etiam
1306 1039 1387 1066 supra
1405 1033 1551 1059 volucrum
1568 1032 1738 1059 celeritatem

952 1077 985 1103 ad
1008 1077 1095 1111 ipsum
1126 1077 1261 1104 bonorum
1277 1078 1383 1105 culmen
1410 1078 1551 1105 ascendat.
1567 1078 1738 1104 Volnntatem

950 1130 1016 1150 vero
1046 1131 1118 1151 ttuttc
1133 1131 1192 1150 eam
1212 1124 1272 1150 dico
1285 1132 1345 1158 qua:
1364 1123 1519 1151 testimonia
1536 1124 1671 1150 factorum
1687 1123 1738 1150 ha-

952 1170 1018 1201 bet;
1046 1170 1146 1205 quippe
1177 1170 1234 1197 fieri
1263 1170 1366 1205 nequit,
1382 1171 1475 1205 neqttit
1493 1170 1605 1197 omnino
1620 1170 1689 1201 ﬂeri,
1708 1173 1738 1196 ut

952 1217 997 1250 qui
1016 1217 1285 1252 voluerint,scopum
1304 1224 1357 1244 non
1373 1217 1517 1252 attingant.
1535 1216 1602 1243 Nam
1616 1216 1678 1251 quia
1693 1223 1739 1243 sa-

953 1266 1012 1291 nari
1029 1264 1165 1296 nolumus,
1188 1264 1288 1291 idcirco
1306 1265 1332 1291 itt
1354 1264 1432 1291 nobis
1451 1263 1534 1291 animi
1550 1263 1613 1290 vitia
1639 1263 1740 1290 durare

953 1315 1169 1340 consueverunt:
1186 1311 1286 1345 quippe
1308 1310 1330 1337 si
1352 1310 1511 1337 resistamus
1529 1309 1647 1342 fortiter,
1664 1316 1741 1343 pror-

951 1363 998 1383 sus
1012 1357 1038 1383 in
1055 1357 1162 1384 animos
1170 1364 1200 1384 ea
1217 1365 1268 1384 non
1281 1356 1441 1391 pervadunt.
1456 1357 1559 1384 Etenim
1576 1360 1607 1383 ut
1631 1357 1697 1383 ﬁant
1713 1359 1741 1383 et

952 1408 1080 1431 maneant
1090 1403 1164 1437 mali,
1179 1403 1326 1438 itidemque
1342 1407 1370 1429 ut
1381 1402 1443 1430 boni
1456 1403 1509 1430 sint
1523 1409 1554 1429 ac
1565 1406 1742 1437 perseverent

952 1450 980 1478 in
995 1451 1077 1483 bono,
1089 1450 1170 1478 dubio
1183 1450 1277 1485 procul
1290 1457 1322 1477 ex
1338 1457 1398 1477 sese
1411 1449 1540 1477 mortales
1550 1449 1661 1476 habent.
1672 1448 1742 1476 Nam

953 1495 1011 1523 ﬁeri
1027 1497 1122 1531 nequit
1135 1501 1163 1522 ut
1180 1495 1224 1530 qui
1241 1496 1303 1523 boni
1324 1502 1385 1523 esse
1401 1495 1505 1527 volunt,
1521 1496 1553 1523 ab
1569 1500 1699 1522 extranea
1713 1501 1743 1522 re

953 1543 1079 1577 quapiam
1091 1547 1221 1577 cogantur
1234 1543 1350 1570 evadere
1361 1543 1435 1574 ntali,
1445 1550 1496 1570 nec
1507 1547 1534 1570 ut
1545 1542 1561 1569 ii
1575 1543 1620 1577 qui
1631 1542 1743 1570 electio-

954 1597 987 1616 ne
1004 1589 1084 1615 animi
1095 1589 1212 1623 pessima
1225 1589 1287 1615 tnali
1300 1588 1362 1616 facti
1373 1594 1448 1620 sunt,
1460 1588 1558 1616 deinde
1575 1596 1627 1615 non
1651 1596 1743 1616 emen-

954 1635 1063 1667 dentur,
1074 1635 1095 1662 si
1112 1635 1220 1669 quidem
1235 1635 1261 1661 id
1277 1634 1421 1662 voluerint.
1429 1635 1516 1669 Atque
1528 1635 1579 1662 ltoc
1590 1642 1654 1662 sane
1665 1635 1687 1662 si
1698 1641 1746 1662 ve-

955 1689 1014 1708 rum
1027 1686 1077 1713 est,
1089 1681 1228 1708 inventum
1239 1685 1282 1708 est
1299 1680 1535 1712 medicamentum,
1547 1681 1656 1715 jamque
1670 1688 1744 1708 mor-

955 1728 1006 1755 bus
1023 1727 1067 1754 ille
1091 1727 1289 1762 desperationis
1310 1727 1396 1753 victus
1418 1717 1561 1754 abscessit.
1577 1727 1648 1754 Sane
1665 1735 1740 1757 vero.

955 1774 1059 1808 inquiet
1089 1774 1206 1807 aliquis:
1233 1779 1260 1800 at
1278 1774 1360 1800 miser
1381 1772 1430 1800 iste
1456 1773 1543 1800 factus
1558 1779 1598 1800 est
1616 1773 1744 1801 omnibus

954 1821 1036 1856 plane
1053 1820 1124 1847 vitiis
1149 1820 1294 1852 obnoxius,
1319 1819 1473 1854 saepiusque
1488 1825 1610 1851 sanatus.
1645 1821 1745 1847 multo-

956 1866 1006 1893 tics
1021 1866 1114 1892 eadem
1128 1870 1256 1900 expertus
1266 1869 1308 1892 est
1322 1865 1432 1891 vulnera
1445 1872 1579 1900 ;quonam
1594 1864 1675 1900 igitur
1685 1866 1744 1893 lieri

955 1916 1037 1947 pacto
1054 1911 1139 1946 possit
1153 1911 1369 1938 utentendctur?
1386 1909 1564 1945 Nequaquam
1580 1912 1611 1938 de
1628 1911 1739 1938 homine

957 1956 1147 1991 desperemus.
1178 1956 1284 1990 Quippe
1310 1956 1333 1983 si
1350 1955 1428 1983 letale
1449 1957 1547 1984 vulnus
1578 1958 1650 1985 haud
1670 1959 1744 1985 adsit

959 2002 1187 2039 (desperationem
1207 2008 1296 2029 autem
1311 2002 1462 2038 intelligo).
1480 2004 1611 2032 sanabilis
1632 2005 1743 2032 morbus

959 2054 1001 2077 cst
1017 2050 1042 2076 in
1060 2048 1093 2076 iis
1105 2049 1151 2083 qui
1164 2048 1327 2076 medicinam
1343 2049 1468 2077 lubenter
1476 2051 1618 2078 admittere
1633 2051 1742 2085 volunt;

959 2096 1059 2131 quippe
1084 2096 1106 2123 si
1125 2096 1218 2122 nonin
1235 2096 1309 2123 hunc
1325 2097 1434 2124 modum
1451 2101 1612 2131 comparatae
1629 2104 1672 2125 res
1692 2105 1743 2124 no-

959 2147 1024 2170 strze
1039 2141 1137 2172 forent,
1164 2149 1214 2169 nec
1227 2149 1296 2169 unus
1311 2142 1422 2170 omnitto
1440 2142 1531 2170 Salvus
1548 2142 1691 2170 evasisset.
1709 2143 1744 2171 Ut

959 2188 1031 2215 enim
1046 2195 1124 2214 nemo
1140 2187 1227 2215 bonus
1242 2192 1294 2220 est,
1309 2188 1455 2215 secundum
1468 2188 1532 2215 illud
1547 2187 1666 2215 divinutn
1681 2196 1744 2216 ora-

117 2230 175 2257 τουτ
186 2238 194 2246 ”
209 2229 256 2255 καὶ
270 2229 365 2255 τούτου
379 2229 548 2264 καταλλήλου
559 2229 770 2265 τετυχηκόςι,τὸ
783 2230 901 2256 εὐεκτεῐν

958 2233 1059 2265 culmn,
1079 2233 1114 2260 ita
1132 2240 1181 2260 nec
1191 2240 1289 2267 reapse
1301 2233 1363 2268 quis
1380 2234 1509 2260 immunis
1524 2241 1539 2261 a
1562 2239 1683 2268 peccato,
1701 2240 1743 2266 ta-

118 2275 198 2305 εὺθέις
213 2274 313 2302 ἔπεισι.
331 2274 389 2301 Κάν
405 2283 447 2306 τις
465 2275 617 2309 ἀνθρώπων
641 2276 795 2311 ὕπερελάσῃ
816 2276 905 2310 πολλῷ

118 2321 157 2355 τῷ
177 2321 270 2356 μέτρῳ
280 2320 350 2354 ὁμοῦ
366 2321 428 2352 τοὺς
442 2321 521 2352 Evn;
537 2321 583 2347 καὶ
600 2321 747 2355 γεγονότας
761 2323 807 2348 ἐπὶ
821 2322 906 2358 κακίᾳ

119 2366 313 2402 βεϐοημένους,
343 2367 449 2401 θρήνων
480 2367 530 2401 μὲν
555 2369 595 2394 ὅτι
618 2367 723 2394 πολλῶν
748 2369 762 2394 ὁ
785 2368 905 2398 τοιοῦτος

118 2414 192 2446 ἄξιος
206 2413 242 2444 ὡς
262 2413 368 2448 ἀληθῶς
381 2413 502 2448 γέγονεν,
522 2414 561 2440 ὅτι
577 2413 661 2444 καλὸς
672 2414 720 2440 καὶ
734 2413 777 2440 ἐπ’
792 2414 905 2448 ἀγαθοῖς

119 2459 341 2494 δημιουργηοεις,
357 2461 371 2487 ὁ
394 2459 422 2486 δὲ
441 2460 546 2487 πολλῶν
570 2459 641 2486 ἑκὼν
659 2460 752 2486 κακῶν
769 2461 816 2495 τὴν
840 2462 904 2487 ἑαυ-

119 2505 166 2531 τοῦ
193 2505 283 2540 ψυχὴν
304 2505 462 2540 ἐνέπλησεν,
478 2505 515 2537 ὡς
535 2505 622 2538 οὐδεὶς
648 2505 752 2541 ἕτερος.
768 2507 842 2540 Πλὴν
859 2507 905 2533 καὶ

118 2547 197 2583 οὗτός
213 2560 243 2585 γε
263 2552 354 2585 αὐτὸς,
372 2552 404 2578 ἂν
426 2552 541 2587 ἐραστὴς
562 2553 749 2586 μανικώτατος
768 2553 817 2588 τῆς
836 2554 905 2585 ἰδίας

119 2598 290 2632 διορθώσεως
303 2598 427 2634 γένηται,
446 2599 470 2624 εἰ
499 2599 548 2632 μὲν
564 2598 688 2633 ἀπογνῷ,
706 2599 820 2634 εὐήθης,
837 2600 904 2634 μᾶλ-

119 2643 164 2670 λον
194 2644 222 2670 δὲ
244 2644 369 2680 ἀνόητος,
395 2645 443 2680 τὴν
472 2645 679 2680 φιλανθρωπίαν
703 2646 754 2680 τὴν
778 2645 904 2680 ἄπειρον,

121 2691 259 2726 ἁμαρτίας
273 2691 360 2726 πέρας
378 2691 505 2727 ἐχούσης,
520 2692 594 2728 ἥττω
607 2692 735 2727 νομίσας.
753 2692 784 2718 Εἰ
798 2692 827 2719 δὲ
843 2692 904 2727 Θεῷ

122 2737 261 2774 θαρρήσας
277 2738 379 2771 οὑτοσὶ,
394 2739 449 2765 τῶν
469 2738 520 2773 μὲν
545 2739 639 2766 κακῶν
660 2739 808 2774 ἀποσταίη,
824 2739 904 2766 ἀνθέ-

122 2782 198 2814 ξεται
221 2783 250 2810 δὲ
280 2784 334 2811 τῶν
361 2783 451 2810 καλῶν
476 2785 524 2819 ὅση
547 2784 673 2819 δύναμις,
690 2784 765 2810 οὐδὲν
787 2784 904 2811 κωλύσει

122 2829 216 2855 τοῦτον
232 2830 387 2861 ἐπανιόντα,
403 2830 452 2865 τὴν
469 2831 604 2864 προτέραν
619 2831 788 2859 κατάστασιν
804 2832 906 2858 ἐπινοι-

122 2872 221 2906 λαῦξίν,
237 2874 253 2909 ἢ
267 2875 312 2902 καὶ
328 2875 417 2910 πολλῷ
431 2875 577 2911 παρελθεῖν
591 2883 597 2890 ·
612 2877 636 2902 εἰ
654 2875 685 2911 δὴ
699 2876 745 2902 καὶ
762 2876 902 2912 ὑπερϐολή

958 2279 1037 2306 metsi
1060 2279 1138 2314 longe
1167 2280 1274 2306 caeteris
1300 2280 1402 2307 virtute
1432 2283 1554 2314 praestet.
1573 2279 1745 2316 Quapropter

957 2325 1090 2352 universis
1114 2325 1165 2352 hoc
1189 2326 1396 2357 medicamento,
1427 2326 1585 2360 ptenitentla
1613 2326 1743 2360 inquam,

956 2378 1023 2406 opus
1046 2373 1119 2398 erit:
1136 2372 1207 2406 quod
1231 2372 1253 2399 si
1278 2372 1323 2406 qui
1362 2372 1416 2400 tale
1441 2372 1513 2399 nacti
1541 2373 1642 2400 fuerint
1664 2375 1745 2408 quale

956 2417 1035 2444 debet
1072 2424 1151 2450 esse,
1181 2426 1243 2444 mox
1279 2422 1351 2444 recta
1389 2418 1516 2445 valetudo
1553 2425 1742 2453 recuperatur.

956 2462 1070 2490 Etiamsi
1083 2463 1145 2498 quis
1166 2463 1258 2490 multis
1275 2463 1362 2490 modis
1372 2468 1399 2490 et
1415 2471 1461 2490 eos
1477 2464 1523 2498 qui
1542 2472 1615 2492 nunc
1629 2470 1701 2499 sttut,
1718 2470 1745 2493 et

956 2509 1001 2544 qui
1033 2509 1140 2536 fuerunt
1169 2517 1201 2536 ex
1224 2509 1373 2536 vitiositate
1400 2509 1531 2542 celebres,
1563 2513 1743 2546 superaverit,

957 2555 1048 2582 multis
1066 2555 1110 2581 ille
1123 2555 1230 2589 quidem
1257 2555 1385 2589 lacryutis
1414 2563 1507 2583 revera
1536 2557 1644 2591 dignus,
1673 2559 1744 2592 quod

956 2609 1017 2628 cum
1037 2606 1064 2628 et
1080 2601 1164 2628 bonus
1177 2605 1204 2628 et
1223 2602 1255 2628 ad
1266 2601 1335 2628 bona
1353 2602 1487 2635 conditus,
1515 2609 1611 2637 sponte
1623 2612 1671 2630 sua
1686 2604 1746 2638 plu-

957 2649 1031 2675 ribus
1042 2649 1161 2674 animnm
1177 2647 1349 2682 vitiis,quam
1369 2648 1437 2676 alius
1451 2650 1747 2685 quisquam,impleve-

956 2695 1010 2721 rit:
1031 2695 1077 2721 sed
1094 2692 1268 2721 nihilominus
1292 2693 1374 2726 idem,
1406 2695 1487 2721 modo
1510 2695 1601 2722 studio
1629 2697 1745 2729 quodam

956 2739 1052 2766 insano
1067 2739 1262 2766 correctionem
1277 2746 1353 2767 suam
1379 2740 1506 2773 sitiverit,
1522 2741 1545 2768 si
1568 2741 1675 2776 quidem
1701 2742 1747 2768 de-

956 2789 1057 2818 speret,
1073 2784 1188 2811 stulidus
1203 2789 1256 2817 est,
1271 2785 1313 2812 vel
1329 2793 1422 2813 amens
1448 2788 1548 2821 potius.
1565 2787 1611 2821 qui
1627 2788 1745 2814 divinant

957 2831 1029 2857 illam
1045 2830 1238 2864 benignitatem
1258 2831 1390 2859 inﬁnitam
1407 2839 1519 2867 peccato
1534 2833 1613 2860 linem
1631 2833 1747 2860 habente

957 2881 1031 2911 putet
1057 2876 1212 2905 interiercm
1238 2887 1245 2906 :
1271 2878 1313 2907 sin
1334 2878 1462 2907 collocata
1485 2880 1510 2907 in
1536 2879 1620 2908 Deum
1649 2879 1745 2907 ﬁducia
