1937 3078
228 181 280 214 491

811 175 1009 207 MANUELIS
1028 173 1251 205 PALEOlDGl

1788 167 1843 199 495

221 236 336 271 impellit
350 256 357 268 ,
372 235 475 268 absque
485 233 626 261 coactione
642 238 733 261 tamen
746 237 773 260 et
785 233 923 266 violentia,
936 233 1007 267 quod

1062 230 1137 262 Θεός.
1159 229 1304 264 Συγχωρεϊ
1325 228 1353 254 δὲ
1377 227 1456 254 τοῦτο
1482 225 1610 260 γενέσθαι
1634 224 1663 251 οὐ
1687 223 1729 251 διὰ
1751 224 1781 251 τὸ
1805 225 1846 251 δί-

221 284 259 311 lta
277 290 332 309 rem
347 280 404 308 lieri
420 280 529 308 minime
551 279 703 307 conveniat.
716 279 806 306 Animi
833 286 948 312 namque
963 287 1005 306 sa-

223 328 299 355 natio
315 326 418 354 medico
437 326 545 360 quidem
561 326 660 360 indiget
678 325 735 352 solo
749 324 818 358 Deo;
836 326 882 352 sed
898 325 1004 352 interim

221 380 312 400 rerum
341 379 374 399 ex
394 380 486 399 earttm
513 376 555 399 εει
584 377 694 398 numero
715 377 773 405 quas
808 378 822 397 il
846 375 939 398 110511⁸3
957 380 1006 398 νο-

1057 282 1134 302 καιον
1147 274 1351 309 μόνον,ἀλλ’ὂτι
1365 273 1412 300 καὶ
1424 272 1598 307 συμφέροντι
1609 271 1738 296 λανθάνον
1753 270 1834 304 μίγνυ

1057 329 1102 347 ται
1116 321 1176 352 ταῖς
1190 321 1345 347 κολάσεσιν.
1369 320 1401 345 'H
1429 319 1484 352 γὰρ
1509 318 1541 352 δὴ
1563 318 1628 351 περὶ
1649 317 1722 350 ἡμᾶς
1739 316 1847 342 ἐκείνου

1059 366 1214 401 χρηστότης
1229 364 1397 400 πανταχόθεν
1421 363 1573 398 ἀναγκάζει
1593 363 1673 389 ταυτὶ
1686 361 1845 387 πιστεᾷειι.

219 420 323 446 lunlale
337 419 464 455 pendent.
484 417 673 452 Oportetenim
691 417 806 452 primum
838 417 939 445 habere
962 426 1070 448 sensum
1096 422 1288 449 imbecillita'is
1313 429 1379 455 suae,
1404 420 1502 448 deinde
1529 427 1610 447 nosse
1646 418 1794 449 medicum.
1821 422 1850 446 et

220 467 252 494 ad
263 474 323 494 eutn
339 472 450 492 currere
466 464 545 497 velle,
561 465 584 491 si
605 465 651 499 qui
682 463 865 491 valetudinem
889 466 1021 501 integram
1060 469 1227 497 desiderant.
1254 470 1426 505 Quapropter
1450 469 1490 496 illl
1519 469 1565 502 qui
1594 467 1681 501 pomis
1713 466 1847 492 alliciendi

199 513 393 549 "sunt(neqne
412 519 483 540 nunc
491 511 523 538 de
539 511 663 539 ﬁdelibus
684 516 787 539 tantum
804 512 923 547 loquor).
939 513 1049 548 ipsimet
1059 517 1169 544 omnino
1180 517 1231 545 sibi
1244 519 1392 552 poenarum
1423 520 1550 544 auctores
1573 519 1645 546 sunt,
1679 521 1730 541 non
1765 513 1847 541 Deus.

219 561 263 593 qui
279 567 344 587 sane
356 559 488 594 permittit
505 558 646 597 hoc'ileri,
662 565 715 584 non
727 558 841 593 iustitiae
853 566 908 586 sua!
922 567 1003 587 causa
1024 565 1138 594 tantum,
1150 563 1197 590 sed
1209 564 1290 590 etiam
1306 564 1377 598 quod
1408 562 1509 597 aliquid
1537 562 1625 589 tacitae
1647 559 1771 587 utilitatis
1798 561 1848 587 ad‘

220 609 330 635 nti~tum
346 608 383 635 sit
404 607 470 642 ipsis
488 607 588 641 poenis.
617 606 683 633 Nam
707 607 760 634 hoc
787 607 824 634 uti
847 607 1002 641 credamus.
1023 611 1133 637 omnino
1154 603 1201 638 nos
1219 612 1304 646 ipsius
1327 620 1391 645 erga
1412 607 1462 638 nos
1481 610 1588 638 bonitas
1604 609 1687 643 cogil.

255 654 346 687 Quare
371 654 393 680 si
416 653 472 680 hate
484 653 520 680 ita
546 660 575 680 se
598 652 698 680 habere
728 653 855 680 videntur
872 654 1010 688 (videntur

220 705 309 728 autem
327 699 460 733 omnino),
482 705 598 734 quonam
614 703 693 733 pacto
709 697 749 725 l‘as
758 699 792 726 sit
808 702 837 725 ut
849 699 883 726 de
899 699 1010 726 homine

156 751 168 760 '
219 746 261 773 vel
278 745 440 778 pravissitno
455 750 537 780 atque
551 745 669 780 pessimo
693 744 720 771 in
738 744 788 771 hac
805 745 857 771 vita
883 745 944 779 quis
960 745 1009 772 de-

220 797 392 826 speret,cum
408 791 540 818 medelam
556 791 578 817 is
593 791 619 817 in
639 791 764 817 manibus
776 790 884 822 habeat,
907 792 1008 818 saluta-

220 845 277 864 retn
293 837 366 864 illam
380 837 578 871 paenitentiam,
595 837 664 864 sicut
680 841 707 863 et
719 844 800 871 supra
814 837 914 865 dictum
936 845 1008 863 ano-

221 883 263 910 bis
278 888 319 910 est
334 882 345 909 1
360 882 509 916 thnando
533 882 656 909 Salvator
673 882 729 916 ipse
753 883 832 909 nobis
862 883 1005 915 promittit,

1099 657 1130 684 El
1144 657 1191 683 οὖν
1204 657 1236 692 δὴ
1252 657 1340 684 ταῦτα
1355 657 1428 683 δοκεῖ
1442 656 1539 690 (δόξειε
1550 656 1573 682 δ’
1587 655 1620 682 ἂν
1638 655 1771 688 πᾶντωςὶ,
1794 650 1849 680 ποῦ

1062 703 1160 737 καιρὸν
1175 703 1237 737 ἔχον
1255 703 1323 736 ἐστὶ,
1340 703 1386 729 τὸν
1400 702 1527 729 ἐνταυθοῖ
1542 702 1712 736 φαυλότατον
1727 702 1776 727 καὶ
1790 701 1849 736 χεζ-

1064 755 1155 782 ριστον
1177 747 1346 781 ἀπογνῶναι,
1368 748 1396 774 ὲν
1411 748 1502 782 χεροῖν
1517 747 1547 773 τὸ
1573 746 1719 780 φάρμακον
1738 746 1847 781 ἔχοντα,

1059 793 1109 826 τὴν
1127 792 1268 825 σώζουσαν
1287 793 1444 828 μετάνοιαν,
1462 792 1500 823 ὡς
1516 793 1567 818 κάν
1588 793 1645 822 τοῖς
1662 791 1848 825 προλαϐοῦσιν

1058 840 1125 873 ἡμῖν
1141 839 1265 874 alyn-cat;
1294 838 1369 865 Ἐπεὶ
1383 838 1411 864 δὲ
1427 838 1474 864 καὶ
1492 839 1506 863 ὀ
1520 837 1689 872 Σωτὴρὴμῖν
1707 837 1848 870 ὑπισχνεῖ-

1059 892 1115 915 ται,
1127 883 1353 918 ἐπικαλουμένοις
1367 883 1448 914 εὐθὺς
1461 882 1642 916 παρέσεσθαι,
1654 881 1701 907 καὶ
1715 881 1849 916 πάρεστιν

222 935 251 955 se
266 927 521 955 moxinvocantibus
537 926 703 956 adfuturum,
720 926 841 960 adeoque
858 926 1009 961 inaspecta-

1062 929 1093 954 ἐκ
1105 913 1152 953 τοῦ
1165 913 1296 961 ἀφανοῖις.
1310 913 1359 954 καὶ
1373 927 1466 962 βοηθεῖ
1479 913 1605 960 φανερῶς
1617 925 1686 959 πρὸς
1697 925 1747 958 τὴν
1758 913 1850 960 σωτήι

223 973 313 1000 bilitcr
326 972 412 1004 adest,
429 975 455 999 et
469 970 611 998 manifesto
623 971 655 997 ad
672 971 816 997 salutarem
831 973 900 999 hanc
913 972 1010 999 volun-

224 1023 306 1046 tatem
322 1018 400 1052 jnvat
424 1024 518 1044 omnes
530 1015 575 1050 qui
602 1016 652 1042 hoc
680 1016 761 1043 abeo
790 1016 921 1051 ﬂagitant,
950 1018 1010 1051 quis

223 1064 345 1095 obsecro,
362 1062 414 1090 nisi
428 1065 601 1090 vehementer
622 1061 756 1093 insaniat,
772 1066 844 1089 recte
864 1063 904 1089 vel
922 1063 955 1090 de
967 1063 1009 1097 ja-

223 1110 345 1138 centibus
361 1109 456 1143 inipso
479 1109 611 1135 malorum
639 1107 745 1142 gurgite
760 1108 944 1142 desperaverit
959 1117 1009 1135 un-

223 1164 318 1193 quam,
327 1156 349 1184 si
359 1155 408 1183 soli
418 1154 607 1182 miscricordiu’
618 1154 798 1188 potestatique
812 1154 925 1182 ildentes
938 1155 1010 1182 illius

223 1202 268 1237 qui
285 1201 369 1236 gratis
381 1204 480 1232 servat,
503 1198 683 1233 resipiscam?
705 1197 885 1231 Quamobrem
907 1199 939 1225 de
951 1198 1010 1225 nul-

221 1249 257 1277 lis
275 1248 385 1275 omnino
405 1245 613 1281 desperandum.
631 1245 680 1271 nisi
703 1244 747 1278 qui
777 1251 872 1278 magna
895 1244 1010 1278 quadam

223 1295 330 1322 insania
347 1293 380 1321 de
390 1292 489 1326 seipsis
508 1292 695 1325 dcsperarunt.
716 1288 783 1316 Nam
800 1294 909 1323 propter
935 1297 1010 1317 acer-

222 1345 285 1367 :vum
314 1338 501 1371 multiplicium
517 1340 689 1370 peccatorum
716 1335 870 1368 desperare,
899 1334 1009 1362 stultum

223 1378 335 1411 omnino
354 1382 446 1415 fuerit,
467 1382 551 1408 donec
572 1381 654 1407 vitam
675 1380 745 1406 hanc
769 1384 930 1414 pra-sentem
956 1388 1008 1406 nott

225 1427 442 1462 deposuerimus.
459 1425 524 1452 Nam
541 1425 609 1452 velle
627 1425 709 1451 Deum
736 1424 924 1451 misericordia
954 1432 1011 1450 mo-

226 1479 282 1501 tum
296 1471 335 1499 uti
348 1474 482 1506 potestate
497 1476 543 1496 sua
557 1475 605 1503 pro
620 1468 652 1495 iis
672 1467 717 1502 qui
734 1473 795 1495 eum
812 1467 950 1499 invocant,
964 1474 1009 1493 sa-

226 1519 271 1550 tis,
282 1517 390 1551 opinor,
405 1518 616 1542 consentaneum
633 1517 693 1540 est:
712 1513 781 1539 idem
808 1513 830 1539 si
845 1512 909 1547 quid
922 1513 1010 1539 facere

227 1561 386 1594 volueril,in
399 1568 431 1588 eo
448 1559 615 1594 perﬁciunde
626 1558 728 1585 viribus
752 1563 779 1584 ut
794 1558 966 1589 destituatur,
980 1558 1008 1583 ii-
1025 1578 1045 1606 ε

226 1609 265 1637 eri
281 1607 354 1635 nullo
367 1607 445 1634 modo
458 1608 555 1640 potest.
569 1603 640 1630 Nihil
652 1604 732 1636 igitur
750 1603 783 1630 iis
807 1603 853 1635 qui
869 1603 971 1630 luerent
984 1605 1010 1630 in

226 1653 358 1690 peccatis,
371 1652 404 1679 ad
422 1652 473 1678 hoc
488 1650 574 1681 deest.
589 1653 617 1676 ut
631 1648 697 1676 salvi
716 1648 790 1681 (iant,
806 1656 886 1683 quam
905 1654 932 1675 ut
949 1656 1011 1683 gor-

228 1707 336 1728 manam
345 1704 425 1733 agere
433 1695 617 1732 pmnitentiam
629 1695 715 1723 velint
726 1701 734 1721 :
747 1695 848 1728 quippe
857 1694 902 1728 qui
913 1694 1009 1721 Jonam

227 1754 242 1773 e
256 1748 352 1772 ventre
374 1741 468 1769 bellum
480 1745 562 1774 atque
579 1739 633 1766 imo
645 1737 728 1765 maris
741 1737 850 1770 eripuit,
876 1737 946 1764 idem
962 1736 1010 1763 hos

227 1797 335 1827 quoque
349 1789 384 1816 de
405 1791 500 1815 ventre
515 1785 600 1813 hostis
627 1789 654 1811 et
674 1784 727 1810 imo
754 1783 909 1810 vitiositatis
926 1782 1010 1810 l‘uudo

226 1836 369 1864 extrahere
388 1836 485 1868 potest.
513 1829 595 1865 Atqui
623 1828 696 1856 latrat
719 1827 889 1855 conservatio
921 1828 1012 1861 prodi-

229 1882 303 1917 gium
318 1880 454 1915 quoddam
469 1881 540 1910 erat,
558 1883 645 1911 neque
657 1875 813 1902 necessario
823 1875 1011 1909 requirebatur

230 1933 259 1954 nt
279 1927 351 1954 Deus
378 1925 403 1952 id
424 1924 543 1956 faceret;
560 1929 613 1948 non
641 1922 713 1948 enim
737 1925 812 1949 certe
832 1920 1012 1953 ﬂagitabitnus

230 1974 264 2000 ab
280 1979 324 2004 eo,
340 1975 505 2006 quaecunque
527 1971 629 2003 potest,
644 1967 737 1994 eadem
755 1971 783 1993 ut
809 1967 900 1994 omnia
921 1967 1011 2000 l'aciat,

229 2025 323 2045 verum
338 2016 375 2042 uti
387 2013 531 2050 prostratis
546 2020 562 2040 a
587 2017 706 2047 peccato,
722 2011 768 2046 qui
792 2012 889 2039 deinde
913 2011 1013 2046 corrigi

228 2063 321 2094 velint,
339 2068 446 2088 manum
464 2060 521 2094 ipse
541 2058 672 2093 porrigat,
690 2058 759 2085 haud
785 2057 865 2086 dubie
889 2064 1018 2085 necessa-

228 2108 300 2135 rium
312 2111 364 2134 est.
376 2105 558 2139 Quamobrem
568 2103 579 2129 ’ἶ
589 2103 720 2136 Quoniam
734 2103 866 2137 istucipse
878 2103 1011 2130 facturum

227 2161 257 2182 se
279 2151 413 2186 promisit,
435 2151 498 2177 dum
516 2149 549 2176 ad
565 2148 722 2182 petendum.
741 2153 767 2174 et
783 2149 969 2181 quaerendum,
987 2152 1015 2175 et

228 2199 390 2234 pulsandum
407 2197 529 2222 hortatur
548 2195 698 2221 universos.
713 2193 771 2220 Non
779 2194 848 2220 enint
859 2200 889 2221 ut
905 2194 948 2221 illa
957 2195 1016 2228 qui-

1061 980 1120 1007 ριον
1134 971 1236 1006 ταύτην
1258 971 1389 1007 βούλησιν
1417 971 1485 997 πᾶσι
1509 970 1565 1001 τοῖς
1581 969 1663 996 αὐτὸν
1688 967 1846 1002 ὲκζητοῦσι·

1060 1019 1113 1050 τίς,
1145 1019 1169 1045 εἰ
1186 1018 1224 1053 μὴ
1238 1017 1341 1052 σφόδρα
1357 1017 1479 1051 μαίνοιτο
1493 1015 1596 1046 δίκαιος
1611 1015 1644 1042 ἂν
1660 1014 1703 1048 εἴη
1723 1014 1789 1041 ποτὲ
1801 1015 1849 1041 καὶ

1061 1065 1124 1094 τοὺς
1141 1064 1170 1090 ὲν
1191 1063 1265 1097 αὐτῷ
1285 1063 1323 1098 τῷ
1340 1061 1414 1098 βυθῷ
1429 1062 1484 1088 τῶν
1500 1060 1594 1087 κακῶν
1619 1060 1761 1095 κειμένους
1776 1060 1847 1086 ἀπσ-

1060 1108 1216 1142 meum.
1235 1108 1303 1143 ἐλέῳ
1321 1107 1395 1143 μόνῳ
1414 1106 1594 1143 θαρροῦντας,
1615 1106 1662 1132 καὶ
1678 1107 1710 1140 τῇ
1728 1104 1847 1139 δυνάμει

1060 1156 1108 1183 τοῦ
1122 1157 1223 1191 προῖκα
1239 1155 1371 1187 σώζοντος
1381 1154 1620 1189 μεταμελομένους
1633 1161 1640 1186 ;
1653 1152 1728 1178 '[los’
1737 1152 1847 1183 οὐδένας

1061 1209 1092 1235 γε
1106 1201 1160 1228 τῶν
1173 1201 1283 1228 πάντων
1295 1200 1487 1234 ἀπογνωστέον
1501 1200 1566 1235 ἡμῖν
1578 1198 1610 1225 ἂν
1624 1198 1678 1232 εἴη,
1692 1198 1715 1223 εἰ
1731 1197 1768 1232 μὴ
1782 1197 1847 1228 τοὺς

1061 1248 1132 1282 σφᾶς
1147 1255 1179 1281 γε
1195 1247 1294 1277 αὐτοὺς
1309 1245 1506 1279 ἀπεγνωκότας
1521 1243 1604 1277 πολλῇ
1622 1243 1716 1278 μανίᾳ.
1729 1243 1779 1269 Διὰ
1792 1243 1847 1276 γὰρ

1062 1292 1149 1327 σωρὸν
1163 1292 1372 1327 ἁμαρτημάτων
1388 1289 1570 1316 παντοδαπῶν
1586 1288 1682 1322 εὔηθες
1702 1288 1848 1315 παντάπα-

1062 1346 1104 1363 σιν
1121 1337 1291 1372 ἀπογνῶναι,
1305 1337 1356 1367 ἕως
1369 1336 1402 1363 ἂν
1421 1336 1458 1371 μὴ
1472 1336 1521 1370 τὴν
1537 1335 1678 1369 παροῦσαν
1692 1334 1764 1368 ζωὴν
1779 1335 1848 1360 ἀπο-

1061 1382 1182 1416 Θώμεθα.
1209 1381 1328 1416 Θελῆσαι
1355 1382 1405 1416 μὲν
1433 1382 1487 1415 γὰρ
1511 1380 1558 1406 τὸν
1584 1381 1650 1406 Θεὸν
1676 1380 1728 1406 ὑπὸ
1755 1379 1848 1411 ὲλέους

1060 1428 1223 1462 κινούμενον
1245 1430 1276 1463 τῇ
1295 1428 1409 1463 δυνάμει
1434 1427 1587 1463 χρήσασθαι
1602 1426 1671 1460 ὑπὲρ
1693 1426 1748 1452 τῶν
1764 1426 1849 1452 αὑτὸν

1061 1474 1284 1508 ἐπικαλουμένων
1296 1475 1425 1505 ἐπιεικῶς
1437 1474 1510 1504 εἰκός
1522 1474 1605 1505 ἐστιν,
1615 1471 1703 1507 οἷμαι¹
1715 1472 1848 1505 ἀτονῆσαι

1060 1518 1088 1544 δέ
1110 1527 1176 1544 ποτε
1207 1518 1360 1552 θελήσαντά
1387 1526 1414 1544 τι
1436 1518 1642 1552 διαπράξασθαι
1673 1517 1847 1544 παντάπασιν

1061 1564 1203 1590 ἀδύνατον.
1227 1564 1310 1590 Οὐδὲν
1332 1565 1387 1600 ἄρα
1413 1564 1536 1589 λείπεται
1558 1564 1615 1594 τοῖς
1641 1563 1670 1589 ἐν
1695 1564 1848 1598 ἁμαρτίαις

1063 1610 1130 1645 πρὸς
1140 1610 1170 1636 τὸ
1184 1609 1316 1644 σωθῆναι,
1330 1610 1346 1644 ἢ
1363 1609 1392 1635 τὸ
1404 1609 1518 1644 Θελῆσαι
1531 1609 1650 1643 γνησίως
1665 1609 1846 1642 μετανοῆσαι.

1069 1657 1099 1682 ὐ
1113 1656 1202 1682 τοίνυν
1215 1656 1262 1681 καὶ
1276 1655 1322 1681 τὸν
1338 1655 1432 1682 Ἰωνᾱν
1447 1655 1530 1690 Θηρδς
1542 1655 1660 1690 γαστρὸς
1673 1655 1848 1689 ἀναρπάσας,

1061 1702 1108 1728 καὶ
1124 1701 1271 1729 θαλαττῑου
1296 1701 1390 1736 βυθοῦ,
1407 1700 1519 1728 δύναται
1540 1702 1587 1727 καὶ
1604 1701 1746 1726 τουτουσὶν
1768 1701 1849 1727 ἀνελ-

1061 1746 1144 1772 κύσαι
1156 1745 1206 1780 τῆς
1217 1753 1247 1771 τε
1259 1745 1378 1780 γαστρὸς
1390 1745 1437 1770 τοῦ
1452 1744 1560 1780 ἐχθροῦ,
1571 1744 1674 1770 καὶτοῦ
1684 1744 1734 1777 τῆς
1746 1744 1848 1776 κακίας

1063 1790 1155 1826 βυθοῦ.
1172 1790 1268 1817 Καίτοι
1294 1789 1325 1817 τὺ
1344 1789 1392 1816 τοῦ
1412 1790 1490 1816 Ἰωνᾶ
1512 1789 1605 1824 θαῦμα
1623 1787 1667 1824 ἦν,
1683 1790 1729 1816 καὶ
1748 1789 1798 1815 οὐκ
1813 1787 1847 1823 ἦν

1061 1837 1169 1871 ἀνάγκη
1182 1835 1262 1863 τοῦτο
1279 1836 1402 1870 ποιῆσαι.
1419 1835 1456 1862 Οὐ
1476 1835 1530 1870 γὰρ
1549 1835 1739 1870 ἀπαιτήσομεν
1753 1836 1846 1868 αὑτὸν,

1062 1882 1111 1908 ὃσα
1128 1882 1162 1916 δὴ
1182 1882 1229 1908 καὶ
1247 1881 1369 1913 δύναται.
1394 1881 1481 1908 ταῦτα
1504 1882 1592 1908 ποιεῖν
1614 1881 1732 1909 ἅπαντα.
1759 1881 1796 1908 Τὸ
1817 1882 1846 1908 δὲ

1061 1928 1118 1959 τοῖς
1131 1927 1343 1962 καταϐληθεῖσιν
1357 1927 1409 1953 ὑπὸ
1423 1927 1474 1961 τῆς
1489 1927 1640 1962 ἁμαρτιας,
1657 1926 1752 1953 ἔπειτα
1768 1927 1848 1962 Θελήο

1063 1981 1142 2000 σασιν
1157 1972 1393 2008 ἐπανορθωθῆναι,
1406 1975 1485 2008 χεῖρα
1501 1973 1609 2007 ὀρέγειν
1623 1973 1712 2008 σαφὴς
1726 1973 1845 2007 ἀνάγκη.

1065 2018 1142 2051 Πῶς;
1157 2018 1221 2045 Ὅτι
1241 2017 1315 2044 τοῦτ’
1329 2018 1410 2049 αὐτὸς
1431 2018 1629 2052 ἐπηγγείλατο,
1652 2019 1680 2045 tv
1697 2017 1738 2050 οἷς
1760 2020 1846 2045 αἰτεῖν

1063 2071 1093 2089 τε
1106 2063 1153 2091 καὶ
1179 2063 1282 2098 ζητεῖν,
1295 2063 1342 2090 καὶ
1358 2063 1468 2098 κρούειν
1481 2064 1568 2092 ἅπασι
1583 2065 1721 2098 παραινεῖ.
1737 2064 1774 2090 Οὐ
1791 2064 1847 2098 γὰρ

1063 2110 1095 2146 δὴ
1115 2111 1184 2147 πρὸς
1195 2111 1282 2138 ταῦτα
1299 2111 1347 2146 μὲν
1363 2111 1569 2145 παρακέκληκα,
1585 2111 1616 2138 τὸ
1626 2111 1654 2137 δὲ
1672 2112 1726 2137 ἀπὸ
1742 2111 1847 2138 τούτων

1064 2156 1249 2191 ἐκϐησόμενον
1274 2157 1434 2191 σισίγηκεν,
1452 2157 1479 2182 ὲν
1499 2155 1597 2190 ἀδηλιᾳ
1613 2156 1676 2186 τοὺς
1697 2156 1848 2191 λογισμοὺς

1064 2201 1155 2235 ἀφείς·
1173 2201 1240 2227 ἀλλά
1255 2201 1303 2227 καὶ
1317 2200 1397 2227 τοῦτο
1410 2201 1476 2235 ἡμῖν
1494 2200 1590 2233 ἔδειξε,
1602 2201 1732 2236 προσθεὶς
1749 2203 1782 2236 τῇ
1798 2202 1847 2235 μὲν

225 2245 287 2271 dem
312 2242 441 2269 faciamus
468 2247 517 2267 nos
534 2240 692 2266 adhortattts
706 2243 756 2270 est,
772 2243 799 2265 at
814 2239 878 2273 quid
903 2239 964 2266 inde
978 2239 1010 2267 sit

1065 2246 1174 2281 αἰτήσει
1193 2246 1242 2280 τὴν
1257 2246 1341 2278 δόσιν,
1356 2247 1389 2281 τῇ
1405 2246 1433 2273 δὲ
1457 2246 1570 2281 ζητήσει
1595 2247 1643 2281 τὴν
1661 2246 1782 2281 εὕρεσιν,
1799 2248 1848 2273 καὶ

225 2294 383 2317 eventurum
401 2287 493 2316 tat-uit.
512 2284 717 2318 cogitationibus
730 2285 829 2312 nostris
847 2285 872 2312 in
889 2286 1014 2320 ambiguo

227 2335 339 2366 relictis,
355 2333 400 2361 sed
416 2332 478 2359 illud
490 2332 577 2366 ipsum
594 2338 700 2365 quoque
715 2330 793 2357 nobis
807 2330 936 2362 ostendit,
951 2337 1012 2356 eum

226 2381 347 2416 petitioni
363 2379 454 2414 adjicit
472 2377 696 2412 impetrationem,
713 2377 863 2411 quaesitioni
878 2377 1013 2403 inventio-

227 2433 300 2457 nem,
316 2425 440 2461 quodque
465 2423 537 2450 fores
565 2422 717 2457 aperiendae
729 2427 785 2448 smt
801 2421 835 2448 ad
851 2421 955 2448 illorum
965 2421 1010 2456 qui

225 2471 333 2506 pulsant
348 2471 427 2497 it-tus.
439 2471 532 2504 ltaqne
546 2468 712 2503 promissum
730 2468 782 2495 hoc
797 2468 884 2502 gratia
896 2472 946 2500 est,
964 2475 1012 2496 eu-

224 2518 269 2552 jtts
284 2517 383 2544 certior
394 2515 540 2549 persolutio
557 2521 638 2549 quant
664 2514 782 2541 omnium
800 2514 870 2540 inter
890 2514 1011 2541 homines

225 2564 391 2591 debitorum.
406 2561 471 2588 Nam
483 2568 530 2588 nos
544 2568 609 2587 sane
634 2560 703 2595 quod
717 2560 823 2591 attinet,
849 2559 894 2594 qtti
921 2560 1011 2587 multis

224 2609 295 2637 aiiixi
312 2615 404 2636 sumus
418 2607 501 2639 vitiis,
519 2613 549 2634 ac
569 2614 621 2633 non
652 2613 713 2633 raro
736 2606 844 2640 quidem
876 2606 1012 2640 resipisci-

225 2663 298 2688 tuus,
322 2660 416 2681 verum
439 2652 598 2687 plerumque
616 2651 715 2686 justam
742 2652 775 2679 ad
802 2651 1009 2686 persolutionent

226 2701 307 2727 nimis
325 2699 472 2728 imbecilles
489 2705 593 2729 sumus,
616 2702 829 2724 consentaneum
858 2701 909 2729 est,
923 2703 1009 2730 neque

224 2745 352 2780 gratiam,
381 2752 468 2779 neque
492 2744 612 2770 debitum
639 2735 752 2776 exsolvi;
767 2742 876 2778 quando
909 2742 1007 2769 malum

226 2795 278 2819 hoc
307 2791 389 2818 etiam
420 2791 534 2818 accedit.
576 2789 680 2824 Quippe
717 2797 780 2816 cum
816 2796 1007 2824 nonnunquam

220 2837 253 2863 ‘ld
292 2841 422 2871 praestare
461 2843 602 2871 possemus
628 2835 699 2869 quod
736 2835 859 2870 decebat,
901 2840 1010 2870 praesta-

227 2888 257 2912 re
271 2889 323 2910 non
337 2882 471 2909 volumus.
495 2882 530 2908 At
545 2881 596 2909 ista
613 2881 701 2909 locotn
717 2881 743 2908 in
755 2881 809 2909 Deo
825 2888 878 2909 non
889 2881 1006 2908 habent:

1064 2289 1095 2315 τὸ
1109 2289 1157 2321 τὰς
1173 2289 1260 2323 θύρας
1271 2289 1465 2324 ἀνοιγήσεσθαι
1481 2288 1589 2323 μέλλειν
1597 2291 1653 2321 τοῖς
1663 2290 1718 2316 τῶν
1732 2292 1847 2317 κοπτόνο

1064 2343 1117 2361 των
1133 2334 1281 2369 κρούμασι.
1297 2335 1385 2368 Χάρις
1402 2334 1453 2368 μὲν
1467 2333 1515 2360 οὖν
1539 2334 1570 2361 τδ
1583 2335 1756 2369 ἐπάγγελμα,
1777 2337 1846 2362 πάν-

1063 2389 1118 2407 των
1130 2379 1158 2406 at
1175 2381 1229 2406 τῶν
1245 2380 1275 2406 ἐν
1291 2379 1444 2415 ἀνθρώποις
1459 2380 1625 2417 ὀφλημάτων
1641 2381 1847 2415 ἀσφαλεστέραν

1063 2424 1112 2459 τὴν
1128 2424 1257 2452 ἀπόδοσιν
1271 2425 1340 2460 ἔχει.
1361 2425 1418 2459 Ἐφ’
1435 2425 1512 2460 ἡμῶν
1530 2425 1578 2459 μὲν
1593 2425 1647 2460 γὰρ
1663 2425 1718 2452 τῶν
1741 2434 1847 2460 προση-

1062 2470 1192 2505 λωμένων
1208 2471 1315 2502 πολλοῖς
1333 2471 1444 2504 πάθεσι,
1465 2471 1512 2498 καὶ
1540 2471 1772 2505 μεταμελομένων
1797 2473 1848 2505 μὲν

1062 2516 1114 2542 οὐκ
1129 2516 1262 2549 ὀλιγάκις,
1278 2517 1348 2552 πρὸς
1362 2517 1390 2543 δὲ
1403 2517 1510 2543 δικαίαν
1524 2517 1627 2543 ἔκτισιν
1643 2518 1848 2544 ἁδυνατοὺντων

1063 2561 1203 2594 πολλάκις,
1217 2563 1291 2593 εἰκός
1304 2564 1360 2589 ἐστι
1374 2564 1421 2589 καὶ
1438 2563 1518 2597 χάριν
1534 2563 1580 2589 καὶ
1595 2562 1706 2597 ὅφλημα
1723 2563 1759 2597 μὴ
1777 2564 1847 2589 ἀπο-

1061 2607 1183 2642 δοθῆναι.
1207 2609 1284 2634 Ἐπεὶ
1298 2610 1346 2634 καὶ
1360 2609 1440 2635 τοῦτο
1456 2609 1581 2642 γίγνεται
1600 2609 1629 2634 τὸ
1643 2608 1741 2635 δεινόν.
1759 2609 1847 2636 Δυνά-

1058 2662 1140 2698 Ιμενοι
1157 2654 1211 2689 γὰρ
1225 2654 1298 2680 ἐστιν
1314 2655 1358 2681 ὅτε
1372 2655 1401 2681 τὸ
1416 2655 1521 2689 πρέπον
1540 2655 1717 2689 ἐργάσασθαι,
1737 2655 1768 2681 οὺ
1785 2655 1847 2690 βου-

1061 2698 1175 2733 λόμεθα.
1195 2699 1254 2725 Ἐπὶ
1277 2699 1307 2725 δὲ
1327 2699 1395 2726 Θεοῦ
1412 2700 1446 2725 τὰ
1460 2699 1572 2727 τοιαῦτα
1595 2699 1686 2734 χώραν
1701 2699 1752 2725 οὐκ
1773 2699 1842 2734 ἔχει.

1061 2744 1148 2771 Ὅπου
1170 2745 1224 2780 γὰρ
1238 2745 1305 2777 Θεὸς
1323 2746 1337 2771 6
1355 2745 1603 2779 ἐπαγγελλόμενος,
1623 2746 1674 2771 οὐκ
1700 2744 1755 2770 ἐσθ’
1768 2744 1843 2775 ὅπως

1059 2791 1110 2817 οὐκ
1127 2791 1273 2821 ὲκτελέσει.
1285 2791 1332 2817 ναὶ
1347 2791 1385 2825 δῷ
1398 2792 1458 2821 ταῖς
1472 2791 1636 2826 ὑποσχέσεσι
1650 2789 1727 2820 τέλος
1743 2789 1841 2823 ῐσχειν·

1061 2836 1126 2863 ὥστ’
1154 2837 1242 2866 οὐδεὶς
1264 2837 1292 2862 ὲν
1309 2836 1475 2870 ἀπογνώσει,
1495 2837 1518 2862 εὶ
1543 2836 1580 2871 μὴ
1605 2836 1618 2861 ὁ
1640 2834 1847 2868 ἀπογινώσκειν

1061 2881 1179 2918 νομίζων
1204 2882 1278 2914 ἄξιος
1301 2880 1383 2909 εἶναι.
1400 2882 1500 2917 Μηδεὶς
1524 2880 1570 2909 οὖν
1592 2883 1678 2909 ταῦτα
1699 2879 1847 2915 γινώσκων
