1937 3078
154 124 207 155 U3

855 112 995 150 ORATIO
1008 118 1059 150 Vt.

1717 117 1769 150 494

153 179 200 205 καὶ
225 174 383 210 σωφρονῶν,
407 176 469 210 ἐμοὶ
493 174 662 209 πειθόμενος,
688 174 808 209 ἀπογνῷ·
837 174 894 201 ἀλλ’
913 174 930 209 ἧ

986 180 1043 198 nam
1057 172 1100 199 ubi
1118 172 1186 199 Deus
1197 172 1239 199 esl
1253 171 1297 206 qui
1314 170 1458 206 promittit,
1473 172 1529 198 fieri
1541 179 1593 198 non
1603 176 1687 206 potest
1704 172 1768 205 quin

152 223 284 258 τρυφάτω
302 223 362 253 ταῖς
378 221 495 255 ἀγαθαῖς
517 222 607 248 ἐλπίσι
623 220 688 253 ζῶν,
703 221 731 247 ὲν
744 219 869 265 ,ἀγαθαῖς
890 221 934 247 ἀεὶ

152 266 297 301 πράξεσιν,
314 266 331 301 ἢ
350 267 416 301 περὶ
434 266 483 301 τὴν
501 265 651 300 ἑνδεκάτην
666 265 752 292 ὲλθὼν
769 266 808 297 είς
822 265 869 292 τὸν
884 273 934 291 κα-

151 312 200 340 λὸν
226 312 385 346 ἀμπελῶνα,
416 311 570 347 ὲκδεχέοθω
600 312 702 347 προῖκα
733 311 839 343 λαϐεῖν,
871 311 934 338 ὅσον

151 358 263 390 δικαίως
278 358 383 384 δέδοται
395 359 452 389 τοῖς
476 357 627 392 βαστάσασι
642 357 673 383 τδ
689 356 772 392 βάρος
794 357 845 391 τῆς
868 356 935 391 ήμέ-

152 412 216 440 ρας,
227 405 274 430 καὶ
283 403 329 430 τὸν
342 403 475 430 καύσονα.
484 402 555 437 Ἐγὼ
573 404 635 435 τοὺς
648 403 753 434 πάντας
765 402 935 438 ὑπερελάσας

152 450 201 476 ἐπὶ
236 451 342 482 κακοῖς,
367 449 418 475 οὐκ
447 448 566 483 ὲμαυτδν
592 447 797 482 ἀπογνώσομαι·
822 447 870 474 καὶ
891 446 936 473 διὰ

152 495 241 527 τοῦτο,
255 495 309 522 οὐδ’
324 494 445 521 ὁντινοῦν
457 494 512 521 τῶν
525 494 664 521 ἁπάντων-
677 493 714 526 ὡς
729 493 827 528 ὄφελόν
842 501 874 527 γε
888 492 936 519 καὶ

153 541 184 567 σὲ
199 541 245 567 τὸν
260 540 420 572 ἄπταιστον,
435 540 478 567 ἵνα
492 541 529 574 μὴ
545 540 646 575 κρίνων
657 540 720 571 τοὺς
734 539 841 571 ἄλλους,
857 539 936 570 αὐτὸς

153 586 262 622 κριθῇς,
294 586 343 613 καὶ
371 585 561 617 καταδικάζων
590 586 780 621 ἀπαραίτητα,
809 585 874 612 αὐτό
903 593 935 619 γε

116 648 128 678 λ
153 633 233 659 τοῦτο
246 633 335 668 πάθῃς
353 632 404 658 ὑπὸ
420 630 499 665 Θεοῦ,
517 633 589 659 κατὰ
607 633 653 659 τὸν
669 632 775 659 ἐκείνου
793 632 931 667 χρησμόν.

114 678 123 696 ί
154 679 185 705 Εἰ
204 679 258 713 γὰρ
272 678 368 705 ἑαυτὸν
390 678 420 704 οὐ
435 679 540 705 δίκαιον
557 679 726 712 ἀπογνῶναι,
741 678 874 712 οὕμενοον
889 678 935 704 οὑ-

151 724 215 751 ὃένα
232 723 285 750 τῶν
310 725 431 757 πάντων,
456 725 510 751 οὐδ’
532 724 565 751 ἂν
591 724 644 751 ὑπὸ
670 724 781 751 ⁴πάντων
800 724 936 758 ἀπογινώ-

153 777 263 803 σκηται·
282 769 340 800 πῶς
356 769 390 796 ἄν
406 777 448 799 τις
464 769 576 800 δικαίως
591 770 655 800 τοὺς
678 770 785 801 ἄλλους,
809 770 879 804 μήτε
902 769 937 796 τὰ

153 814 264 841 ἐκείνων
293 815 517 850 πλημμελήματα
558 815 683 850 ἀκριϐῶς
714 814 804 847 εἰδὼς,
836 815 873 847 ὡς
901 816 935 842 τὶι

152 862 239 888 οἰκεῖα
255 860 338 889 κακὰ.
354 861 422 895 μήτε
435 861 484 895 τὴν
500 862 560 888 τότε
576 858 697 889 διάθεσιν
714 861 763 896 τῆς
780 863 809 887 ὲν
823 861 931 896 ἑκάστῳ

151 907 251 942 ψυχῆς,
270 904 285 941 ἦ
307 907 411 936 τᾶνδον.
431 906 447 942 ἢ
470 907 502 933 τὰ
521 906 638 943 θύραθεν
654 907 746 938 αὐτοῖς
763 908 932 942 ὲπισυμδαί-

151 960 231 980 νοντα
257 952 423 986 πράγματος
447 953 502 980 Καὶ
524 952 567 978 διὰ
592 952 678 979 ταῦτα
702 953 727 978 οί
751 952 804 979 τῶν
826 953 932 987 ἀνδρῶν

152 997 258 1031 ἄριστοι
273 996 329 1023 οὒτ’
348 996 567 1030 ὰπογινὼσκουοι
589 997 654 1028 τοὺς
677 998 727 1024 οὐκ
751 998 932 1032 ἀπογνόντας,

151 1043 207 1070 οὔτ’
225 1042 344 1077 εὐχερῶς
367 1043 572 1076 κατακρίνουσι.
599 1042 685 1069 Τοῦτο
705 1044 758 1078 γὰρ
773 1044 934 1078 κεκρίκαᾶιν

153 1087 264 1121 εὔλογον
280 1086 360 1118 εἶναι,
376 1088 446 1121 σφᾶς
461 1087 510 1122 μὲν
520 1087 809 1122 αὐτοὺςκατακρίνὲιν,
823 1089 934 1116 ἐπειδάν

153 1142 205 1160 που
220 1133 266 1160 τοῦ
284 1133 467 1167 προσήκοντος
481 1132 677 1167 παρεξέλθωσι,
698 1134 808 1170 μακρὰν
821 1134 933 1162 ἐλαυνο-

154 1178 239 1213 μένης
255 1178 340 1204 ἅπασι
355 1177 466 1212 τρόποις
480 1177 530 1209 τῆς
545 1178 608 1205 καθ’
623 1179 638 1214 ἡ
644 1179 701 1214 μῶν
715 1179 856 1215 λυττώσης
868 1180 935 1207 ἀπο-

152 1224 293 1257 γνώσεως·
309 1223 371 1254 τοὺς
388 1223 416 1249 δὲ
432 1223 542 1259 ἐτέρους
557 1224 726 1260 κρίνειιικὲᾷν
743 1225 788 1252 τὸν
796 1227 934 1261 Δημιουρ-

152 1268 213 1301 γδν,
229 1264 250 1301 ᾧ
278 1268 363 1302 μηδὲν
380 1267 430 1302 τῆς
444 1269 559 1300 κτίσεως
582 1268 696 1297 ἄϐατον.
721 1271 857 1304 Κριτικὸς
880 1272 934 1307 γὰρ

152 1313 348 1348 ἐνθυμήσεων
374 1314 423 1341 καί
450 1309 578 1342 ἐννοιῶν
602 1316 737 1350 καρδίας,
762 1318 775 1343 ὀ
799 1318 935 1353 μακάριος

153 1359 205 1394 ἔφη
228 1359 343 1390 Παῦλος.
359 1359 406 1394 Μὴ
424 1360 550 1393 κρίνετε,
567 1361 649 1396 φησὶν
672 1362 686 1388 ὸ
708 1362 814 1397 Σωτὴρ,
830 1364 879 1390 καὶ
897 1365 933 1391 οὺ

151 1405 195 1439 μὴ
212 1405 342 1439 κριθῆτε,
356 1406 402 1439 Μὴ
420 1406 636 1441 καταδικάζετε,
651 1407 702 1434 καὶ
725 1409 761 1436 οὺ
773 1409 816 1443 μὴ
838 1415 935 1437 κατα-

153 1450 328 1485 δικασθῆτε.
353 1451 462 1478 Τούτων
485 1452 575 1479 τοίνυν
597 1454 652 1479 τῶν
667 1454 764 1487 φωνῶν
787 1455 935 1488 διαπαντὸς

989 217 1058 245 idem
1076 218 1197 252 perﬁciat
1205 222 1233 245 et
1243 219 1275 244 ad
1286 218 1366 245 tinem
1377 217 1508 252 promissa
1521 218 1664 250 perducat.
1675 218 1768 253 itaque

988 265 1021 291 de
1033 265 1140 291 nemine
1155 265 1364 299 desperandum,
1381 265 1433 292 nisi
1446 272 1475 292 se
1488 265 1597 299 dignum
1624 267 1770 292 arbitretur

988 310 1020 336 de
1035 316 1088 344 quo
1105 310 1265 344 desperetur
1282 316 1386 344 ;caque
1407 311 1526 336 decausa
1539 316 1628 342 nemo,
1639 310 1683 344 qui
1695 311 1770 337 novit

987 355 1077 382 bec‘et
1087 356 1167 389 sapit,
1178 356 1241 382 mihi
1252 355 1273 382 si
1283 363 1377 390 parere
1388 355 1461 388 velit,
1471 356 1606 389 desperet,
1615 357 1661 383 sed
1673 356 1712 382 vel
1722 356 1771 382 bo—

988 407 1020 427 na
1032 408 1079 434 spe
1088 400 1176 428 fretus
1189 401 1297 435 gestiat,
1307 401 1386 429 bonis
1398 401 1425 428 in
1436 401 1564 435 operibus
1571 401 1653 428 vitam
1665 397 1771 436 semper

987 446 1109 481 exigens.
1120 447 1161 473 vel
1173 446 1344 482 injegregiam
1352 447 1424 474 illam
1436 447 1542 474 vineam
1555 447 1666 474 veniens
1674 448 1707 474 ad
1719 456 1772 474 un-

988 492 1118 519 decimam
1133 494 1238 525 horam,
1253 493 1337 527 gratis
1361 494 1630 528 exspectetaccipere
1641 500 1770 528 quantum

985 539 1046 572 jure
1056 539 1147 565 datum
1157 542 1198 565 est
1210 539 1245 566 iis
1265 539 1310 573 qui
1323 543 1349 566 et
1357 547 1425 566 onus
1437 545 1464 566 et
1475 545 1570 567 aestum
1579 540 1630 566 diei
1643 540 1772 567 tulerunt.

988 583 1044 618 Ego
1067 585 1111 618 qui
1131 584 1204 611 viliis
1229 589 1324 611 omnes
1341 589 1513 618 antegressus
1529 593 1602 615 sum,
1620 585 1652 613 de
1665 586 1772 620 meipse

989 633 1042 655 non
1053 629 1206 663 desperabo
1222 637 1229 662 ;
1247 635 1272 657 et
1287 630 1411 657 eamdem
1420 630 1454 657 oh
1466 638 1587 664 causam,
1600 639 1648 659 nec
1657 632 1688 659 de
1703 640 1771 666 quo-

987 680 1068 708 quam
1086 676 1217 702 omuium.
1233 675 1311 708 Quod
1325 677 1426 703 utinatn
1440 682 1467 703 tu
1488 684 1607 712 quoque,
1620 679 1664 712 qui
1681 679 1773 712 lapsus

988 727 1018 748 es
1032 728 1141 755 expers,
1157 721 1252 753 facias,
1267 730 1300 749 ne
1313 722 1439 756 judicans
1450 723 1535 756 alios,
1550 724 1607 757 ipse
1624 724 1770 758 judiceris.

988 771 1015 793 et
1029 765 1236 793 inexorabiliter
1256 768 1398 799 damnans,
1431 769 1503 802 quod
1518 761 1572 796 'est
1597 770 1624 796 in
1650 772 1769 806 oracplo,

991 812 1082 839 itidem
1097 821 1112 840 a
1122 812 1177 840 Deo
1190 814 1338 841 damneris.
1353 813 1421 841 Nam
1431 817 1452 842 si
1465 815 1498 842 de
1507 816 1598 850 seipso
1610 822 1772 852 quemquam

991 858 1134 893 desperare
1150 859 1219 887 haud
1233 867 1282 894 par
1290 866 1340 893 est,
1356 868 1405 889 nec
1422 862 1503 889 etiam
1514 862 1548 890 de
1564 869 1698 898 quoquam
1715 873 1774 892 om-

989 905 1064 937 nino,
1081 912 1133 931 non
1146 906 1167 932 si
1178 907 1294 933 titaxime
1304 906 1337 934 de
1356 914 1387 934 eo
1401 907 1545 942 desperent
1562 910 1691 943 universi,
1703 919 1772 946 quo-

989 957 1050 976 nam
1063 954 1140 983 pacto
1150 951 1181 977 de
1188 950 1313 984 aliisjure
1321 952 1382 986 quis
1397 952 1711 990 desperaverit,quorum
1723 963 1773 984 uec

988 999 1113 1021 accurate
1123 994 1218 1022 delicta
1228 997 1267 1023 sic
1278 997 1363 1030 novit,
1377 1004 1406 1025 ut
1421 998 1492 1025 mala
1508 1001 1628 1035 propria,
1646 1009 1695 1029 nec
1713 1002 1771 1037 ejus

989 1041 1119 1074 temporis
1137 1041 1220 1068 animi
1239 1041 1407 1070 allectionem
1422 1045 1448 1071 in
1460 1045 1593 1079 quolibet,
1607 1053 1653 1075 aut
1669 1055 1713 1077 res
1727 1051 1772 1077 vel

990 1085 1115 1114 lntusvel
1128 1087 1298 1116 extrinsecus
1314 1089 1354 1116 eis
1367 1089 1518 1118 accidentes
1542 1091 1554 1118 ?
1581 1093 1697 1128 ideoque
1720 1096 1772 1123 viri

990 1131 1207 1165 praestantissimi
1219 1138 1269 1160 nec
1284 1134 1428 1168 desperant
1446 1135 1478 1162 de
1492 1136 1527 1163 iis
1542 1138 1587 1171 qui
1603 1146 1654 1165 non
1676 1141 1771 1174 despe-

989 1181 1094 1207 rarunt.
1109 1183 1159 1204 nec
1173 1177 1252 1205 facile
1280 1179 1464 1208 condemnant
1484 1189 1493 1208 :
1510 1189 1572 1210 nam
1591 1183 1641 1211 hoc
1671 1186 1772 1213 rationi

989 1226 1203 1249 consentaneum
1222 1230 1282 1251 esse
1306 1224 1442 1259 judicent,
1472 1227 1576 1263 seipsos
1596 1230 1704 1264 quidem
1734 1234 1773 1261 uti

989 1267 1129 1300 damnent,
1159 1269 1245 1296 sicubi
1272 1274 1370 1304 prater
1396 1272 1512 1300 oﬂlcium
1542 1276 1667 1309 fecerint,
1695 1277 1773 1314 longe

990 1316 1097 1342 interim
1111 1320 1213 1344 remota
1229 1318 1315 1346 modis
1331 1319 1457 1348 omnibus
1473 1321 1580 1350 furente
1605 1329 1700 1353 contra
1721 1335 1772 1354 nos

991 1361 1192 1396 desperatione,
1214 1367 1242 1390 at
1259 1370 1321 1391 vero
1349 1364 1480 1398 judicium
1495 1367 1528 1396 de
1542 1368 1602 1397 aliis
1628 1375 1656 1398 ut
1681 1373 1771 1407 opiﬁci

990 1415 1080 1435 rerum
1104 1409 1271 1444 permittant,
1297 1410 1341 1437 eui
1359 1411 1426 1439 nihil
1444 1412 1470 1440 in
1500 1413 1580 1442 rebus
1607 1419 1706 1446 creatis
1730 1423 1772 1446 est

990 1452 1170 1488 incognitum,
1189 1455 1287 1490 quippe
1301 1456 1457 1485 facultatem
1485 1458 1624 1493 jttdicandi
1640 1462 1674 1490 de
1698 1462 1772 1499 cogi-

156 1496 335 1532 μεμνημένοι,
344 1496 397 1525 οὐδ’
406 1497 526 1524 ὁντινοῦν
535 1499 758 1532 κατακρίνουσιν,
769 1500 828 1526 οὐδὲ
842 1502 933 1535 μισοῦ-

990 1498 1138 1527 tationibus
1154 1503 1182 1527 et
1201 1501 1339 1536 conceptis
1356 1504 1446 1531 cordis
1458 1504 1547 1539 habet,
1572 1510 1602 1534 ut
1615 1508 1709 1537 beatus
1725 1496 1772 1538 ille

155 1546 209 1569 σιν.
223 1541 332 1575 Ἄπαγε
347 1542 354 1569 ί
372 1542 432 1568 οὐδὲ
457 1543 512 1578 γὰρ
536 1543 663 1570 τοσοῦτον
681 1543 764 1579 ὁμόσε
778 1546 934 1582 χωρήσουσι

986 1541 1087 1571 Paulus
1100 1544 1196 1579 inquit.
1210 1542 1270 1572 Non
1286 1546 1416 1581 iudicate,
1444 1550 1482 1576 ait
1507 1549 1643 1585 Salvator,
1669 1560 1693 1582 et
1721 1564 1772 1583 non

155 1587 225 1614 κατὰ
242 1588 291 1622 τῆς
309 1588 402 1622 κοινῆς
416 1587 536 1622 φύσεως,
555 1588 608 1615 κᾶν
625 1589 638 1616 ὂ
652 1597 678 1616 τι
694 1589 769 1625 πάθῃ
783 1591 827 1617 διὰ
839 1592 933 1627 προαί-

986 1587 1168 1621 iudicabimini
1181 1589 1200 1616 '.
1211 1589 1385 1625 Quapropter
1399 1593 1496 1622 horum
1515 1595 1647 1624 dictorum
1663 1607 1772 1635 semper
1802 1591 1805 1593 ’

154 1641 241 1668 ρεσιν·
255 1633 324 1660 ἀλλὰ
338 1633 387 1668 τὴν
402 1634 451 1668 μὲν
468 1634 621 1670 μοχθηρίαν
633 1635 815 1670 βδελύξονται,
831 1638 895 1669 τοὺς
906 1639 935 1665 δὲ

153 1678 364 1713 ἁμαρτάνοντας
394 1679 588 1714 δακρύσουσινο
619 1680 634 1707 ὃ
667 1682 756 1708 ποιεῖν
785 1681 934 1718 εἰώθαμεν,

156 1725 254 1760 μέλους
269 1726 335 1759 ἡμῖν
357 1726 513 1760 σηπομένου
527 1727 638 1762 πονήρῳ
654 1727 740 1761 ἕλκει,
755 1726 772 1764 ἢ
796 1729 877 1763 ἡνίκα
892 1736 936 1761 τις

154 1771 228 1797 νοσεῖ
240 1770 295 1797 τῶν
312 1771 430 1805 μάλιστα
446 1771 570 1805 συνήθων
592 1773 640 1800 καὶ
659 1774 810 1807 συγγενῶν.
827 1774 935 1807 Είδότες

152 1815 182 1842 δδ
195 1817 242 1842 καὶ¹
263 1816 310 1842 τδν
329 1816 444 1851 Χριστὸν
456 1817 525 1853 ὑπὲρ
542 1818 596 1844 τῶν
622 1820 840 1855 σταυρωσάντων
853 1822 935 1854 εὐξά-

155 1869 248 1895 μενον,
261 1862 306 1888 καὶ
319 1861 363 1888 διὰ
379 1862 487 1889 πάντων
502 1864 635 1898 ὲνάγοντα
651 1864 720 1899 πρὸς
733 1866 878 1900 μετάνοιαν
890 1867 935 1894 τὸν

154 1906 255 1941 ὀλίγοις
276 1908 418 1944 ἀργυρίοις
442 1910 523 1937 αὐτὸν
542 1913 715 1946 πεπρακότα,
731 1912 778 1939 cev
801 1913 936 1948 προδεδω-

155 1952 232 1984 κότα,
249 1953 295 1979 τὸν
325 1954 458 1988 φιλήματι
484 1955 707 1992 παραδεδωκότα,
724 1957 780 1990 τὸν,
800 1959 852 1985 κᾶν
874 1959 889 1985 ὅ
907 1967 934 1986 τι

154 1997 276 2031 γένηται,
291 1998 473 2032 διαμενοῦντα
491 2000 586 2026 κακὸνσ
612 2001 698 2028 ταῦτα
711 2001 743 2037 δὴ
772 1998 820 2030 καί⁵
835 2004 869 2030 τὰ
881 2012 935 2031 τοι-

154 2042 224 2070 αῦτα
251 2044 304 2077 πρὸ
330 2044 478 2079 ὀφθαλμῶν
504 2045 624 2080 ἔχοντες,
651 2047 699 2074 καὶ
724 2048 850 2083 κήδονται
879 2050 934 2077 τῶν

154 2089 364 2125 ἡμαρτηκότων,
377 2093 424 2118 καὶ
437 2094 588 2128 πειρῶνται
600 2094 764 2129 θεραπεύειν
777 2095 807 2122 τὸ
820 2095 933 2129 λυποῦν,

154 2136 202 2162 καὶ
216 2136 346 2170 γίνονται,
360 2137 407 2163 καὶ
429 2139 596 2172 πράττουσιν
613 2140 720 2166 ἅπαντα
736 2141 804 2175 πρὸς
821 2142 869 2176 τὴν
885 2141 933 2168 τοῦ

987 1638 1130 1666 memores,
1144 1634 1277 1662 nemiuem
1300 1637 1492 1671 condemnant,
1511 1646 1560 1668 nec
1585 1642 1648 1670 odio
1675 1634 1771 1678 prose-

985 1683 1115 1713 quuntur.
1134 1679 1211 1707 Absit
1222 1685 1251 1708 ut
1263 1681 1314 1708 hoc
1329 1681 1440 1710 faciant.
1458 1683 1516 1712 Non
1528 1687 1600 1714 enim
1631 1693 1771 1725 tantOpere

986 1726 1078 1750 contra
1092 1726 1216 1750 naturam
1228 1731 1401 1753 communem
1415 1728 1491 1762 quasi
1506 1729 1573 1763 pede
1598 1731 1697 1760 collato
1723 1740 1771 1767 pu.

985 1769 1115 1803 gnabunt,
1140 1769 1203 1798 licet
1215 1770 1239 1798 ei
1268 1771 1377 1806 quidvis
1395 1774 1497 1802 accidit
1512 1781 1545 1803 ex
1572 1776 1658 1811 ipsius
1687 1780 1770 1808 animi

986 1815 1133 1848 proposito,
1146 1817 1193 1843 sed
1203 1816 1299 1843 vitium
1308 1817 1416 1851 quidem
1428 1819 1517 1854 ipsum
1529 1821 1768 1859 abominabuntur,

985 1865 1129 1895 peccantes
1146 1869 1210 1889 vero
1231 1862 1390 1891 deﬂebunt:
1418 1866 1497 1900 quale
1526 1868 1655 1902 quiddam
1680 1870 1770 1900 facere

984 1907 1188 1940 consuevimus,
1205 1916 1265 1936 cum
1283 1910 1376 1938 ulcere
1395 1911 1465 1939 malo
1483 1915 1633 1942 membrum
1658 1917 1767 1953 aliquod

985 1956 1107 1979 nostrum
1122 1954 1265 1986 putrescit,
1280 1954 1321 1982 vel
1335 1957 1397 1990 quis
1413 1958 1531 1986 maxime
1553 1959 1695 1989 fatttiliaris
1723 1969 1770 1991 aut

985 1998 1150 2033 propinquus
1164 2004 1287 2035 aegrotat.
1308 2000 1389 2028 iidem
1401 2009 1462 2030 cum
1479 2005 1569 2032 norint
1584 2006 1723 2035 Christum
1739 2017 1769 2035 e-

986 2044 1049 2070 tiam
1061 2050 1109 2078 pro
1118 2044 1149 2071 iis
1159 2046 1343 2079 deprecatum,
1354 2047 1398 2079 qui
1413 2053 1475 2075 eum
1485 2048 1512 2075 iu
1525 2055 1633 2077 crucem
1644 2058 1769 2086 egerunt,

983 2091 1009 2114 et
1029 2089 1155 2116 omnibus
1169 2089 1244 2116 illum
1269 2090 1358 2118 modis
1374 2091 1408 2118 ad
1423 2093 1638 2127 resipiscendum
1652 2096 1770 2125 imitan-

985 2139 1051 2166 tem,
1065 2134 1109 2168 qui
1121 2135 1214 2168 paucis
1225 2134 1313 2170 ipsum
1326 2137 1444 2165 nummis
1453 2139 1589 2173 argenteis
1599 2141 1768 2176 vendiderat,

114 2206 119 2212 ,
154 2181 240 2208 κακοῦ
251 2181 338 2215 λύσιν,
355 2183 402 2209 καὶ⁸
416 2184 558 2218 χαίρουσιν
580 2185 718 2217 ἀνύοντες,
734 2187 781 2213 καὶ
805 2187 934 2215 ἀνιῶνται
951 2177 972 2204 D
987 2179 1033 2213 αυί
1053 2179 1220 2213 Ρτοάίίίθτθῑν
1250 2181 1295 2215 ‘Wi
1321 2182 1415 2209 σεθυῙο
1435 2184 1593 2218 indidem!»
1622 2187 1668 2222 (Ιυί
1688 2188 1767 2216 ἀθηί·

155 2227 239 2262 μηδὲν
253 2228 440 2262 περαίνοντες·
457 2230 579 2262 εἰκότως.
596 2231 627 2258 Et
643 2233 697 2267 γὰρ
714 2233 783 2266 μετά
804 2234 854 2268 τήν
870 2235 934 2260 πο).-

153 2272 201 2307 λὴν
215 2274 388 2308 ἑπιμέλειαν,
402 2276 447 2301 καὶ
459 2276 634 2312 τᾶλεξιτήρια
649 2278 794 2314 φάρμακα,
806 2280 836 2305 τδ
850 2280 934 2307 διενο-

153 2317 232 2351 χλοῦν
251 2320 345 2353 χωρεῖ,
359 2319 416 2351 δέος
431 2321 505 2347 ἐστιν
519 2322 548 2347 οὔ
568 2321 676 2357 μικρὸν,
692 2322 729 2358 μὴ
746 2323 933 2359 ὕπερνικῆσαν

153 2363 191 2398 τῷ
203 2364 302 2398 χρόνῳ,
317 2365 357 2395 εἰς
373 2367 433 2396 τοὺς
449 2367 497 2400 τῆς
513 2367 693 2401 ἀπογνώσεως
707 2369 806 2403 βυθοὺς
819 2371 867 2402 τὰς
880 2372 934 2398 τῶν

154 2409 313 2436 ἑαλωκότων
335 2410 421 2445 ψυχὰς
436 2412 619 2448 παρα-πέμψῃ,
637 2414 704 2448 πρὸς
722 2414 768 2446 οὓς
786 2416 872 2448 οὐδείς
891 2425 932 2443 πω

153 2455 288 2482 κατελθὼν
300 2457 447 2489 ὲπανῆκεν.
462 2456 556 2488 Οὕτως
572 2458 598 2483 οἱ
612 2458 758 2493 ἀκίϐδηλον
771 2461 820 2495 τὴν
832 2461 932 2496 ἀρετὴν

152 2499 327 2533 κεκτημένοι.
350 2500 421 2526 Ἀλλ’
437 2498 477 2531 οἷς
490 2509 521 2534 γε
535 2501 637 2536 ταύτης
653 2503 765 2537 μέτεστι
782 2504 843 2538 μὲν,
857 2511 932 2532 νενο-

152 2543 288 2578 θευμένης
303 2543 327 2569 δ’
338 2543 384 2571 οὖν
400 2545 486 2578 ὅμως,
501 2545 564 2577 τοὺς
578 2547 606 2572 ὲν
619 2547 769 2582 ἁμαρτίαις
781 2549 932 2584 κατειλημ‹

153 2589 251 2623 μένους
262 2589 310 2624 οὐχ
321 2589 358 2621 ὡς
371 2590 511 2625 σχετλίους
523 2592 698 2627 δακρύουσιν,
709 2594 764 2620 οὐδ’
773 2595 811 2626 ὡς
823 2597 931 2622 νοσοῦσι

150 2633 255 2664 τούτοις
267 2632 426 2667 ἀμύνουσιν,
439 2634 499 2661 οὐδὲ
515 2636 714 2671 παρερχόμενοι
728 2637 762 2663 τὰ
776 2639 932 2666 συνοίσοντα

151 2678 318 2710 διδάσκουσι,
345 2680 392 2705 καὶ
417 2681 641 2715 περινοστοῦντες
666 2682 793 2717 ζητοῦσιν
819 2683 930 2711 ὁθενοῦν

154 2722 280 2758 βοήθειαν
303 2724 410 2755 τούτοις
433 2726 603 2761 εἰσαγαγεῖν⁸
627 2727 687 2754 ἀλλ’
707 2728 745 2760 ὡς
771 2729 929 2765 ἐκραγέντι

190 2813 199 2828 ⁸
214 2812 311 2841 Matth.
326 2821 352 2846 ν,
367 2815 392 2843 l.

983 2232 1046 2260 que,
1056 2225 1186 2260 quidquid
1197 2226 1304 2253 tandem
1316 2226 1401 2260 tlerel,
1414 2229 1500 2255 malus
1511 2233 1599 2256 tamen
1610 2238 1769 2264 permansu-

985 2278 1030 2298 rus
1045 2275 1105 2297 erat
1121 2279 1128 2297 :
1146 2270 1202 2298 hmc
1219 2271 1311 2305 igitur.
1323 2277 1348 2298 et
1359 2272 1512 2306 ltujusmodi
1523 2281 1584 2302 cum
1601 2281 1663 2303 ante
1678 2279 1769 2307 oculos

983 2318 1110 2349 habeant,
1128 2323 1154 2344 et
1170 2317 1279 2344 solliciti
1302 2322 1366 2344 sunt
1381 2318 1412 2344 de
1427 2318 1460 2345 iis
1476 2319 1520 2353 qui
1545 2321 1725 2357 deliquerunt,
1742 2330 1769 2352 et

983 2363 1168 2397 aegritudinem
1191 2370 1288 2390 sanare
1314 2369 1457 2396 conantur,
1484 2365 1628 2400 omniaque
1653 2368 1721 2396 tiunt
1742 2376 1769 2398 ct

985 2412 1066 2442 agunt
1077 2407 1139 2434 mali
1164 2406 1270 2434 levandi
1285 2413 1378 2439 causa,
1403 2412 1483 2442 atque
1495 2409 1533 2435 uti
1554 2416 1583 2436 re
1606 2413 1768 2442 succedente

985 2453 1111 2487 gaudent,
1123 2453 1160 2479 ita
1172 2452 1194 2479 si
1205 2451 1270 2478 nihil
1282 2452 1433 2485 perﬁciant,
1442 2452 1544 2481 dolent.
1553 2454 1590 2481 Ac
1603 2457 1698 2483 merito
1711 2459 1769 2492 qui-

984 2500 1063 2526 dem:
1078 2505 1138 2525 nam
1147 2498 1169 2525 si
1184 2501 1245 2532 post
1257 2496 1405 2524 adhibitam
1421 2505 1513 2525 curam
1530 2499 1684 2528 diuturnam
1692 2503 1767 2530 salu-

985 2545 1096 2579 briaque
1110 2544 1238 2576 remedia,
1255 2543 1354 2570 malum
1370 2543 1483 2572 ulterius
1494 2551 1595 2580 serpat,
1609 2555 1661 2574 non
1672 2555 1766 2582 parum

985 2592 1128 2618 verendum
1137 2595 1188 2622 est,
1199 2597 1232 2617 ne
1241 2596 1301 2617 cum
1315 2590 1441 2624 paulatim
1451 2591 1630 2625 praevaluerit,
1639 2593 1664 2619 in
1674 2593 1768 2628 despe-

985 2638 1099 2665 rationis
1115 2636 1231 2663 vortices
1244 2641 1433 2671 correptorum
1452 2638 1557 2664 animos
1578 2637 1714 2673 deturbet,
1737 2640 1767 2669 in

983 2690 1052 2717 quos
1068 2681 1249 2717 prmcipitatus
1269 2689 1348 2709 nemo
1375 2690 1493 2717 unquam
1521 2684 1644 2713 emersit.
1672 2684 1710 2713 Ita
1735 2694 1765 2715 se

983 2732 1079 2765 gerunt
1099 2727 1138 2755 illi
1151 2726 1196 2762 qui
1212 2735 1369 2762 germanam
1386 2729 1551 2764 minimeque
1564 2731 1684 2760 vitiatam
1711 2732 1766 2761 vir-
