1937 3078
180 141 234 174 495
756 140 953 171 MANUELIS
976 138 1185 168 l‘AL/EOLOG
1751 141 1803 171 ως

180 203 265 225 tutem
284 197 424 231 possident
452 206 459 225 :
476 202 504 225 at
522 204 568 232 qui
589 195 735 231 participes
750 196 858 231 quidem
890 195 960 222 illius

1016 194 1095 228 μέλος
1122 193 1169 219 τοῦ
1197 194 1258 220 ὅλου
1280 193 1418 229 σώματος,
1445 195 1492 220 καὶ
1520 194 1628 229 νεκρὸν,
1647 195 1696 221 καὶ
1717 196 1802 223 ἕωλον

170 247 253 276 ,ςυιιῑ,
278 243 507 283 εεᾱγιιᾱυίιοινιιω
522 247 718 277 corruptaeque,
740 242 919 276 deprehensos
938 241 960 266 in

1018 239 1211 274 γεγενημένον,
1231 235 1432 274 άπαγορεύουσί
1460 248 1490 267 τε
1516 241 1564 267 καὶ
1585 241 1801 276 ἀπορρίπτουσι,

178 286 298 322 peccatis
313 293 365 314 non
384 287 534 314 utmiseros
556 286 665 317 deﬂent,
695 293 743 313 nec
762 290 789 312 ut
803 285 881 319 agris
896 285 960 312 suh-

1015 287 1168 320 σπὰραγμα
1184 286 1247 312 κυσί
1258 294 1286 312 τε
1304 286 1351 312 καὶ
1367 286 1491 321 κόραξιψ
1510 287 1526 321 ἦ
1541 287 1572 313 τό
1587 295 1618 321 γε
1633 288 1801 323 οἰκειότερον

178 333 301 365 veniunt,
329 339 380 360 nec
397 337 591 366 praetereuntes
616 331 756 366 profutura
786 331 892 362 docent,
917 334 960 356 aut

1014 331 1109 366 φάναι,
1127 330 1225 367 βρῶμα
1244 332 1381 367 δαίμοσιν·

178 379 344 414 obvagantes
355 386 431 414 opem
450 379 627 413 undecunque
639 378 813 412 conquirunt,
829 384 909 411 quam
921 377 960 404 eis
988 377 1087 411 l'érant,
1119 379 1165 406 sed
1196 379 1280 406 veluti
1298 378 1451 407 membrum
1497 379 1631 414 quoddam
1646 387 1661 406 a
1689 387 1803 414 corpore

179 433 238 454 toto
273 427 406 460 avulsum,
434 431 460 454 et
488 431 641 454 emortuum
673 426 878 458 marcidumque
906 424 961 459 jam
972 423 1084 456 factum.
1104 425 1232 454 abdicant
1267 430 1348 460 atque
1375 425 1512 460 rejiciunt,
1534 425 1648 454 canibus
1673 431 1701 454 et
1712 427 1803 454 corvis

179 472 393 506 dilacerandum,
407 473 449 500 vel
468 473 504 499 uti
523 472 608 507 magis
624 471 733 506 proprie
761 470 867 504 loquar,
885 470 964 497 malis
980 471 1065 505 geniis
1085 472 1281 500 devorandum.
1294 471 1375 501 Poeta
1390 472 1499 507 quidem
1512 472 1625 504 diceret,

291 551 298 558 .
329 531 406 565 Ipsos
434 535 522 557 autem
549 530 709 563 turribusque
734 529 876 562 avibusque

284 566 383 593 cuncti:
397 565 490 592 obtulit
506 566 532 591 in
547 565 677 598 pra'dam.

217 613 252 638 At
281 619 349 645 quos
367 610 503 641 homines,
528 609 667 637 obsecro?
688 617 801 642 quorum
819 608 860 635 vel
881 608 966 635 hostis

181 657 308 684 misertus
324 655 415 688 fuerit,
443 655 572 688 humique
595 654 747 688 iacentibus
763 661 871 680 manum
900 660 964 687 por-

180 702 294 729 rexerit.
325 701 384 728 lmo
412 705 534 727 mortuos
559 700 639 726 etiam
668 699 790 726 homines
813 698 962 725 honoribus

178 746 288 773 afﬁcere
301 745 503 776 consuevimus,
521 749 548 771 et
568 744 652 770 multa
669 743 791 777 eisjusta
809 743 962 770 necessario

178 791 381 828 persolvimus:
400 790 433 818 ab
449 790 550 818 eisdem
568 789 720 816 membrum
747 795 853 823 quoque
875 787 964 814 abcis-

178 847 249 871 sum,
262 846 293 865 ac
311 843 475 872 quocunque
494 835 573 862 modo
590 840 736 866 mortuum,
767 840 959 867 nonnunquam

179 885 213 913 ob
229 885 282 913 illis
294 885 361 920 ipsis
377 884 422 918 qui
441 885 627 914 resecuerunt,
645 880 959 912 etconnniserationem,

179 937 206 959 et
233 931 402 966 sepulturam
432 928 625 962 consequitur:
659 933 773 961 quarum
793 933 858 952 sane
875 925 961 960 legum

179 977 334 1004 meminisse
347 974 431 1002 multo
447 974 531 1008 magis
546 972 688 1007 oportebat
704 974 730 999 in
747 971 779 999 iis
795 972 839 1005 qui
856 976 882 999 et
909 971 961 997 rivi

179 1027 239 1050 sunt
253 1027 281 1050 et
295 1022 369 1056 aegri,
390 1028 469 1054 quam
497 1021 524 1046 in
552 1018 604 1046 illis
620 1018 665 1052 qui
690 1017 778 1044 omnis
804 1018 863 1051 opis
883 1023 962 1044 sensu

179 1071 283 1096 carent.
313 1067 347 1094 At
361 1067 404 1094 isti
433 1066 623 1101 praeclararum
653 1065 680 1091 in
698 1065 747 1091 hac
767 1066 845 1098 parte
874 1063 962 1098 legum

177 1114 384 1146 obliviscuntur,
398 1114 443 1141 ubi
457 1113 542 1140 multo
553 1112 672 1140 maxime
685 1112 792 1139 illarum
805 1109 963 1137 meminisse

178 1159 322 1192 debebant,
339 1158 444 1186 etiamsi
460 1162 618 1185 catterarum
635 1157 755 1184 omnium
772 1155 964 1183 oblivisceren-

178 1210 245 1237 tur;
264 1212 317 1232 non
335 1212 368 1232 eo
383 1203 515 1230 duntaxat
544 1204 614 1237 quod
633 1203 668 1230 ita
689 1202 820 1229 rationem
845 1199 962 1226 habituri

178 1251 301 1278 vivorum
314 1255 406 1278 essent
435 1257 467 1277 ac
486 1249 644 1284 plerumque
663 1247 839 1279 sanabilium,
869 1251 961 1272 verum

178 1297 259 1323 etiam
277 1299 418 1330 propterea
441 1295 512 1328 quod
527 1294 554 1321 hi
572 1293 666 1320 morbo
696 1293 820 1320 laborent
843 1291 963 1318 minante

179 1350 230 1369 non
246 1341 353 1375 corpori
367 1344 493 1372 mortem,
508 1346 590 1374 quam
610 1338 685 1365 obire
706 1337 860 1365 necessario
885 1337 962 1370 cogi-

138 1396 140 1399 ‘
177 1395 250 1419 mur,
266 1386 439 1414 accedentem
453 1389 549 1419 sponte
569 1391 628 1417 sua,
659 1391 758 1418 perque
787 1383 964 1410 resurrectio—

179 1442 240 1462 nem
268 1432 438 1463 abolendam,
459 1431 505 1457 sed
529 1430 630 1463 animo,
659 1430 736 1462 mjus
761 1434 862 1456 αξιοι-ηε
891 1436 963 1456 mors

1131 548 1138 556 .
1167 529 1281 562 Αὐτοὺς
1296 529 1331 556 δὲ
1349 529 1457 564 ἑλώρια
1476 529 1565 564 τεῦχε
1584 529 1744 562 κύνεσσιν,

1103 564 1236 591 οῑωνοῐσί
1249 573 1281 591 τε
1295 565 1400 592 πᾶσιν.
1423 584 1429 591 .
1453 583 1461 592 .
1483 584 1491 593 .
1512 584 1520 592 .

1016 608 1092 636 εἶπεν
1117 610 1149 637 ἂν
1177 611 1190 636 ὁ
1215 611 1340 645 ποιητής.
1367 610 1423 637 Καὶ
1444 609 1541 641 ταῦτα,
1565 610 1657 643 τίναςς
1681 609 1728 641 οὓς
1751 610 1801 637 κᾶν

1016 656 1111 690 ἐχθρὺς
1128 656 1243 692 ἠλέησεν
1265 656 1419 691 ἄνθρωπος,
1441 657 1489 683 καὶ
1508 656 1589 691 χεῖρά
1612 665 1644 689 γε
1662 657 1802 691 κειμένοις

1016 701 1116 737 ὤρεξεν
1127 702 1169 729 ἄν.
1180 702 1278 728 Καίτοι
1291 702 1336 728 καὶ
1348 702 1462 737 νεκροὺς
1472 701 1623 736 ἀνθρώπων
1636 702 1694 732 ἔθος
1704 702 1798 736 τιμᾷν,

1016 748 1063 773 καὶ
1078 748 1163 774 πολλὰ
1176 748 1210 774 τὰ
1225 747 1392 782 νομιζόμενα
1404 747 1449 774 ἐπ’
1462 747 1560 779 αὐτοὺς
1576 747 1686 781 ἀνάγκη
1701 747 1799 773 τελεῖν·

1017 795 1064 820 καὶ
1081 795 1160 828 μέλος
1174 794 1203 820 δέ
1214 795 1307 825 αὐτοῖς
1317 794 1432 829 τμηθὲν,
1448 795 1494 821 καὶ
1507 794 1644 821 ἀποθανδν
1658 793 1719 820 καθ’
1730 795 1801 820 οἱον-

981 825 1001 851 B
1015 825 1110 874 δήτινοι
1133 840 1246 875 τρόπον,
1267 841 1317 866 καὶ
1336 825 1443 872 ἐλέους,
1469 841 1518 866 καὶ
1536 841 1635 874 ταφῆς,
1662 840 1708 866 καὶ
1733 840 1799 874 παρ’

1013 886 1125 912 ἐκείνων
1148 885 1239 913 αὐτῶν
1270 886 1344 912 ἐστιν
1368 886 1413 913 ὅτε
1436 887 1489 912 τῶν
1515 885 1708 920 ἀποτεμόντων
1735 886 1800 912 αὐτὸ

1012 931 1152 964 τυγχάνει.
1163 931 1217 958 Καὶ
1232 931 1286 958 ἔδει
1300 939 1332 965 γε
1349 931 1504 966 μεμνῆσθαι
1517 931 1572 957 τῶν
1584 931 1675 964 νόμων
1690 929 1798 956 τούτων

1014 977 1103 1012 πολλῷ
1121 985 1152 1011 γε
1173 977 1276 1012 μᾶλλον
1299 977 1345 1004 ἐπὶ
1368 978 1422 1004 τῶν
1442 978 1551 1009 ζώντων
1567 985 1597 1003 τε
1623 978 1670 1003 καὶ
1686 976 1799 1003 νοσούν-

1012 1032 1076 1055 των,
1090 1024 1106 1058 ἢ
1119 1024 1172 1049 τῶν
1186 1023 1318 1058 μηδαμῶς
1329 1022 1535 1057 αἰσθανομένων
1547 1022 1704 1057 ἡστινοσοῦν
1735 1022 1800 1057 βοηο

1013 1069 1098 1101 θείας.
1117 1069 1149 1096 Οῑ
1170 1068 1199 1095 δὲ
1225 1069 1343 1095 ἐνταῦθα
1372 1069 1426 1096 τῶν
1453 1068 1545 1096 καλῶν
1572 1068 1798 1095 ἐπιλανθάνονται

1014 1115 1114 1150 νόμων,
1129 1114 1194 1141 ἔνθα
1209 1114 1318 1143 πάντων
1329 1114 1436 1148 μάλιστ’
1451 1114 1535 1149 ἐχρῆν
1552 1113 1720 1149 μεμνῆσθαι,
1746 1114 1799 1141 κᾶν

1014 1161 1038 1186 εί
1053 1159 1238 1194 πάντωνὸμοῦ
1251 1158 1307 1185 τῶν
1323 1159 1411 1186 ἄλλων
1426 1159 1658 1185 ἐπιλανθάνοιντο·
1671 1159 1700 1185 οὐ
1718 1159 1800 1193 μόνον

1015 1207 1056 1232 ὅτι
1080 1205 1191 1238 ζώντων
1204 1205 1418 1247 ἐπιμελήσονται
1428 1206 1475 1232 καὶ
1489 1204 1605 1239 ίασίμων
1616 1204 1653 1235 ὡς
1665 1204 1798 1236 ταπολλὰ,

1013 1251 1071 1278 ἀλλ’
1086 1251 1183 1286 ὅτιπερ
1202 1252 1250 1278 καὶ
1274 1252 1351 1278 νόσον
1374 1247 1447 1278 οὗτοι
1471 1250 1607 1283 νοσοῦσιν,
1632 1249 1799 1277 ἀπειλοῦσαν

1012 1298 1042 1324 οὐ
1055 1297 1094 1332 τῷ
1109 1297 1216 1333 σώματι
1231 1297 1362 1329 θάνατον,
1377 1296 1407 1328 ὃς
1422 1297 1469 1324 καὶ
1482 1297 1631 1330 ἀναγκαῖος
1647 1297 1713 1331 ἡμῖν
1727 1297 1798 1328 ἐστι,

1013 1343 1060 1370 καὶ
1076 1344 1183 1370 ἔπεισιν
1196 1343 1359 1377 αὐτόματος,
1375 1342 1424 1369 καί
1441 1350 1508 1369 ποτε
1521 1342 1670 1376 λυθήσεται
1683 1343 1715 1377 τῇ
1730 1342 1799 1369 ἀνα-

1014 1390 1118 1416 στάσει·
1134 1389 1202 1416 me
1217 1390 1249 1424 τῇ
1262 1390 1346 1424 ψυχῇ,
1359 1387 1393 1425 ἦς
1405 1388 1540 1420 ἀθάνατος
1551 1389 1566 1415 ό
1579 1388 1694 1418 θάνατός
1707 1389 1797 1415 ἐστιν·

1013 1435 1122 1466 αίώνιος
1134 1435 1199 1470 γάρ.
1214 1435 1312 1470 Ψυχῆς
1329 1434 1384 1469 γάρ
1400 1434 1515 1461 θάνατον
1528 1433 1570 1460 δεῖ
1579 1434 1650 1460 νοεῖν
1663 1434 1694 1459 τὸ
1710 1441 1799 1468 κεχως

179 1485 232 1512 est,
252 1486 313 1506 cum
328 1483 356 1505 et
371 1478 427 1512 ipse
442 1476 477 1503 sit
496 1480 613 1502 mteruus
629 1483 637 1507 ;
660 1475 741 1502 animi
759 1481 875 1508 namque
890 1481 960 1501 mor-

1014 1481 1104 1517 ρίσθαι
1119 1481 1199 1508 Θεοῦ.
1220 1481 1276 1507 Καὶ
1295 1481 1327 1509 Γεἰ
1340 1482 1355 1507 ὁ
1376 1479 1443 1512 Θεός
1465 1479 1573 1518 ἐστιν-ἡ
1589 1478 1704 1514 ἀληθινὴ
1728 1478 1798 1513 ζωὴ,

179 1532 232 1554 tom
257 1523 406 1558 intelligere
431 1522 561 1550 debemus
583 1528 643 1548 esse
673 1521 835 1554 diremptum
853 1527 868 1547 a
892 1519 957 1547 Deo.

179 1571 254 1606 Quod
272 1571 294 1598 si
311 1570 378 1597 Deus
396 1576 459 1596 vera
478 1568 531 1594 rita
548 1571 599 1600 est,
616 1566 661 1601 qui
687 1561 798 1600 prorsus
815 1565 870 1593 Deo
898 1573 960 1600 spo-

179 1618 233 1645 liati
244 1621 308 1647 sunt
324 1616 418 1647 animi,
435 1621 526 1641 veram
543 1613 626 1640 vitam
643 1612 803 1644 amiserunt,
826 1613 859 1640 ad
877 1619 957 1647 quam

178 1665 280 1692 reditus
295 1662 406 1690 omnino
422 1660 510 1688 nullus
524 1667 584 1687 esse
601 1663 699 1694 potest.
715 1658 863 1692 Cmteroqui
894 1665 958 1685 vero

177 1717 275 1745 corpus
290 1709 334 1736 ubi
349 1713 485 1735 mortuum
508 1705 607 1738 fuerit,
625 1709 655 1732 ut
685 1712 745 1731 cum
773 1711 805 1731 eo
826 1703 958 1730 moriatur

177 1756 283 1784 animus
301 1754 357 1782 ﬂeri
374 1761 426 1781 non
444 1756 541 1788 potest.
561 1751 595 1778 At
618 1750 662 1777 ubi
680 1749 860 1777 tristissimam
886 1749 957 1776 illam

178 1807 293 1830 mortem
306 1799 452 1835 oppetierit
464 1798 583 1829 animus,
598 1797 680 1824 etiam
691 1803 789 1830 corpus
802 1796 890 1831 ipsum
899 1800 960 1830 post

178 1847 404 1877 resurrectionem
420 1843 498 1879 quasi
515 1847 651 1871 mortuum
669 1846 696 1869 et
712 1842 839 1868 miserum
872 1841 960 1868 modis

177 1894 303 1922 omnibus
317 1891 370 1919 erit
386 1899 393 1917 :
409 1897 469 1917 nam
486 1897 538 1924 quo
556 1894 635 1923 pacto
651 1896 696 1916 res
712 1888 791 1914 aliter
809 1887 909 1915 habere
924 1895 954 1915 se

178 1938 274 1972 possit,
291 1943 352 1964 cum
370 1935 396 1962 id
411 1934 483 1969 quod
502 1934 589 1968 ipsum
604 1940 702 1968 corpus
716 1933 851 1967 ivivilieat,
869 1940 958 1961 veram

177 1984 272 2017 vitam,
302 1989 361 2017 quae
378 1981 446 2008 Deus
466 1983 518 2012 est,
534 1979 677 2007 amiserit?
695 1978 796 2006 Eadem
810 1983 886 2006 estet
903 1979 959 2007 dae-

177 2037 288 2058 monum
299 2029 386 2062 ratio;
404 2035 464 2054 nam
487 2035 545 2060 eos,
564 2026 610 2060 qui
636 2032 725 2052 veram
752 2027 834 2052 vitam
861 2025 959 2052 amise-

180 2081 251 2108 runt,
268 2082 320 2102 non
332 2074 373 2101 fas
389 2078 430 2100 est
444 2073 555 2100 mutatis
581 2071 678 2098 animis
700 2071 733 2097 ad
759 2077 819 2097 eam
847 2070 958 2098 redire:

178 2122 248 2157 quod
262 2120 370 2155 quidem
388 2118 442 2145 illis
458 2118 480 2144 si
505 2121 668 2151 superesset,
697 2114 875 2143 consimiliter
896 2114 955 2141 ﬁeri

178 2170 279 2202 posset.
293 2168 321 2191 ut
336 2162 471 2190 emendati
504 2162 559 2188 vita
587 2160 631 2187 illa
661 2167 769 2195 queque
798 2160 958 2194 potirentur.
977 2165 998 2192 ι)

212 2210 392 2246 Quamobrem
409 2215 483 2235 mors
502 2206 585 2234 animi
602 2213 645 2233 res
659 2205 701 2233 est
713 2205 833 2232 omnium
844 2205 961 2232 maxime

130 2285 139 2292 _
178 2255 368 2287 formidabilis,
394 2258 420 2282 et
437 2253 482 2288 qui
524 2252 617 2279 morbo
650 2251 772 2278 laborant
799 2251 833 2277 ad
861 2250 959 2277 malum

178 2304 230 2330 hoc
247 2302 387 2333 tendente,
410 2307 463 2327 non
492 2302 582 2326 mente
610 2296 730 2332 pra-ditis
758 2303 819 2324 esse
833 2295 896 2324 odio
914 2296 962 2323 de-

178 2351 253 2382 bent,
274 2347 321 2375 sed
347 2345 561 2374 misericordiam
584 2343 673 2378 potius
704 2343 813 2370 mereri.
841 2342 881 2370 Ac
912 2349 962 2376 par

177 2395 286 2429 quidem
320 2397 378 2419 erat
407 2390 489 2418 dubio
521 2389 627 2424 procul,
659 2393 688 2415 ut
706 2388 752 2422 qui
775 2392 801 2415 et
833 2387 958 2414 virtutem

177 2445 204 2468 et
242 2438 430 2470 vitiositatem,
463 2435 594 2470 quasique
632 2434 712 2462 ambo
743 2433 818 2460 istmc
859 2433 960 2466 promi-

177 2493 243 2515 scue
266 2483 416 2520 possident,
433 2482 565 2509 adversus
587 2484 701 2508 caeteros
718 2486 778 2507 sese
801 2487 854 2506 non
880 2479 960 2506 ell‘er-

177 2537 238 2562 rent
254 2532 289 2560 ob
309 2537 391 2558 unam
408 2529 478 2557 illam
497 2532 601 2564 partem
619 2526 770 2559 meliorem,
789 2533 840 2553 nec
855 2525 959 2553 vitiosi-

176 2580 240 2607 tatis
256 2585 337 2606 causa
353 2576 454 2604 vultum
467 2575 494 2602 in
509 2580 607 2602 terram
618 2573 777 2608 deﬁgerent.
791 2573 825 2599 At
839 2572 882 2599 isti
896 2580 960 2600 con—

177 2625 272 2656 trario,
289 2629 369 2658 quam
386 2629 434 2657 par
446 2624 517 2653 erat,
535 2620 615 2647 modo
627 2626 656 2646 se
673 2622 780 2653 gerunt.
797 2617 864 2645 Nam
880 2625 959 2652 prop-

178 2676 217 2698 ter
235 2668 340 2705 rirtutis
354 2667 518 2703 portionem,
545 2669 650 2692 tantum
676 2671 728 2692 non
752 2664 840 2698 ipsum
860 2663 958 2691 coelum

177 2713 354 2745 somniantes,
375 2719 471 2746 graves
486 2718 518 2738 ac
542 2709 727 2737 intolerabiles
755 2714 829 2741 sunt,
844 2714 959 2742 caeteros

178 2766 225 2791 pro
239 2758 323 2786 nihilo
334 2759 472 2790 ducentes,
483 2757 569 2791 ipsam
586 2763 648 2783 vero
657 2755 842 2788 vitiositatem,
855 2763 915 2790 qua:
932 2757 958 2784 in

178 2805 218 2832 eis
236 2808 289 2838 est,
306 2811 356 2831 nec
373 2809 445 2831 recte
457 2806 617 2838 agnoscunt,
631 2809 691 2829 cum
707 2801 741 2828 ab
753 2809 783 2829 ea
795 2809 871 2829 mens
886 2803 960 2837 ipso—

177 2858 238 2879 rum
253 2854 380 2882 corrupta
408 2850 453 2884 sit,
467 2855 492 2878 e'
524 2848 642 2884 agnitam
662 2856 709 2878 oro
721 2855 750 2877 re
778 2848 828 2876 lev'
845 2851 960 2881 ducunt,

1015 1529 1043 1555 αι
1061 1529 1106 1555 τὸν
1130 1528 1197 1555 θεὸν
1217 1525 1346 1558 καθάπαξ
1362 1525 1544 1561 ζημιωθεῖσαι
1558 1525 1645 1560 ψυχαὶ
1667 1526 1715 1559 τὴν
1732 1525 1799 1560 ἀλη-

1015 1575 1092 1610 θινὴν
1117 1574 1190 1608 ζωὴν
1206 1573 1352 1600 ἀπέϐαλον·
1371 1573 1411 1603 είς
1426 1573 1459 1607 ἥν
1483 1580 1515 1606 γε
1537 1571 1618 1598 πάλιν
1637 1571 1799 1597 ἐπανελθεῖν

1016 1620 1158 1654 ἀμήχανον
1175 1617 1325 1649 παντελῶς.
1345 1617 1438 1652 Χωρὶς
1461 1617 1489 1643 δὲ
1510 1616 1612 1644 τούτων
1636 1616 1799 1643 ἀποθανόντι

1017 1665 1066 1700 μέν
1082 1664 1121 1699 τῷ
1142 1664 1248 1698 σώματι
1263 1664 1313 1690 οὐκ
1333 1663 1421 1690 ἔνεστι
1439 1663 1637 1690 συναποθανεῖν
1658 1662 1733 1697 αὐτῷ
1748 1662 1799 1697 τὴν

1014 1710 1117 1745 ψυχήν·
1133 1709 1182 1744 τῆς
1195 1709 1223 1735 δέ
1236 1707 1326 1743 ψυχῆς
1337 1707 1501 1742 τεθνηκυίας
1518 1707 1564 1733 τὸν
1578 1707 1710 1733 οίκτιστον
1724 1706 1799 1733 ἐκεῖ-

1015 1764 1059 1782 νον
1073 1755 1197 1787 θάνατον,
1211 1754 1259 1781 καὶ
1274 1754 1305 1780 τὸ
1318 1753 1398 1787 σῶμα
1411 1753 1480 1786 μετὰ
1493 1752 1523 1779 τὺ
1534 1753 1682 1788 ἀναστῆναι
1690 1752 1800 1788 ὡσπερ-

1016 1803 1040 1829 el
1065 1801 1173 1832 τεθνεός
1188 1800 1236 1827 καὶ
1260 1800 1352 1827 ἄθλιον
1367 1800 1540 1827 παντάπασιν
1557 1799 1645 1826 ἔσται.
1665 1798 1728 1830 Πῶς
1744 1799 1799 1833 γὰρ

1014 1848 1064 1882 ob;
1080 1847 1127 1874 τοῦ
1145 1846 1343 1881 ζωογονοῦντος
1368 1846 1444 1879 αὐτὸ,
1461 1846 1493 1872 τὸ
1517 1845 1621 1880 κυρίως
1645 1845 1707 1880 ζῇν,
1724 1844 1799 1878 λέγω

1013 1893 1047 1928 δὴ
1062 1893 1107 1920 τὸν
1124 1892 1202 1924 Θεὸν,
1221 1891 1435 1924 ἀπολωλεκότος.
1453 1890 1531 1918 Οὕτω
1549 1891 1597 1918 καὶ
1613 1891 1637 1917 οί
1656 1890 1797 1924 δαίμονες.

1015 1940 1071 1975 Τὴν
1093 1939 1146 1976 γὰρ
1169 1939 1299 1974 ἀληθινὴν
1314 1938 1386 1973 ζωὴν
1408 1938 1605 1970 ἀπολέσαντας,
1623 1937 1675 1963 οὐκ
1690 1936 1798 1962 ἔνεστιν

1014 1984 1173 2012 ἐπανελθεῖν
1188 1985 1227 2016 είς
1252 1983 1337 2019 αὐτὴν
1355 1983 1550 2018 μεταγνόντας.
1566 1982 1609 2013 Ὠς
1622 1983 1646 2008 el
1659 1980 1798 2008 καὶτοῦτο

1014 2030 1123 2065 περιῆν,
1137 2028 1172 2066 ἦν
1194 2029 1226 2057 ἂν
1247 2030 1348 2063 ὁμοίως
1362 2028 1571 2064 διορθωθέντας,
1589 2028 1636 2054 καὶ
1653 2027 1701 2062 τῆς
1724 2026 1797 2061 ζωῆς

1013 2076 1123 2110 ἐκείνης
1136 2076 1326 2110 τετυχηκέναι.

1052 2210 1082 2237 Ὀ
1093 2210 1142 2245 τῆς
1157 2209 1247 2244 ψυχῆς
1260 2209 1314 2244 ἄρα
1329 2209 1442 2240 θάνατος
1460 2208 1491 2234 τὺ
1514 2208 1703 2243 φοϐερώτατόν
1720 2209 1795 2235 ἐστιν

1011 2258 1150 2284 ἁπάντωνο
1161 2257 1207 2283 καὶ
1220 2257 1243 2283 οί
1258 2256 1335 2283 νόσον
1349 2263 1381 2290 γε
1393 2254 1536 2286 νοσοῦντες
1548 2255 1588 2286 είς
1604 2254 1682 2281 τοῦτο
1696 2256 1795 2289 φέρου-

1011 2313 1060 2331 σαν
1073 2303 1104 2330 τὸ
1119 2303 1205 2329 δεινὸν
1221 2303 1251 2329 οὒ
1269 2303 1392 2337 μισητέοι
1408 2301 1471 2328 νοῦν
1491 2302 1610 2337 ἔχουσιν,
1629 2301 1686 2328 ἀλλ’
1701 2301 1795 2332 ἐλέους

1010 2349 1091 2382 ἄξιοι.
1105 2346 1160 2374 Ἦν
1175 2348 1225 2383 μέν
1247 2345 1305 2379 οὖν,
1327 2345 1414 2382 οῐμαι,
1433 2347 1571 2383 προσῆκον
1586 2347 1714 2377 ἐπιεικῶς
1731 2348 1795 2377 τοὺς

1012 2394 1198 2428 κεκτημένους
1217 2392 1267 2427 μὲν
1289 2392 1400 2428 ἀρετὴν,
1419 2392 1608 2426 κεκτημένους
1629 2391 1658 2418 δὲ
1680 2393 1792 2424 κακίαν,

1013 2438 1059 2465 καὶ
1069 2436 1124 2464 οἷον
1135 2436 1236 2471 ἀναμὶξ
1247 2437 1342 2471 ἄμφω,
1355 2437 1392 2472 μὴ
1407 2436 1461 2463 τῶν
1476 2436 1564 2463 ἄλλων
1576 2436 1795 2471 καττπαίρεσθαι

1011 2484 1057 2511 διὰ
1068 2484 1097 2511 τὸ
1105 2483 1286 2520 χρηστότερον
1299 2483 1392 2518 μέρος·
1406 2483 1454 2518 τῆς
1467 2483 1495 2509 δὲ
1511 2482 1608 2514 κακίας
1623 2483 1705 2509 ἕνεκα
1719 2483 1795 2510 κάτω

1012 2532 1137 2562 κύπτειν,
1149 2531 1174 2556 οἱ
1188 2530 1210 2557 δ’
1224 2529 1339 2562 ἐναλλὰξ
1353 2528 1519 2565 ἐργάζονται
1535 2528 1566 2555 τὸ
1582 2528 1731 2564 προσῆκον.
1746 2529 1796 2555 Διὰ.

1009 2577 1063 2612 γὰρ
1079 2577 1109 2603 τὸ
1123 2576 1207 2612 μέρος
1220 2575 1271 2610 τῆς
1285 2574 1399 2610 ἀρετῆς,
1412 2574 1525 2609 μονονοὺ
1537 2573 1582 2600 τὸν
1597 2573 1711 2608 οὐρανὸν
1726 2574 1796 2600 ὀνει-

1011 2621 1201 2657 ροπολοῦντες,
1220 2621 1313 2656 βαρεῖς
1326 2621 1379 2646 εισι
1399 2621 1446 2647 καὶ.
1465 2619 1610 2654 ἀφόρητα,
1626 2618 1710 2654 μηδὲν
1729 2620 1794 2650 τοὺς

1009 2667 1107 2698 ἄλλους
1130 2665 1201 2694 εἶναι
1219 2666 1385 2700 νομίζοντες·
1402 2665 1488 2700 αὐτὴν
1507 2665 1535 2691 δὲ
1559 2664 1609 2699 τὴν
1622 2665 1722 2691 κακίαν
1744 2664 1794 2697 τὴν

1011 2713 1039 2738 ἐν
1055 2712 1146 2742 αὐτοῖς
1161 2710 1223 2737 οὔτε
1248 2710 1336 2741 καλῶς
1355 2709 1547 2744 γινώσκουσιν,
1566 2709 1614 2736 ὑπ’
1634 2710 1742 2744 ἐκείνης
1760 2717 1792 2743 γε

1009 2758 1058 2789 τὰς
1073 2758 1174 2793 φρένας
1190 2756 1384 2792 βεὸλαμμένοι,
1400 2757 1445 2782 καὶ
1460 2757 1537 2791 παρὰ
1559 2756 1661 2791 φαῦλον
1678 2755 1792 2789 ἄγουσιν

1009 2803 1195 2838 ἐγνωσμένην.
1206 2803 1261 2829 Καὶ
1271 2802 1331 2828 οὐδὲ
1344 2801 1518 2829 αἰσθάνονται
1529 2802 1615 2830 ταῦτα
1629 2803 1791 2837 πάσχοντες.

1011 2849 1062 2877 "llv
1078 2848 1104 2876 δὲ
1119 2850 1174 2878 τοῖς
1197 2849 1288 2878 αὐτοῖς
1303 2847 1417 2880 ἐκείνοις
1436 2848 1491 2884 ἁλῷ
1506 2857 1549 2880 τις
1571 2849 1664 2880 ἕτερος
1678 2849 1792 2882 πάθεσι,
