1937 3078
139 77 197 110 5οι
214 99 217 102 ι

856 82 998 114 ORATIO
1018 83 1067 114 Vi.

1686 58 1689 60 ξ
1722 79 1778 113 502

143 139 296 174 μαζόμενοι
312 139 347 167 δι’
371 140 473 176 ἀρετὴν
497 141 590 176 σχεδὸν
613 141 734 173 ἅπαντες
750 143 800 177 οὐχ
819 142 927 169 ἃπαντα

987 144 1116 173 ramento,
1128 140 1210 168 divini
1225 144 1254 167 ttt
1264 139 1381 167 hominis
1389 138 1529 174 cujusdam
1540 137 1631 166 .verbis
1642 142 1713 165 utar.
1721 138 1774 165 Sed

138 185 281 219 διέφυγον,
296 185 314 212 ἃ.
330 187 428 220 φυγεῖν
453 187 517 214 ἔδει.
534 188 564 214 Οῐ
589 188 638 222 μὲν
665 187 719 222 γὰρ
744 188 851 220 τούτου,
864 190 888 215 οἱ
905 189 932 214 δὲ

139 231 261 262 ἐκείνου.
292 231 359 266 ὁμοῦ
387 231 415 258 δὲ
442 233 542 264 πάντες
566 233 674 260 πάντων
701 234 889 268 ἐπειράθησαν
905 235 933 260 ἐν

141 276 233 311 μέρει,
250 277 288 308 ὡς
321 278 412 310 γνοῖεν
434 278 552 310 ἇπαντες
578 279 777 313 σφᾶςαὺτοὺς,
793 279 932 314 ἄνθρωποί

138 331 215 353 τινες
236 322 407 353 δντες.”Ὠστε
431 324 525 355 παιδός
544 325 600 351 ἐστι
619 326 667 351 καὶ
693 322 934 360 παραφρονοῦντος

138 368 359 403 διισχυρίζεσθαί
375 377 437 395 τινα
460 370 553 396 ἐκεῖνα
571 370 726 404 διαφυγεῖν,
743 368 780 397 ὧν
793 371 817 397 οἱ
834 371 933 402 πάντες

139 413 275 440 ἑάλωσαν.
289 414 320 440 Εἰ
334 415 387 449 γὰρ
401 415 415 441 ὁ
430 414 569 447 θειότατος
586 416 691 448 Παῦλος
704 417 782 443 οὐδὲν
797 416 847 451 μὲν
868 417 933 443 ἐαυ-

137 458 179 492 τῷ
195 459 313 494 συνῄδει,
330 459 425 486 ἐδεδίει
442 460 470 486 δὲ
485 460 534 495 τὴν
551 461 675 495 ἄγνοιαν.
688 462 736 489 καὶ
747 461 840 495 ἔλεγεν
852 470 859 478 ’
871 462 933 489 Οὐκ

137 505 283 538 ἐντούτῳ
307 505 515 540 δεδικαίωμαι·
540 507 598 538 πῶς
620 508 651 534 οὐ
672 509 785 543 τρέμειν
810 508 934 540 ἅπαντας

138 552 206 586 χρὴ,
217 551 348 584 δεδιότας,
366 553 402 587 μή
416 561 442 579 τι
461 554 509 580 καὶ
523 553 652 589 λελήθασι
664 554 735 587 σφᾶς
764 554 873 585 αὐτοὺς.
888 554 934 580 καὶ

139 599 169 624 ὲν
199 594 222 632 ᾧ
244 598 368 626 δοκοῦσιν
393 599 514 632 ἑστάναι,
540 601 665 632 κεῖνται;
692 601 747 631 τοῖς
776 600 830 635 γὰρ
851 600 934 627 αὑτοῦ

140 643 223 670 πάλιν
250 643 398 678 χρήσομαι.
423 645 545 676 Ἐκεῖνος
572 644 612 676 ειξ
637 645 731 680 τρίτον
747 646 797 680 μὲν
818 646 934 680 οὐρανὺν

139 689 322 725 ἁναϐἑΰηκεν·
335 688 368 726 ἧν
380 691 403 716 δ’
417 691 464 717 οὖν
478 691 554 725 ὅμως
565 691 825 724 ὑπωπιάζωναὺτοῦ
837 692 867 719 τδ
881 693 934 718 σῶ-

142 743 192 768 μα,
207 735 255 762 καὶ
274 736 467 770 δουλαγωγῶν,
515 745 593 771 φησι,
615 737 715 772 μήπως
736 738 826 770 ἄλλοις
846 738 933 774 κηρύ-

142 781 200 814 ξας,
213 782 295 814 αὐτὸς
316 782 448 816 ἀδόκιμος
464 782 590 817 γένηται.
608 783 656 814 Τίς
673 783 719 809 οὖν
735 783 806 811 οὕτω
831 784 933 818 θρασύς

141 828 200 855 ἔστι
213 836 220 859 ;
234 828 275 860 τίς
294 828 395 863 εὐήθης
408 850 415 861 ,
441 828 479 860 ὡς
496 830 561 864 περὶ
578 828 633 855 τῶν
657 829 764 864 ἀδήλων
788 830 935 862 ἀλαζονεύ-

141 873 253 906 trnseat,
270 874 317 900 καὶ
349 874 487 910 θαρῤἦσαι
513 874 611 908 πάγιος
634 874 726 909 μένειν
742 876 823 902 παντὶ
841 876 929 910 καιρῷ

141 919 190 945 καὶ
203 919 406 952 συμπτώματι;
429 919 458 946 '0
482 919 538 954 βίος
552 915 630 951 οὗτος
647 920 704 952 ὁδός
719 921 793 947 ἐστι·
812 922 858 947 καὶ
875 922 931 956 ἔχει

143 965 194 999 μὲν
209 965 331 995 ὀλίσϐους
344 965 384 992 ὅτι
397 965 524 998 πολλοὺς,
540 965 596 998 ἔχει
609 966 854 1001 δὲ,προσκόμματα
866 975 873 982 ⁸
883 968 932 995 καὶ

142 1009 244 1036 πλάναι
259 1009 346 1044 τούτῳ
365 1009 481 1043 φύονται
501 1011 610 1044 συχναὶ,
628 1010 714 1037 πολλὰ
728 1011 762 1037 τὰ
783 1012 931 1045 προσιστά-

143 1064 213 1091 μενα
228 1055 410 1090 κεκτημέναι.
422 1056 478 1082 Καὶ
495 1056 539 1091 εἴη
564 1056 596 1083 ἄν
623 1065 665 1083 σοι
688 1057 780 1089 καλὴν,
796 1055 884 1092 οἶμαι,
899 1058 930 1084 τὸ

143 1101 229 1136 μηδὲν
258 1100 349 1136 σαυτῷ
379 1101 599 1136 συνειδότι.μετὰ
620 1102 667 1128 τοῦ
683 1102 788 1129 Παύλου
812 1103 931 1137 φθέγξα-

143 1147 237 1185 σθαιχ
251 1148 312 1174 Οὐκ
328 1147 363 1173 ἐν
380 1147 477 1180 τούτῳ
510 1147 718 1181 δεδικαίωμαι·
737 1148 784 1174 καὶ
808 1148 861 1174 τῶν
882 1149 931 1184 μὲν

141 1191 255 1218 δπισθεν
270 1192 508 1223 ἐπιλανθάνεσθαι,
531 1194 586 1224 τοῖς
599 1193 620 1218 δ’
635 1193 790 1227 ἔμπροσθεν
805 1194 929 1221 ὲπῖκτει-

141 1238 250 1265 νεσθαι·
264 1239 311 1265 καὶ
325 1239 395 1265 κατὰ
407 1239 460 1264 τῶν
476 1238 598 1272 ἀδελφῶν
609 1239 645 1274 μὴ
656 1239 848 1273 θρασύνεσθαι,
863 1240 930 1275 μηδὲ

986 188 1058 215 enim
1069 187 1121 215 hoc
1133 188 1216 215 etiam
1226 187 1266 215 eis
1279 186 1455 214 concedatur.
1470 186 1532 212 Sint
1547 189 1673 219 expertes
1685 185 1776 211 omnis

987 233 1098 261 omnino
1112 233 1215 266 delicti,
1231 236 1286 260 tam
1302 232 1412 267 majoris
1426 240 1506 267 quam
1521 231 1635 258 minimi.
1651 231 1774 264 Quanam

986 287 1016 308 re
1034 279 1095 307 freti
1117 281 1250 315 putabunt
1261 287 1291 308 se
1306 280 1331 306 in
1345 283 1485 313 posterum
1497 286 1604 312 quoque
1620 286 1709 305 mores
1718 286 1778 306 eos-

984 327 1045 354 dem
1059 331 1271 354 conservatores
1284 330 1311 353 et
1327 326 1352 352 in
1366 326 1444 352 bonis
1454 329 1681 359 pcrscveraturos
1695 324 1776 358 tquis

985 379 1112 407 aruspex.
1134 372 1195 406 quis
1209 376 1284 399 vales
1297 371 1506 406 perduraturam
1517 377 1578 397 cum
1593 371 1633 397 eis
1646 370 1776 405 optimam

985 418 1058 445 illam
1077 418 1186 446 vivendi
1203 418 1337 445 rationem
1350 417 1382 445 ad
1395 417 1474 444 linem
1490 423 1575 450 usque
1586 416 1774 451 signiﬁcavit?

986 463 1067 498 Atqui
1083 464 1276 498 propemodum
1288 463 1409 490 universi
1425 463 1471 497 qui
1482 466 1595 499 propter
1606 463 1735 489 virtutem
1748 462 1774 488 in

986 509 1168 537 admiratione
1183 514 1258 542 sunt,
1277 517 1329 537 non
1342 509 1530 537 abstinuerunt
1539 509 1573 536 ab
1583 509 1708 536 omnibus
1718 515 1776 542 quae

987 555 1073 583 vitare
1087 555 1232 583 debebant.
1249 555 1297 583 His
1307 555 1379 582 enim
1394 555 1459 585 hoc.
1474 554 1532 581 istis
1545 554 1623 587 illud,
1648 554 1775 582 omnibtts

986 605 1077 628 autem
1089 602 1200 629 omnino
1214 601 1316 636 aliquid
1332 600 1444 632 accidit,
1462 605 1490 627 ut
1503 601 1624 628 universi
1641 608 1775 635 agnosce-

986 651 1045 674 rent
1060 653 1120 674 sese
1133 647 1255 674 homines
1271 646 1435 680 esse.Quare
1451 646 1527 681 pueri
1539 651 1581 674 est
1606 651 1686 680 alque
1698 646 1775 673 deliri

983 692 1112 724 hominis,
1124 692 1262 720 afﬁrmare
1270 700 1442 728 quemquam,
1455 701 1486 720 ea
1505 700 1534 719 se
1553 693 1708 724 vitaturum,
1719 693 1777 727 qui-

986 739 1036 766 bns
1051 740 1160 767 obnoxii
1178 740 1288 767 fuerunt
1302 747 1405 768 omnes.
1417 740 1483 767 Nam
1495 741 1518 767 si
1533 739 1721 767 divinissimus
1733 739 1778 766 ille

988 783 1087 812 Paulus
1100 784 1200 812 nullius
1226 785 1333 820 quidem
1349 785 1387 812 rei
1417 784 1468 812 sibi
1492 785 1617 812 conscius
1644 789 1712 816 erat,
1730 784 1777 811 sed

953 823 973 851 Β
990 829 1165 856 nihilominus
1177 830 1337 864 ignorantia:
1350 837 1406 857 sua:
1417 830 1565 862 metuebat,
1577 830 1690 864 ideoque
1701 829 1777 861 dice-

984 875 1040 907 bat,
1054 875 1114 902 Non
1129 876 1156 902 in
1188 876 1236 902 hoc
1256 876 1492 910 ttmtjustiﬁcatus
1505 875 1525 906 ¹,
1543 883 1596 910 quo
1622 879 1700 909 pacto
1724 883 1777 902 non

984 922 1250 948 eontremlscendum
1269 922 1416 955 universis,
1444 921 1540 949 veritis
1562 929 1596 948 ne
1619 921 1689 956 quid
1707 921 1775 955 ipsis

986 967 1108 1001 ignotum
1125 967 1169 996 sit.
1185 971 1211 994 et
1226 967 1251 993 in
1266 974 1298 993 eo
1311 966 1421 1000 iaceant
1434 967 1459 993 in
1472 975 1525 1001 quo
1534 974 1562 994 se
1571 972 1644 994 stare
1654 971 1751 1000 putant
1765 966 1777 992 ἲ

985 1012 1090 1039 llnrsus
1107 1013 1180 1039 enim
1200 1012 1319 1039 Paulinis
1334 1013 1424 1040 verbis
1450 1014 1571 1046 utur;iu
1598 1014 1706 1041 tertium
1734 1013 1778 1040 ille

983 1057 1081 1086 caelum
1092 1058 1262 1089 ascenderat,
1280 1057 1458 1087 nihilominus
1467 1065 1565 1090 corpus
1574 1065 1652 1084 suum
1677 1058 1778 1091 suggil-

986 1103 1060 1129 labat
1073 1103 1153 1137 inque
1168 1103 1327 1130 servitutem
1343 1103 1495 1137 redigebat,
1512 1108 1541 1132 ut
1556 1104 1671 1138 ipsemet
1688 1103 1776 1137 loqui-

989 1153 1032 1175 tur
1042 1148 1064 1181 ',
1079 1155 1111 1175 ne
1129 1149 1174 1183 qui
1188 1148 1248 1176 aliis
1263 1149 1449 1183 praedicasset,
1466 1148 1525 1183 ipse
1539 1149 1668 1183 rejicuius
1684 1150 1775 1177 ﬁeret.

984 1193 1051 1227 Quis
1068 1193 1150 1228 igitur
1165 1195 1251 1222 audax
1268 1195 1346 1226 adeo,
1360 1194 1422 1229 quis
1434 1195 1505 1222 adeo
1521 1195 1648 1226 stolidus,
1663 1200 1692 1221 nt
1719 1195 1776 1229 giu-

985 1240 1051 1266 riari
1064 1239 1098 1266 de
1114 1240 1225 1266 incertis
1241 1240 1316 1272 \‘eiit,
1333 1244 1414 1275 atque
1424 1240 1521 1268 fiducia
1533 1246 1662 1275 concepta
1677 1245 1774 1276 putare

142 1294 161 1312 κ
180 1285 370 1320 τεπαερεσθαι,
396 1285 463 1319 μηδὲ
493 1285 695 1317 ἀπογινώσκειν
725 1285 844 1318 αὐτούς·
871 1287 930 1314 ἀλλ’

987 1286 1108 1314 stabilem
1121 1293 1151 1313 se
1170 1294 1328 1314 mansurum
1344 1287 1441 1320 quovis
1451 1291 1572 1322 tempore
1589 1292 1670 1322 a'qne
1685 1286 1773 1314 casui

142 1330 190 1364 ὲᾷν
206 1330 254 1357 καὶ
269 1331 303 1355 τὰ
319 1329 430 1362 σαυτοῦ,
446 1329 494 1356 καὶ
509 1330 544 1357 τὰ
563 1329 665 1365 ἐτέρων
689 1330 792 1365 κρίνειν
816 1331 929 1365 ἐκεῖνον,

987 1332 1045 1360 ΗτΕο
1053 1332 1106 1359 vita
1117 1332 1252 1367 quoddam
1261 1337 1301 1360 est
1315 1334 1365 1360 iter
1374 1333 1400 1360 in
1414 1340 1466 1367 quo
1476 1333 1628 1367 conplures
1641 1333 1772 1360 etlubrici

141 1372 164 1409 ᾧ
179 1375 228 1410 τὴν
241 1375 332 1410 κρίσιν
348 1375 438 1401 πᾶσαν
452 1375 567 1401 δέδωκεν
582 1376 595 1402 ὁ
610 1376 714 1410 Πατήρ.
735 1376 768 1402 Ἦ
783 1377 837 1411 γὶρ
853 1377 930 1403 ἐναν-

987 1378 1074 1412 lapsrts
1089 1382 1116 1406 et
1131 1378 1295 1405 offendicula
1311 1383 1375 1406 sunt
1386 1397 1393 1409 .
1411 1379 1558 1412 itidemque
1572 1378 1725 1413 frequentes
1749 1378 1776 1406 in

142 1421 189 1447 τία
205 1422 310 1452 τούτοις
326 1422 394 1453 ὁδὸς,
412 1421 450 1456 μὴ
467 1422 517 1456 οὐχ
531 1421 599 1454 αὕτη
649 1421 718 1457 ὀρθὴ
733 1422 799 1457 πρὸς
820 1422 930 1458 ἀρετὴν,

987 1430 1017 1449 eo
1031 1423 1166 1450 exsistunt
1182 1431 1289 1451 errores
1314 1424 1360 1458 qui
1385 1424 1468 1450 multa
1495 1425 1636 1452 continent
1665 1425 1778 1458 impcdi.

143 1465 220 1494 εἴπεν
234 1467 267 1498 ἂν
285 1467 406 1496 Πλάτων,

987 1473 1085 1496 menta.
1101 1470 1192 1503 Atque
1208 1469 1276 1496 adeo
1287 1470 1386 1496 bonum
1400 1470 1446 1496 tibi
1460 1470 1552 1502 fuerit,
1567 1470 1672 1504 opimr,
1694 1476 1722 1497 ut
1735 1471 1777 1505 ip-

144 1523 173 1543 se
197 1515 246 1543 tibi
263 1515 360 1543 nullius
373 1515 410 1542 rei
425 1516 560 1548 conscius,
576 1523 638 1543 cum
659 1515 741 1543 Paulo
761 1515 847 1549 dicas,
873 1515 935 1543 Non
949 1516 976 1543 in
993 1518 1041 1542 hat:
1059 1524 1118 1543 sum
1137 1517 1312 1552 justi/iratus.
1326 1522 1421 1552 utque,
1442 1518 1642 1552 praeteritorum
1666 1518 1776 1551 oblitus,

144 1563 170 1590 in
186 1563 218 1590 iis
234 1571 293 1598 quae
307 1569 369 1590 aute
384 1564 467 1598 pedes
484 1564 679 1595 suntenitaris.
693 1564 965 1592 etadversusfratres
982 1572 1070 1599 neqtte
1086 1565 1215 1596 ferocius,
1246 1573 1334 1599 neque
1351 1570 1433 1594 temet
1451 1565 1560 1599 eﬂ'eras,
1592 1573 1677 1599 neque
1691 1566 1725 1593 de
1743 1567 1778 1593 iis

144 1609 284 1644 desperes.
314 1611 361 1637 scd
378 1615 431 1637 tam
451 1610 483 1637 de
499 1609 552 1637 tuis
564 1617 645 1644 quam
661 1610 837 1638 alienisiiium
854 1610 925 1638 ferre
937 1610 1069 1643 judicium
1083 1610 1167 1642 sinas,
1185 1610 1227 1637 cui
1245 1609 1324 1637 Pater
1335 1618 1416 1637 omne
1444 1610 1575 1644 judicium
1594 1611 1678 1638 dedit.
1709 1610 1777 1637 Nam

146 1657 168 1684 si
183 1657 253 1691 quod
272 1662 314 1684 est
349 1657 399 1684 iter
422 1656 464 1685 his
492 1656 669 1689 contrarium,
687 1657 712 1684 id
726 1657 879 1689 videndum,
896 1664 930 1684 nc
943 1663 995 1684 non
1013 1659 1115 1684 rectum
1130 1655 1208 1682 sitad
1229 1655 1369 1688 virtutem,
1381 1656 1418 1682 uti
1431 1655 1506 1682 Plato
1517 1663 1583 1682 sane
1608 1657 1774 1689 loqueretur.

188 1703 266 1731 Ἆλλὰ
281 1704 308 1731 τι
329 1704 415 1731 ταῦτά
435 1712 524 1739 φημι;
545 1705 612 1731 ὅπου
629 1705 675 1731 καὶ
699 1705 760 1739 εἰκῆ
784 1705 839 1736 τοῖς
856 1704 933 1731 ἁδελ-

146 1752 204 1786 (poi;
213 1750 378 1786 ὀργιζόμεθα
393 1749 532 1782 πολλάκις,
548 1751 595 1777 καὶ
606 1750 732 1784 οὐδαμῶς
746 1750 838 1781 αὐτοῖς
866 1758 933 1785 apo—

145 1799 270 1832 τεενομεν
293 1797 383 1829 δεξιὰν
398 1797 474 1823 κάτω
489 1797 638 1830 κειμένοις,
655 1796 701 1823 καὶ
720 1797 860 1831 δεομένοις
884 1796 933 1830 τῆς

148 1843 210 1876 παρ’
238 1842 317 1876 ἡμῶν
343 1841 610 1876 βοηθείας.Φοδερὸς
632 1841 646 1866 ό
661 1841 738 1875 λόγος
751 1841 843 1872 οὗτος·
865 1840 935 1867 Ἀπὸ

147 1888 200 1915 τοῦ
226 1887 375 1921 στόματός
406 1892 465 1912 σου
494 1885 586 1919 κρινῶ
611 1892 666 1916 σε,
694 1884 806 1919 πονηρὲ
831 1884 932 1911 δοῦλε.

153 1932 278 1959 Ἐπειδὰν
293 1932 347 1965 γὰρ
362 1931 481 1957 κάκεῖνοι
495 1930 627 1964 γένωνται
646 1930 759 1957 ἐκείνων
777 1930 831 1956 τῶν
841 1929 934 1955 κακῶν

146 1978 256 2012 ἥττους,
268 1976 286 2003 ἃ
301 1976 334 2011 δὴ
349 1977 406 2006 τοῖς
426 1975 516 2006 ἄλλοις
537 1973 703 2009 προφέρουσι
718 1974 890 2009 (γενήσονται
907 1974 934 2000 δὲ

150 2023 224 2055 ἴσως,
243 2023 332 2057 σάρκα
359 2021 559 2056 περικείμενοι,
583 2020 629 2046 καὶ
648 2020 694 2046 τὸν
717 2020 820 2054 κόσμον
839 2020 935 2046 τοῦτον

148 2069 306 2101 οἰκοῦντες),
325 2068 350 2094 τί
363 2068 395 2094 ἂν
409 2068 541 2100 πράξειεν
554 2075 561 2098 ;
586 2066 612 2093 τί
626 2066 762 2101 ἂνφιῖεν,
780 2065 859 2099 λόγον
874 2067 932 2092 εἰσ.

150 2115 329 2150 πραττόμενοι
348 2115 395 2149 τῆς
407 2114 510 2140 ἑαυτῶν
524 2113 656 2148 πονηρίας
667 2121 675 2145 ;
688 2112 730 2147 Νὴ
743 2113 789 2140 τὸν
804 2113 932 2147 Σωτῆρα,

150 2160 313 2195 συγγνώμην
329 2160 497 2194 αἰτήσονται.
508 2159 565 2185 Οὺκ
580 2158 620 2185 ἔνι
632 2158 722 2189 τοῦτο,
735 2157 785 2184 οὐκ
801 2157 841 2183 ενι
852 2165 859 2173 ·
876 2156 933 2183 ἀλλ’

150 2203 186 2233 ὧν
205 2207 259 2237 τοῖς
278 2205 369 2236 ἄλλοις
395 2205 539 2238 ἐτίμησαν.
555 2203 659 2233 τούτων
673 2204 719 2230 καὶ
735 2203 812 2230 αὐτοὶ
837 2211 934 2237 πειρα-

151 2253 294 2286 οήσονται·
311 2250 336 2277 si.
352 2250 381 2276 δὲ
400 2250 448 2285 μὴ,
462 2249 514 2276 ποῦ
532 2258 574 2280 τις
593 2249 625 2276 ἂν
644 2249 703 2283 θείη
721 2248 752 2274 τὸ
772 2248 876 2274 δίκαιον
891 2248 940 2282 μέ-

150 2305 213 2330 τρον
234 2297 333 2328 ἐκεῖνο,
347 2296 378 2322 τὸ
404 2295 586 2328 πεπιεσμένον
609 2303 646 2328 ἰεε⁵
660 2295 706 2321 καὶ
733 2294 938 2328 σεσαλευμένον,

151 2341 198 2368 καὶ
208 2342 259 2368 iure
265 2341 474 2376 ρεκχυνόμενον,
486 2340 555 2375 ὅπερ
571 2339 757 2367 ἀποδώσουσιν
773 2339 813 2370 εἰς
827 2339 872 2365 τὸν
881 2339 940 2365 κά).-

151 2395 200 2413 πον
223 2386 319 2421 ἡμῶν;
337 2386 393 2417 Πᾶς
408 2394 449 2417 τις
466 2385 586 2420 ἀκριϐῶς
600 2385 770 2418 γινωσκέτω.
787 2385 873 2415 Αὐτὸς
885 2385 938 2420 γὰρ

151 2434 164 2458 ὁ
180 2432 274 2466 κριτὴς
291 2432 458 2466 ἀπεφήνατο,
470 2431 507 2462 ὡς
516 2430 586 2458 Ἐὰν
598 2431 641 2465 μὴ
661 2430 725 2465 ἁφῇ
737 2439 781 2465 τις
798 2431 853 2457 οὐκ
867 2431 938 2465 ἀφε-

152 2478 274 2510 θήσεται
288 2476 368 2508 αὐτῷ
378 2483 386 2491 ⁸
403 2477 450 2502 καὶ
462 2476 512 2510 τὴν
525 2475 634 2502 δικαίαν
648 2476 726 2511 δίκην
743 2476 772 2510 ου
794 2475 934 2510 φεύξεται.

152 2521 207 2547 Καί
233 2529 272 2547 τοι
295 2521 321 2546 τί
349 2521 491 2555 μέμνημαι
506 2520 556 2554 τῆς
577 2520 682 2552 δικαίας
705 2520 822 2547 ἐνταῦθα
838 2521 934 2555 δίκηςς

153 2566 233 2597 αὐτὸς
245 2567 299 2601 γὰρ
315 2565 411 2592 ἑαυτὸν
428 2567 589 2601 κατακρινεί
616 2566 631 2592 ὁ
653 2567 710 2597 τοῖς
720 2567 834 2600 «Euolat;
852 2568 936 2601 ὁμόσε

154 2613 259 2648 χωρῶν.
276 2614 330 2639 Καὶ
347 2614 363 2647 ὴ
382 2613 435 2648 γὰρ
461 2613 614 2648 συνείδησις
631 2612 741 2648 ἔλεγχος
755 2613 860 2647 γίνεται
876 2615 936 2646 ταῖς

154 2658 262 2692 ψυχαῖς,
280 2659 326 2684 καὶ
342 2659 403 2685 οὐδὲ
424 2659 534 2694 ῥᾳδίως,
557 2656 644 2692 οἶμαι,
656 2659 851 2693 παραιτεῖσθαι
866 2668 934 2686 ταυ-

155 2703 228 2729 ταισὶ
244 2704 390 2738 συγχωρεῖ.
399 2703 477 2729 Ἐπεὶ
503 2703 549 2729 καὶ
566 2704 655 2731 πᾶσαν
667 2703 787 2738 ἔφθησαν
801 2703 934 2739 πρόφασιν

1017 1703 1123 1742 Atenittt
1141 1702 1206 1737 quid
1221 1703 1297 1736 istaec
1315 1709 1364 1736 ego
1387 1702 1507 1737 profero.
1518 1703 1624 1736 quando
1641 1703 1722 1730 etiam
1736 1708 1775 1730 te-

985 1757 1058 1777 mere
1071 1749 1201 1777 fratribus
1216 1755 1402 1782 saepenumero
1429 1749 1585 1782 irascimur,
1619 1757 1668 1776 nec
1701 1749 1776 1776 humi

983 1793 1137 1829 iacentibus
1153 1800 1286 1827 opemque
1295 1797 1415 1820 nostram
1427 1793 1630 1827 requirentibus
1646 1794 1700 1820 ullo
1714 1802 1771 1821 mo-

985 1840 1020 1866 do
1037 1840 1160 1866 dextram
1181 1839 1345 1874 porrigimus
1361 1839 1373 1865 ’ἒ
1389 1838 1524 1866 Terribile
1541 1838 1654 1866 verbum
1674 1839 1748 1866 istuc
1767 1848 1774 1866 :

985 1883 1029 1911 E2:
1040 1892 1085 1911 ore
1093 1884 1187 1917 judico
1199 1888 1233 1916 te,
1248 1892 1318 1911 serve
1333 1884 1449 1918 improbe
1462 1884 1484 1912 ³.
1510 1883 1579 1911 Nam
1604 1892 1666 1912 cttm
1694 1885 1775 1918 aliqui

987 1930 1066 1958 malis
1082 1930 1162 1956 etiam
1179 1929 1233 1956 illis
1256 1930 1446 1962 succumbunt,
1458 1930 1586 1964 qumaliis
1594 1930 1728 1965 objiciunt
1739 1932 1777 1964 (et

988 1975 1165 2002 succumbent
1177 1981 1253 2007 sane,
1264 1971 1330 2001 ’cum
1345 1980 1428 2000 carne
1447 1974 1537 2001 vestiti
1551 1973 1605 2001 sint
1620 1978 1700 2008 atque
1726 1974 1777 2000 huc

987 2020 1014 2049 in
1029 2020 1130 2047 mundo
1143 2021 1240 2054 degant
1249 2024 1270 2054 ),
1283 2020 1346 2053 quid
1354 2024 1444 2054 agent,
1454 2021 1581 2051 obsecro,
1596 2019 1660 2053 quid
1670 2020 1773 2049 dicent,

989 2066 1172 2100 improbitatis
1187 2066 1304 2102 propria).
1327 2066 1459 2093 rationem
1477 2065 1591 2093 reddere
1619 2064 1686 2099 iussi
1700 2065 1711 2090 ?
1726 2065 1777 2091 Per

988 2113 1074 2148 ipsum
1087 2112 1257 2140 Salvatorem
1281 2112 1387 2139 veniam
1403 2116 1524 2145 poscent.
1541 2111 1598 2137 Non
1613 2111 1712 2145 poterit
1724 2118 1773 2137 au-

989 2163 1043 2186 tem
1060 2159 1112 2185 hoc
1129 2157 1197 2190 ﬁeri,
1211 2166 1263 2184 non
1274 2158 1374 2192 poterit
1388 2167 1393 2184 :
1412 2157 1458 2186 sed
1473 2161 1554 2192 prout
1568 2157 1773 2184 :estimaverunt

989 2203 1069 2237 alios,
1084 2203 1176 2231 itidem
1193 2208 1220 2231 et
1237 2203 1302 2237 ipsis
1319 2203 1426 2231 accidet
1445 2211 1451 2230 :
1468 2210 1530 2235 nam
1545 2203 1647 2237 absque
1666 2210 1702 2230 eo.
1726 2204 1774 2236 sit,

993 2255 1110 2283 quonam
1127 2248 1269 2276 referenda
1281 2248 1355 2282 iusta
1372 2249 1448 2275 istac
1477 2254 1606 2282 censura,
1635 2248 1774 2283 depressa.

992 2300 1132 2328 quassata,
1147 2292 1398 2328 superiufundendo
1412 2293 1564 2325 abundans,
1589 2301 1671 2327 quam
1698 2294 1775 2320 nobis

991 2341 1017 2367 in
1032 2340 1122 2366 sinum
1137 2339 1248 2367 reddent.
1259 2339 1271 2366 τ
1282 2338 1525 2372 Quilibelanimum
1541 2343 1666 2365 accurate
1677 2340 1775 2366 ather-

990 2389 1040 2413 tat.
1055 2385 1119 2411 Nam
1133 2385 1216 2419 iudex
1232 2384 1291 2418 ipse
1307 2384 1500 2419 pronuntiavit,
1519 2384 1569 2410 nisi
1583 2385 1644 2418 quis
1670 2385 1776 2412 remise-

988 2431 1031 2463 rit,
1046 2431 1164 2465 futurum
1177 2435 1205 2456 ut
1235 2431 1259 2456 ei
1287 2438 1338 2456 non
1367 2429 1520 2455 remittatur
1536 2429 1559 2460 ⁵,
1579 2435 1660 2463 utque
1674 2430 1773 2465 justam

991 2484 1099 2511 poenam
1119 2484 1169 2503 non
1182 2475 1303 2509 effugiat.
1320 2474 1354 2502 Et
1368 2475 1430 2508 quid
1445 2481 1496 2508 ego
1508 2474 1586 2509 insue
1598 2482 1684 2510 pinnae
1700 2483 1775 2501 meu-

991 2524 1091 2550 tionem
1107 2522 1152 2548 hic
1165 2521 1234 2548 facio
1249 2521 1260 2546 ?
1276 2527 1336 2546 nam
1355 2520 1412 2555 ipse
1433 2521 1551 2553 seipsum
1580 2521 1775 2548 condemnabit

991 2567 1036 2601 qui
1053 2569 1093 2594 sui
1109 2567 1211 2594 similes
1222 2570 1359 2600 oppugnat
1372 2566 1489 2598 ;etenim
1502 2567 1606 2593 animos
1619 2567 1677 2601 ipsa
1697 2574 1775 2593 coar-
1797 2574 1800 2579 '

990 2613 1047 2647 guit
1063 2612 1241 2644 conscientia,
1259 2619 1309 2638 nec
1326 2611 1415 2644 facile,
1444 2620 1503 2639 meo
1532 2613 1639 2647 quidem
1661 2611 1772 2646 judicio,

990 2658 1070 2685 ullam
1084 2659 1116 2685 iis
1129 2659 1330 2685 eXcusatiouem
1344 2657 1480 2690 concedit,
1497 2658 1606 2692 quando
1622 2658 1696 2692 prius
1713 2666 1773 2685 om-

988 2711 1050 2731 nem
1067 2710 1224 2739 praetextum
1241 2705 1365 2737 amisere,
1385 2704 1431 2740 qui
1445 2705 1516 2737 ipsos
1528 2712 1645 2741 purgare
1659 2709 1770 2739 posset:

192 2792 201 2809 '
217 2792 301 2821 iCor.
325 2801 362 2825 tv,
379 2794 405 2820 4.
443 2792 474 2820 Ἰ
507 2791 570 2823 Cor.
604 2801 641 2827 lx,
658 2792 702 2821 27.
741 2793 751 2810 ⁸
771 2793 839 2822 Luc.
858 2801 914 2827 xu,
930 2793 965 2822 «ιν
1002 2792 1012 2808 ⁸
1027 2792 1122 2820 Matth.
1138 2794 1267 2826 xvnt,55.
