1937 3078
202 135 254 165 507

783 134 984 166 MANUELIS
1019 129 1245 163 PALIEOLOGI

1778 119 1832 152 508

201 191 434 222 ndiumincurral.
446 192 514 221 Nam
541 193 568 220 in
585 191 773 220 universitatis
791 191 905 226 hujusce
915 190 980 222 Deo,
998 206 1003 219 Α

1055 186 1151 220 Επειδὴ
1172 185 1228 220 γὰρ
1250 185 1263 211 6
1285 182 1352 214 Θεδς
1373 181 1469 217 ἀγᾶπη
1492 178 1568 212 ἐστὶ,
1590 176 1661 205 κατὰ
1682 174 1741 226 τὸν.
1753 173 1846 226 φίλον.

203 238 247 269 (ιιιί
265 245 376 271 prorsus
390 240 423 266 ab
444 240 572 267 omnibus
597 240 727 266 immunis
751 243 793 266 est
814 238 897 265 animi
914 244 990 263 mor-

205 283 246 310 bis
260 291 283 310 e-
297 285 454 319 aﬂ‘eriibus,
471 294 523 320 quo
539 290 618 320 pacto
645 287 706 320 quis
729 285 821 313 odium
843 283 989 314 invenerit,

206 331 278 364 quod
296 332 368 359 inter
384 332 489 364 pejores
515 333 598 359 animi
624 333 733 359 morbos
755 331 884 359 excellit?
903 331 992 364 Atque

205 377 255 402 hoc
268 384 334 403 sane
349 378 465 404 naturali
478 378 560 405 etiam
588 379 667 404 modo
688 378 807 412 quodam
834 377 992 404 considere-

206 430 275 450 mus.
292 423 396 457 Quippe
412 431 472 450 cum
490 423 560 450 Deus
577 424 614 450 sit
624 423 743 454 dilectio.
763 424 910 450 secundum
925 423 992 450 cha-

206 475 264 495 rum
280 468 354 495 illum
367 469 530 502 apostolum.
549 469 613 502 quid
626 477 686 496 esse
700 469 755 496 Deo
772 476 916 496 commune
929 475 990 494 cum

206 514 268 542 odio
287 515 396 549 possit?
412 515 503 549 Neque
515 523 579 542 vero
596 515 661 542 mihi
689 519 784 548 arguta
811 514 892 541 velim
918 514 993 540 istinc

206 561 332 596 obiicias.
349 562 421 596 quod
435 561 539 588 scilicet
551 562 584 588 ab
600 560 677 588 initio
693 561 778 588 malos
789 560 830 587 vel
855 561 993 587 hominem

207 607 328 634 miserari
346 611 559 635 consentaneum
574 607 620 638 sit,
635 612 662 632 at
687 614 735 633 eos
750 607 795 641 qui
822 606 931 634 virtutis
961 613 994 632 cx

207 655 363 689 praescripto
388 655 515 686 vixerint.
541 654 638 681 deinde
668 661 733 680 vero
759 653 791 679 ad
820 652 884 679 vitia
911 659 995 678 cursu

207 701 284 734 quasi
302 701 419 735 (prodant
435 708 465 728 se
497 700 674 732 contulerint,
704 706 739 727 ne
766 700 854 734 ipsum
884 699 995 733 quidem

208 749 304 777 Deum.
321 749 427 777 Etenim
453 756 547 776 verum
563 752 604 776 est
624 748 673 774 hos
686 747 738 774 illis
750 746 900 773 deteriores
914 752 994 776 esse;

209 802 270 822 nam
284 794 321 821 illi
337 802 369 821 ne
384 799 483 822 norunt
507 794 616 828 quidem
645 796 772 820 accurate
801 791 872 818 viam
895 791 998 817 ducen-

209 846 263 868 tem
280 841 312 867 ad
328 841 354 867 id
374 841 444 876 quod
470 841 614 874 optimum,
639 845 689 866 nec
717 838 853 864 bonorum
879 836 996 870 aliquem

210 892 318 922 gustum
358 890 547 922 perceperunt,
574 893 628 920 quo
649 884 758 912 adducti
779 891 809 912 ea
836 889 1000 918 magnopere

211 939 349 969 appetant.
366 934 431 967 Qua:
444 941 509 960 sane
526 940 577 960 non
589 931 813 958 contemnendam
826 931 866 956 eis
887 936 1000 956 excusa-

212 983 312 1008 tionem
341 980 456 1015 pariunt.
475 980 509 1006 At
528 979 556 1006 hi
577 977 655 1005 bonis
673 978 699 1004 in
722 976 848 1010 operibus
862 983 876 1002 a
906 976 999 1010 pueris

210 1028 320 1056 exerciti
344 1031 417 1058 sunt.
445 1030 473 1053 et
499 1025 532 1052 ad
559 1029 696 1053 senectam
724 1031 810 1056 usque
837 1022 946 1049 virtutis
970 1022 997 1049 in

210 1073 348 1102 exercitiis
366 1073 445 1099 vitam
458 1075 607 1106 exegerunt
623 1078 630 1099 :
655 1069 753 1098 deinde
772 1069 862 1100 bouis.
888 1068 1001 1103 quihus-

210 1128 270 1147 cum
288 1119 420 1149 vixcraut.
436 1124 497 1151 qua:
525 1124 574 1151 pro
599 1115 703 1143 deliciis
729 1115 891 1144 habuerant.
913 1114 1001 1141 instar

210 1166 326 1197 alicujus
342 1163 438 1199 piaculi
453 1163 571 1196 reiectis.
594 1161 672 1189 nihili
686 1156 884 1195 turpitudinem
898 1159 1000 1187 facien-

212 1218 264 1245 tes,
281 1210 357 1239 nihili
377 1210 472 1236 vitium
488 1209 615 1244 quodque
626 1208 754 1235 damnum
769 1214 802 1234 ex
818 1214 850 1234 eo
863 1206 999 1241 provenit,

211 1258 370 1287 servitutem
390 1263 453 1290 erga
466 1255 620 1289 voluptates
633 1253 722 1281 divina
738 1261 801 1280 cum
821 1253 908 1288 gratia
924 1260 1001 1280 com-

212 1307 362 1335 mutarunt,
380 1302 493 1336 ideoque
519 1300 603 1328 multo
617 1300 728 1334 peiores
755 1299 808 1326 illis
832 1299 895 1326 facti
925 1303 1001 1331 sunt,

212 1349 257 1384 qui
275 1349 308 1376 ab
324 1348 401 1375 initio
414 1340 475 1374 boni
489 1353 542 1373 non
556 1346 678 1372 fuerunt.
692 1344 791 1371 Verum
805 1351 858 1371 non
870 1343 904 1370 ob
918 1343 1002 1370 hasce

213 1394 311 1424 causas
327 1394 441 1428 benigno
457 1400 566 1427 quoque
584 1391 638 1417 Deo
652 1395 716 1418 sunt
729 1390 755 1416 in
772 1390 844 1417 odio.
874 1389 1000 1428 Seden-im

213 1440 371 1477 persuaderi
393 1439 458 1466 mihi
471 1446 523 1465 non
546 1437 647 1472 patior.
682 1436 789 1470 inquiet
816 1425 1001 1468 adversarius,

214 1496 267 1515 non
285 1488 333 1515 hos
345 1485 541 1513 abominabiles
553 1490 613 1511 esse
627 1483 691 1514 Deo,
706 1482 752 1516 qui
767 1482 837 1508 mala
859 1482 925 1512 odit,
939 1489 1001 1508 cum

215 1535 332 1569 pessimo
348 1531 461 1560 consilio
489 1531 522 1558 de
539 1530 620 1558 bonis
648 1529 674 1556 in
693 1529 778 1555 malos
809 1527 905 1555 mutati
935 1529 1000 1555 sint.
1014 1536 1038 1568 ο

215 1577 437 1613 Quandoquilem
453 1576 524 1603 enim
541 1575 569 1602 hi
594 1574 686 1601 miseri
713 1581 765 1600 non
795 1573 859 1601 odio
888 1578 1003 1603 tantum,

214 1627 261 1653 sed
281 1623 475 1652 abominationi
486 1629 594 1656 quoque
605 1626 667 1648 sunt
677 1624 704 1647 et
718 1619 850 1654 cognatis,
867 1624 894 1645 et
907 1618 1005 1645 amicis

215 1679 241 1701 ct
257 1672 416 1708 parentibus
430 1669 539 1706 (opinor
553 1668 634 1703 )ipsis
651 1672 679 1694 et
703 1666 808 1698 liberis,
826 1669 854 1693 ct
883 1665 1005 1693 homini-

215 1722 266 1746 bus
280 1719 408 1751 deinceps
422 1715 573 1747 universis,
584 1718 696 1749 propter
721 1713 895 1740 vitiositatem
918 1712 1005 1738 solum

216 1773 242 1794 ct
259 1765 434 1801 pravitatem,
451 1762 536 1790 multo
545 1769 611 1788 sane
626 1760 713 1795 magis
735 1763 876 1786 merentur
890 1758 1005 1785 utiuvisi

219 1814 273 1839 lico
287 1812 352 1842 sint.
363 1810 485 1838 omnium
503 1815 586 1836 causa
605 1816 613 1835 ς
638 1814 700 1834 nam
715 1806 738 1833 ei
753 1806 799 1841 qui
814 1805 840 1832 in
873 1805 928 1831 luto
950 1803 1007 1829 vnl-

218 1859 300 1889 ritur,
313 1857 449 1892 quodnam
463 1854 631 1882 consortium
647 1859 741 1888 quaeve
755 1852 942 1878 societascuiu
953 1849 1008 1876 Deo

218 1902 319 1930 fuerit?
333 1901 436 1928 Etenim
453 1907 507 1926 non
533 1906 612 1933 puro,
628 1905 677 1925 ceu
694 1897 735 1924 vir
749 1897 859 1931 quidam
890 1894 1008 1921 eximius

220 1950 373 1981 ait,purum
384 1946 529 1979 attingere,
543 1950 713 1978 nequaquam
729 1942 769 1968 fas
787 1941 879 1968 fuerit.
899 1940 956 1967 luto
966 1938 1008 1965 vel

221 1995 273 2021 hoc
291 1993 371 2019 etiam
384 1991 463 2018 modo
474 1989 649 2025 perspicuum
660 1992 711 2020 est,
726 1987 797 2022 quod
821 1987 924 2014 dictum
939 1986 987 2012 fuit
1000 1994 1008 2012 :

221 2047 283 2066 nam
293 2038 339 2073 qui
352 2036 487 2064 hostiliter
500 2034 612 2061 allectus
622 2037 662 2060 est
671 2033 801 2059 adversus
811 2031 926 2065 aliquem
937 2038 1011 2057 stun-

222 2092 331 2118 monere
342 2083 480 2114 dilectum,
493 2080 587 2108 itidem
602 2083 629 2106 et
640 2086 703 2112 crga
721 2077 876 2112 diligentem
895 2076 1009 2103 allectus

222 2133 283 2159 crit.
294 2131 370 2163 Quod
389 2130 476 2163 ipsum
500 2135 515 2155 e
542 2125 681 2154 contrario
706 2121 1012 2158 palctzquienimaxni-

222 2185 282 2205 cum
292 2183 365 2204 tuum
379 2180 462 2206 amat,
474 2174 555 2201 etiam
567 2172 613 2199 tibi
626 2171 661 2200 sit
669 2171 771 2198 amicus
783 2176 895 2197 necesse
906 2173 955 2195 est.
967 2167 1012 2198 Sic

223 2225 305 2259 igitur
320 2228 346 2250 ct
361 2222 406 2249 isti
422 2221 549 2247 virtutem
562 2218 624 2246 odio
642 2221 850 2252 prosequentes,
870 2218 1010 2248 acceptam
1026 2223 1050 2253 ο

224 2271 289 2303 Deo,
301 2273 451 2304 sponteque
465 2274 512 2294 sua
528 2273 610 2293 cursu
622 2264 655 2291 ad
675 2264 776 2290 malum
785 2261 879 2294 delati,
893 2269 945 2288 non
956 2260 1012 2295 jam

225 2317 340 2351 amplius
357 2314 425 2349 grati
441 2318 505 2341 sunt
521 2312 589 2343 Deo.
607 2310 654 2338 sed
687 2309 770 2336 dubio
797 2307 889 2343 procul
920 2307 1012 2334 invisi.

224 2362 282 2389 Non
296 2366 379 2393 recte,
393 2360 435 2387 vir
451 2357 562 2393 optime,
576 2354 736 2383 conclusisti
748 2361 755 2386 ;
768 2361 828 2380 nam
849 2351 1013 2387 propositio-

225 2417 274 2436 nes
293 2407 402 2442 quidem
421 2405 485 2438 ipsa:
502 2410 584 2434 verat.
616 2401 664 2428 sed
691 2399 832 2427 conclusio
860 2398 958 2425 divinis
987 2399 1013 2425 in

226 2454 318 2486 rebus,
336 2452 368 2479 ad
387 2449 586 2485 propositiones
603 2447 718 2474 minime
751 2446 887 2479 quadrare
916 2444 1016 2477 depreq

227 2500 369 2527 hendelur.
388 2495 495 2523 Nostris
512 2494 584 2522 enim
600 2493 634 2521 de
650 2494 732 2519 rebus
748 2494 821 2518 recte
838 2490 901 2517 talia
918 2489 1015 2517 dicun-

227 2551 281 2574 tnr.
297 2544 364 2578 Quae
380 2550 444 2570 vero
459 2541 545 2568 Deum
563 2542 697 2574 spectant,
726 2537 760 2565 de
783 2538 816 2564 iis
845 2543 911 2563 sane
937 2535 1015 2563 nobis

227 2597 254 2619 et
270 2589 435 2626 loquendum
451 2591 478 2615 et
495 2586 668 2621 cogitandum
685 2590 719 2612 ex
756 2583 842 2618 ipsius
870 2581 1013 2616 dignitate.

229 2637 321 2665 Fuerit
333 2639 421 2662 autem
435 2641 468 2661 ex
485 2632 531 2660 Dei
551 2631 694 2666 dignitate,
721 2629 824 2656 nullam
841 2631 870 2654 ul
895 2633 1014 2660 unquam

229 2683 329 2714 oderit,
344 2688 422 2715 quem
439 2680 497 2715 ipse
510 2685 588 2706 suam
599 2678 633 2704 ad
651 2675 795 2710 imaginem
813 2672 939 2701 manibus
956 2679 1017 2706 pro-

232 2728 298 2763 priis
310 2727 446 2755 formarit.
470 2724 529 2752 Non
549 2724 621 2752 enim
650 2723 773 2750 instituto
794 2721 877 2748 animi
901 2723 1015 2751 mutato,

233 2780 355 2802 naturam
370 2780 478 2809 quoque
493 2779 568 2799 suam
585 2771 709 2802 mutavit,
728 2773 758 2795 ut
773 2768 891 2795 maxime
920 2766 1015 2800 lapsus

235 2822 279 2848 sit.
295 2821 364 2854 Quin
385 2825 411 2846 et
425 2819 463 2846 illi
481 2818 604 2845 homines
618 2817 663 2851 qui
697 2814 860 2850 pravitatem
890 2813 1017 2843 oderunt,

235 2867 328 2894 eodem
344 2865 421 2894 modo
436 2863 502 2892 mihi
514 2870 543 2892 se
557 2869 652 2898 gerere
669 2862 806 2890 videntur.
834 2861 868 2887 At
900 2865 1016 2893 quorum

1049 219 1230 263 Ἀπόστολον,
1246 230 1273 256 τί
1289 229 1348 256 ποτ’
1361 228 1394 255 ἂν
1409 227 1515 262 γένοιτο
1529 224 1618 253 κοινὸν
1632 222 1671 258 τῷ
1686 220 1746 255 Θεῷ
1764 219 1835 254 πρὸς

1042 279 1071 306 τὸ
1090 281 1185 314 μῐσος;
1204 277 1259 304 Καὶ
1277 277 1313 312 μή
1332 284 1377 310 μοι
1393 275 1426 301 τὰ
1445 273 1516 308 σοφὰ
1530 271 1627 302 ταῦτα,
1642 270 1684 296 ὅτι
1700 268 1765 299 τοὺς
1783 265 1833 301 μὲν

1043 325 1161 360 ὲΞαρχῆς
1182 323 1300 358 φαύλους
1319 323 1371 350 κάν
1387 330 1428 352 τις
1449 320 1569 354 ἐλεήσειε
1585 317 1639 343 τῶν
1657 314 1810 350 ἀνθρώπων
1824 320 1832 328 ·

1042 371 1104 401 τοὺς
1126 369 1149 395 δ’
1162 370 1247 403 ἀρετῇ
1274 367 1454 402 συζήσαντας,
1475 362 1535 391 εἷτα
1555 363 1612 393 τοῖς
1631 362 1726 391 κακοῖς
1748 367 1834 393 προσ·-

1044 415 1215 450 ϐραμόντας,
1234 413 1289 440 οὐδ’
1301 415 1315 440 ό
1332 412 1410 443 Θεὸς.
1425 411 1503 437 Ἐστι
1522 409 1571 444 μὲν
1588 408 1642 442 γὰρ
1661 406 1777 440 ἀληθὲς,
1794 404 1834 434 ὡς

1044 460 1117 488 οὗτοι
1131 461 1240 495 χείρους
1253 459 1375 485 ἐκείνων.
1393 457 1506 484 Ἐκεῖνοι
1518 455 1572 489 γὰρ
1583 453 1638 480 οὐδ’
1652 453 1742 479 ἴσασιν
1754 452 1835 485 ἀκρι-

1037 506 1100 537 .6ὦς
1115 506 1164 541 τὴν
1180 506 1226 532 ἐπὶ
1241 505 1272 532 eo
1288 504 1428 540 βέλτιστον
1443 502 1592 538 φέρουσαν,
1607 498 1669 526 οὐδὲ
1684 497 1834 532 ἐγεύσαντο

1044 552 1100 579 τῶν
1125 552 1228 584 κακῶν,
1252 551 1323 578 ὥστε
1348 550 1397 576 καὶ
1420 547 1605 582 διαφερόντως
1629 544 1732 571 τούτων
1754 543 1833 578 ὲρᾷν.

1046 599 1101 626 Καὶ
1118 599 1204 625 ταῦτα
1221 598 1327 628 τούτοις
1347 597 1454 631 γίνεται
1473 595 1504 621 οὐ
1524 592 1665 623 παντελῶς
1681 599 1722 621 τις
1744 589 1833 624 φαύλη

1046 645 1224 680 παραίτησις.
1240 645 1272 670 Ol.
1287 643 1309 670 δ’
1322 644 1354 669 ὲκ
1371 641 1475 669 παίδων
1490 638 1677 674 ἐπειράθησαν
1692 636 1747 663 τῶν
1762 636 1834 669 ἀγα-

1047 692 1101 719 θῶν
1121 691 1221 726 ἔργων,
1242 690 1290 717 καὶ
1313 689 1393 724 μέχρι
1416 688 1510 722 γήρως
1532 685 1581 712 σὺν
1603 685 1688 720 ἀρετῇ
1709 683 1755 709 τὸν
1777 682 1834 717 βίον

1046 738 1189 773 διήνυσαν.
1205 737 1321 762 Ἔπειτα
1341 735 1377 761 τὰ
1397 733 1503 768 ἀγαθὰ,
1526 729 1567 763 οἷς
1591 728 1833 765 συμόεδιὼκεσαν,

1047 781 1088 815 οἷς
1110 782 1245 819 ἐτρύφων,
1265 781 1363 816 ὥσπερ·
1380 789 1407 806 τι
1429 780 1557 815 ῥίψαντες
1580 777 1657 811 ἄγος,
1678 777 1744 809 παρ’
1757 775 1836 801 οὐδὲν

1051 829 1099 864 μὲν
1115 829 1224 862 θέμενοι
1239 828 1288 863 τὴν
1303 826 1435 862 αἰσχύνην
1446 845 1453 857 ,
1471 825 1536 860 παρ’
1550 823 1626 850 οὐδὲν
1641 823 1669 849 ὁὶ
1684 822 1714 849 τδ
1729 821 1817 849 κακδν
1827 839 1836 853 ,

1050 875 1096 902 καὶ
1110 874 1158 910 τὴν
1172 874 1226 901 ἀπδ
1238 874 1316 900 τοῦδε
1330 872 1443 908 βλάϐην,
1457 871 1506 906 τὴν
1519 870 1587 904 πρὸς
1603 870 1652 901 τὰς
1667 869 1763 903 ἡδονὰς
1777 867 1836 894 δου-

1049 919 1126 947 λείαν
1150 920 1201 954 τῆς
1225 919 1273 946 τοῦ
1297 918 1366 945 Θεοῦ
1391 918 1503 953 χάριτος
1527 915 1687 950 ἠλλάξαντο.
1712 913 1768 939 Καὶ
1791 912 1836 938 διὰ

1049 967 1136 993 ταῦτα
1157 966 1225 992 πολὺ
1249 974 1275 992 τι
1296 964 1405 999 χείρους
1428 962 1557 997 γεγόνασι
1577 960 1632 986 τῶν
1653 960 1703 986 οὐκ
1724 957 1836 991 ἀγαθῶν

1050 1010 1169 1046 ἑξαρχῆς
1183 1010 1345 1044 γεγονότων.
1363 1009 1400 1035 Οὐ
1416 1010 1469 1042 μήν
1482 1015 1514 1041 γε
1529 1006 1632 1033 τούτων
1645 1005 1726 1031 ἕνεκα
1738 1004 1785 1029 καὶ
1798 1002 1838 1037 τῷ

1050 1056 1234 1092 φιλανθρώπῳ
1251 1055 1310 1090 Θεῷ
1328 1054 1436 1089 μισητοὶ
1451 1053 1627 1080 καθεστᾶσιν.
1645 1049 1718 1077 Ἀλλ’
1730 1049 1762 1076 οὐ
1778 1049 1838 1075 πεί-

1051 1103 1144 1136 θομαι,
1161 1101 1237 1136 φησὶ,
1255 1101 1292 1136 μὴ
1308 1098 1378 1126 εῖναι
1397 1098 1509 1129 τούτους
1526 1096 1689 1132 βδελυκτοὺς
1704 1094 1743 1129 τῷ
1762 1102 1840 1128 μισο-

1051 1148 1163 1184 πονήρῳ
1176 1147 1246 1182 Θεῷ,
1260 1147 1289 1179 ἐξ
1303 1145 1413 1180 ἀγαθῶν
1426 1145 1466 1176 είς
1479 1143 1616 1178 πονηροὺς
1631 1140 1839 1177 μεταόεὸλημέ-

1050 1203 1113 1225 νους
1134 1193 1252 1228 κακίστη
1271 1193 1369 1227 γνώμῃ
1382 1199 1389 1207 ·
1406 1190 1507 1217 ὁπόταν
1522 1190 1576 1225 γὰρ
1596 1189 1621 1215 οι
1642 1187 1838 1221 κακοδαίμονες

1051 1237 1125 1267 οὗτοι
1142 1239 1253 1274 μισητοὶ
1267 1238 1313 1264 καὶ
1327 1235 1467 1272 βδελυκτοὶ
1480 1235 1608 1269 γίνωνται
1622 1233 1669 1259 καὶ
1683 1233 1837 1266 συγγενέσι,

1052 1287 1099 1313 καὶ¹
1115 1286 1214 1320 φίλοις,
1230 1282 1308 1320 οἶμαι
1325 1283 1347 1310 δ’
1362 1283 1403 1310 ὃτι
1419 1282 1467 1309 καὶ
1484 1281 1604 1316 γονεῦσι,
1622 1280 1670 1306 καὶ
1686 1279 1775 1310 παισὶ,
1791 1277 1839 1304 καὶ

1052 1333 1135 1359 πᾶσιν
1153 1331 1217 1364 ἑξῆς
1236 1330 1409 1365 ἀνθρώποις,
1427 1329 1472 1356 διὰ
1493 1329 1577 1363 μόνην
1608 1328 1659 1361 τὴν
1683 1325 1841 1360 φαυλότητα

1052 1378 1098 1404 καὶ
1113 1377 1162 1413 τὴν
1179 1377 1313 1412 πονηρίαν
1325 1383 1333 1393 ο
1349 1375 1439 1411 πολλῷ
1454 1383 1486 1409 γε
1502 1372 1683 1408 δικαιότεροι,
1700 1370 1840 1406 μισεῖσθαι

1051 1424 1091 1459 τῷ
1107 1423 1166 1458 Θεῷ
1183 1423 1293 1449 πάντων
1308 1422 1401 1449 ἓνεκα.
1419 1420 1464 1454 Τῷ
1482 1420 1537 1454 γὰρ
1554 1418 1678 1454 βορὸόρῳ
1695 1416 1839 1443 καλινδου-

1053 1470 1138 1505 μένῳ,
1153 1470 1194 1501 τίς
1209 1470 1243 1496 ἂν
1259 1469 1300 1504 εἴη
1319 1467 1421 1503 μετοχὴ
1435 1467 1451 1501 ἢ
1468 1465 1596 1493 κοινωνία
1613 1465 1680 1498 πρὸς
1695 1463 1778 1495 Θεόν;
1795 1461 1840 1497 Τῷ

1052 1518 1106 1552 γὰρ
1126 1517 1162 1552 μὴ
1181 1515 1311 1551 καθαρῷ,
1330 1514 1396 1549 φησί
1413 1522 1454 1545 τις
1475 1513 1547 1548 μάλα
1565 1511 1649 1546 ἀνὴρ,
1668 1509 1839 1544 ἐφάπτεσθαι

1054 1564 1102 1591 τοῦ
1122 1562 1242 1597 καθαροῦ
1264 1561 1301 1597 μὴ
1319 1562 1348 1587 οὑ
1370 1559 1482 1595 Θεμιτὸν
1501 1558 1555 1593 εἴη.
1576 1558 1613 1584 υὺ
1636 1557 1689 1591 μὴν
1708 1555 1776 1582 ἀλλὰ
1794 1555 1841 1581 καὶ

1056 1610 1126 1637 κατὰ
1146 1609 1220 1636 τόνδε
1239 1608 1285 1634 τὸν
1305 1607 1406 1641 τρόπον
1423 1605 1504 1640 δῆλον
1521 1604 1554 1642 ἃν
1573 1603 1615 1637 εἴη
1635 1602 1666 1629 τδ
1685 1601 1839 1636 είρημένον.

1062 1655 1091 1682 ’0
1114 1654 1179 1689 γοῦν
1202 1652 1307 1688 ἐχθρῶς
1329 1651 1502 1685 διακείμενος
1522 1648 1561 1684 τῷ
1583 1657 1637 1674 τινι
1659 1646 1842 1681 διαφερόντως

1057 1700 1212 1736 φιλουμένῳ
1227 1699 1274 1726 καὶ
1288 1698 1326 1733 τῷ
1343 1695 1464 1732 φιλοῦντι
1481 1695 1591 1725 πάντως
1605 1693 1639 1721 ἂν
1654 1694 1696 1727 εἴη
1709 1701 1717 1708 ·
1734 1693 1781 1719 καὶ
1795 1692 1843 1725 δῆ-

1057 1746 1102 1772 λον
1116 1746 1147 1772 ὲκ
1160 1744 1207 1772 τοῦ
1222 1744 1356 1771 ἐναντίου.
1373 1743 1404 1769 '0
1419 1742 1472 1776 γὰρ
1488 1740 1576 1775 φιλῶν
1591 1748 1632 1766 σοι
1644 1739 1691 1765 τδν
1706 1738 1783 1772 φίλον
1797 1737 1843 1764 καὶ

1058 1792 1132 1827 αὐτῷ
1148 1800 1188 1818 σοι
1204 1791 1279 1825 φίλος
1296 1789 1384 1824 σαφὴς
1399 1788 1484 1823 δήπου
1501 1787 1616 1820 γίνεται.
1632 1785 1687 1812 Καὶ
1700 1785 1775 1811 οὗτοι
1788 1784 1844 1810 τοί-

1059 1847 1106 1865 νυν
1123 1838 1265 1873 μισοῦντες
1277 1836 1326 1870 τὴν
1340 1834 1453 1869 ἀρετὴν,
1469 1834 1550 1869 φίλην
1563 1831 1646 1859 οὖσαν
1660 1830 1699 1865 τῷ
1713 1830 1783 1863 Θεῷ,
1797 1829 1844 1856 καὶ

1059 1885 1097 1919 τῷ
1117 1883 1194 1918 κακῷ
1214 1882 1487 1917 προσδεδραμηκότες
1508 1879 1636 1910 ἑκόντες,
1656 1877 1749 1903 οὐκέτι
1771 1875 1843 1910 φίλοι

1060 1932 1098 1967 τῷ
1110 1931 1182 1966 Θεῷ,
1194 1930 1262 1957 ἀλλὰ
1276 1928 1369 1964 σαφῶς
1382 1927 1474 1963 ἐχθροί
1484 1935 1491 1943 ·
1505 1926 1554 1960 οὺχ
1569 1925 1663 1960 ὑγιῶς,
1676 1921 1698 1951 ὧ
1712 1923 1843 1958 βέλτιστε,

1062 1977 1258 2012 συνεπέρανας.
1272 1976 1305 2002 Al.
1320 1974 1374 2010 γὰρ
1388 1973 1535 2008 προτάσεις
1549 1971 1659 2006 ἀληθεῖς
1668 1977 1677 1986 ο
1691 1969 1722 1996 τὺ
1735 1969 1764 1996 δὲ
1778 1977 1844 2003 συμο

1061 2024 1190 2058 πέρασμα
1202 2022 1261 2053 ταῖς
1276 2021 1441 2057 προτάσεσιν
1452 2018 1498 2045 ἐπὶ
1510 2017 1564 2044 τῶν
1576 2015 1622 2042 τοῦ
1636 2015 1704 2042 Θεοῦ
1718 2014 1847 2049 πραγμά⁴

1061 2078 1116 2097 των
1132 2070 1163 2096 οὗ
1184 2068 1297 2103 συνᾷδον
1313 2065 1502 2101 εὑρεθήσεται.
1523 2064 1569 2092 El:
1594 2063 1642 2098 μὲν
1660 2061 1715 2096 γὰρ
1731 2061 1765 2087 τὰ
1785 2059 1846 2087 καθ’

1061 2115 1135 2150 ἡμᾶς
1153 2114 1302 2148 πράγματα
1319 2111 1407 2145 ὀρθῶς
1423 2110 1456 2137 ἃν
1470 2109 1527 2144 ἔχοι
1541 2108 1654 2135 τοιαῦτα
1671 2106 1760 2140 λέγειν
1773 2113 1780 2120 ·
1796 2105 1848 2132 iis:

1062 2161 1091 2187 δὲ
1106 2161 1145 2191 είς
1161 2160 1207 2186 τὸν
1222 2158 1289 2185 Θεὸν
1303 2158 1376 2192 ἥκει,
1394 2156 1477 2188 ἀξίως
1492 2153 1629 2189 δήπουθεν
1643 2151 1725 2179 αὐτοῦ
1741 2153 1789 2178 καὶ
1804 2151 1849 2177 λε-

1063 2205 1142 2231 κτέον
1157 2205 1222 2239 ἡμῖν
1237 2203 1269 2230 ἂν
1284 2202 1327 2237 εἴη
1338 2222 1345 2233 ,
1361 2201 1408 2228 καὶ
1423 2199 1547 2232 νοητέον,
1561 2198 1635 2230 ἀξιον
1649 2197 1671 2223 δ’
1683 2197 1716 2223 ἂν
1730 2198 1773 2230 εἴη
1789 2196 1849 2230 Θεῷ

1063 2251 1094 2277 τὸ
1107 2250 1245 2285 μηδέποτε
1260 2248 1359 2283 μισεῖν,
1371 2246 1400 2272 ὗν
1413 2245 1473 2272 κατ’
1483 2245 1575 2271 εἰκόνα
1588 2242 1683 2270 ἑαυτοῦ
1697 2243 1756 2273 ταῖς
1770 2241 1850 2272 ἰδίαις

1064 2296 1156 2332 χερσὶν
1171 2295 1299 2321 ἔπλασεν.
1315 2293 1352 2319 οὐ
1367 2293 1421 2326 γὰρ
1435 2291 1468 2326 δὴ
1483 2289 1642 2325 μεταὸαλὼν
1655 2289 1705 2322 τὴν
1721 2288 1852 2322 προαίρε-

1065 2351 1119 2375 σιν,
1132 2341 1181 2369 καὶ
1194 2340 1259 2368 αὐτὸ
1271 2339 1302 2366 τδ
1315 2336 1386 2365 εἶναι
1402 2337 1560 2372 μετέϐαλεν,
1575 2335 1611 2365 ὡς
1629 2334 1746 2368 μάλιστα
1760 2335 1851 2367 ἡμαρ-

1064 2389 1167 2424 τηκώς.
1181 2388 1218 2414 Οὐ
1237 2386 1289 2422 μὴν
1302 2385 1370 2412 ἀλλὰ
1385 2383 1431 2410 καὶ
1446 2383 1471 2409 οῑ
1487 2381 1666 2417 μισοπόνηροι
1677 2379 1733 2405 τῶν
1745 2378 1850 2413 ἀνθρώ-

1065 2445 1125 2464 πων
1138 2435 1210 2462 οὕτω
1227 2441 1274 2469 μοι
1288 2430 1396 2458 δοκοῦσι
1414 2429 1511 2456 ποιεῖν.
1525 2428 1602 2453 Ὀσοι
1618 2426 1646 2453 δὲ
1661 2425 1709 2461 τὴν
1726 2425 1851 2451 ἐναντίαν

1066 2482 1160 2517 έχουσι
1177 2479 1308 2514 γνώμην,
1325 2476 1372 2502 καὶ
1386 2475 1436 2509 τὴν
1451 2472 1550 2499 κακίαν
1567 2471 1616 2505 μὶν
1630 2469 1754 2504 οὐδαμῶς
1764 2489 1772 2501 ,
1787 2468 1852 2499 τοὺς

1065 2514 1151 2555 erant;
1166 2525 1268 2560 ταύτης
1286 2520 1509 2557 κεκρατημένους
1526 2517 1628 2551 σφόδρα
1648 2514 1775 2550 μισοῦσι,
1791 2514 1852 2540 δέον

1066 2585 1098 2610 γε
1123 2573 1222 2604 αὐτοὺς
1245 2559 1330 2598 ἐλεεῖν
1356 2567 1426 2602 ὑπὲρ
1447 2566 1511 2596 τοὺς
1533 2563 1627 2594 ἄλλους
1653 2562 1788 2591 ἅπαντας,
1815 2559 1853 2595 μὴ

1069 2606 1168 2658 μᾶλλον
1185 2617 1321 2654 μισεῖσθαι
1337 2615 1450 2645 δίκαιοι,
1467 2612 1483 2646 ἦ
1499 2609 1545 2641 οὓς
1562 2608 1663 2637 ἀδίκως
1678 2606 1733 2632 οιδε
1754 2606 1853 2639 μισοῦν

1068 2651 1125 2701 σιν;
1140 2651 1213 2693 Ἀντὶ
1233 2663 1288 2698 γὰρ
1309 2660 1356 2687 τοῦ
1380 2659 1430 2692 τὴν
1451 2656 1538 2684 αίτίαν
1561 2654 1649 2689 μισεῖν
1670 2653 1719 2686 τῆς
1740 2651 1854 2678 ἐκείνων

1068 2696 1220 2748 ἐκτροπῆς,
1237 2696 1283 2736 καί
1299 2705 1390 2742 ζητεῖν
1405 2700 1544 2737 ἐπιμελῶς
1555 2719 1562 2731 ,
1578 2698 1629 2732 τὴν
1647 2697 1697 2732 μὲν
1713 2696 1854 2731 πρόφασιν

1068 2743 1124 2787 τῶν
1142 2743 1235 2785 κακῶν
1258 2753 1373 2785 ἀνελεῖν,
1395 2750 1443 2785 τὴν
1466 2748 1494 2774 δὲ
1519 2746 1597 2782 ῥίζαν
1619 2744 1776 2772 ἁνασπᾶσαι
1798 2743 1853 2769 τῶν

1070 2805 1199 2833 τοιούτων
1213 2800 1383 2836 παθημάτων
1393 2817 1399 2829 ,
1416 2795 1463 2822 καὶ
1477 2793 1524 2820 τοῦ
1539 2790 1679 2820 νοσοῦντος
1695 2788 1854 2823 φείδεσθαι,

1071 2850 1249 2886 ὁπωσδήποτε
1267 2834 1412 2880 νενόσηκεν
1423 2862 1430 2875 ,
1445 2842 1469 2868 οἱ
1483 2840 1511 2867 δὲ
1528 2838 1595 2874 πρὸς
1611 2835 1740 2864 τάναντία
1753 2834 1790 2866 ὥς
1806 2842 1855 2860 τα-
