1937 3078
124 133 181 166 509

830 129 970 160 ORATIO
988 129 1026 160 VI

1697 125 1752 157 510

125 190 213 218 πολλὰ
226 176 469 225 ῥέπουσιττούτων
483 186 531 222 μὲν
544 185 596 220 γὰρ
609 184 704 212 οὐδένα
715 184 805 219 λόγον,
817 185 834 219 ἢ
848 193 906 219 σμι.

962 185 1069 212 diversa
1087 183 1219 212 sententia
1234 186 1285 215 est,
1301 182 1403 217 quique
1416 187 1468 207 non
1493 178 1601 211 vitium,
1629 179 1676 206 sed
1704 180 1749 207 ien-

127 237 195 272 κρὺν
210 236 275 265 ἴσως
293 233 430 260 ποιοῦνται
441 240 449 248 ⁶
467 232 514 259 καὶ
529 231 603 266 δηλοῖ
617 230 650 257 τὰ
664 231 800 256 τουτοισὶν
814 230 911 264 εἰργα-

125 282 215 316 σμένα
227 289 234 296 ·
247 281 293 306 τὸν
304 279 332 306 δὲ
343 279 403 310 ταῖς
417 278 512 312 ὕϐρεσι
526 277 668 306 ¹πλύνουσι,
681 276 724 302 καὶ
737 275 909 310 νωμῳδοῦσι,

124 325 185 356 πῶς
207 325 276 356 οτει;
294 324 333 350 διὸ
355 324 399 349 ἰα’Δ
423 322 541 357 σχέτλιοι
562 320 681 354 γίνονται
703 320 727 346 οί
748 320 859 350 τούτους
879 328 911 354 γε

125 372 218 406 μισεῖν
241 370 382 405 κρίναντες
405 368 440 395 δι’
454 367 578 402 ἡντινοῦν
601 367 692 394 αἰτίαν
717 366 734 401 ἢ
760 366 908 401 πρόφασιν.

123 416 259 444 Τοσοῦτον
276 416 331 450 γὰρ
351 412 429 448 οἶμαι
449 414 535 440 ὲνδεῖν
553 413 588 440 τὰ
610 413 686 446 παρὰ
709 411 756 438 σοῦ
777 410 908 446 εἰρημένα

122 462 237 493 τούτους
254 462 391 495 ἀποφῆναι
406 459 527 490 δικαίους
546 458 698 493 μισεῖσθαι,
716 457 778 484 ὅσον
794 457 840 483 καὶ
856 456 909 483 δεισ

123 509 217 536 χνύειν
238 508 330 541 σαφῶς
350 507 397 533 τοῦ
420 505 552 533 ἐλεεῖσθαι
575 504 667 536 ἀξίους
688 503 777 534 ὂντας.
799 502 830 528 Ei
854 503 908 537 γὰρ

124 554 244 586 ἑκόντες,
258 546 341 585 ὡς’σὺ
355 553 419 588 φῂς,
431 552 479 587 τὴν
491 551 545 579 ἀπὸ
556 551 606 585 τῆς
619 549 720 585 ἀρετῆς
734 549 908 583 εὐδαιμονίαν

122 600 288 630 διέπτυσαν,
304 599 350 625 καὶ
365 600 419 630 τοῖς
437 597 648 633 πεπυρωμένοις
662 595 709 621 τοῦ
728 594 846 629 πονηροῦ
864 594 908 628 βέ-

122 646 196 671 λεσιν
205 645 316 676 ἑαυτοὺς
326 644 513 678 περιέπειραν,
526 642 561 668 δι’
571 638 608 669 ὥν
623 642 636 668 ὁ
651 641 701 675 τῆς
710 640 797 675 ψυχῆς
813 641 908 666 ἐπεισ-

124 693 232 728 έρχεται
244 691 368 721 Θάνατος,
385 690 443 720 πῶς
451 689 482 716 οὒ
493 689 582 715 πάντα
592 687 700 714 πάντων
719 686 906 720 ἐλεεινότεροι,

124 738 251 771 καθάπερ
266 737 314 763 καὶ
327 735 381 762 τῶν
394 735 480 766 ἆλλως
497 733 680 768 φονευθέντων
693 733 716 758 οἱ
733 732 907 766 αὖτόχειρεςς

124 784 171 809 καὶ
193 782 295 808 τούτων
315 781 403 813 αὖθις,
423 780 448 806 oi
471 778 551 815 δῆθεν
572 777 725 813 σὼφρονεςς
746 778 782 805 Τὸ
806 777 854 812 μὲν
875 778 906 811 δὴ

966 230 1052 257 rectos
1069 229 1136 256 vitio
1147 229 1324 256 vehementer
1339 227 1433 255 odere.
1451 233 1513 252 cum
1534 232 1628 252 eorum
1662 232 1744 258 supra

962 280 1076 303 caeteros
1089 282 1185 302 omnes
1200 272 1321 301 misereri
1337 273 1476 303 deberent.
1488 279 1521 298 an
1539 279 1591 299 nou
1606 271 1692 306 magis
1717 272 1744 297 hi

963 322 1035 357 digni
1052 326 1115 350 sunt
1128 321 1189 348 odio
1206 328 1288 354 qttam
1310 326 1378 354 quos
1407 319 1507 352 injuste
1534 318 1584 352 ipsi
1606 317 1746 344 oderunt?

963 364 1024 395 nam
1040 375 1087 402 pro
1104 375 1137 394 eo
1175 367 1246 401 quod
1273 373 1383 392 causam
1401 363 1611 392 exorbitationis
1639 363 1744 389 illorutu

960 416 1049 442 odisse
1063 414 1205 444 debebant.
1219 419 1246 441 et
1262 413 1407 446 diligenter
1421 417 1530 445 operam
1559 410 1636 440 dare.
1663 409 1747 437 malo-

960 469 1020 488 rum
1037 466 1065 488 ut
1083 460 1253 488 occasionem
1271 459 1407 489 tollerent,
1425 462 1452 484 ct
1473 456 1629 484 morborum
1653 456 1748 490 hujus-

961 507 1033 535 modi
1049 508 1169 535 radicem
1184 506 1342 539 evellerent,
1374 505 1565 541 laborantique
1592 506 1745 537 parcerent.

960 554 1114 588 quicunque
1130 553 1238 579 tandem
1255 551 1365 578 morbus
1377 555 1459 582 esset,
1486 557 1513 576 tn
1531 548 1698 576 contrarium
1718 547 1744 574 hi

958 600 1120 634 plerumque
1134 599 1257 626 tendunt.
1286 597 1352 624 Num
1382 597 1483 623 nullam
1509 595 1618 629 quidem
1650 594 1745 620 horum

959 645 1093 672 rationem
1112 644 1154 671 vel
1176 644 1299 678 exiguam
1315 642 1439 670 lortassis
1453 641 1562 672 habent,
1584 640 1656 675 quod
1670 640 1741 673 ipso-

957 699 1016 718 rum
1034 698 1098 718 sane
1109 690 1179 717 facta
1191 690 1328 717 declarant
1344 697 1350 716 :
1366 695 1393 715 at
1407 688 1543 715 hominem
1570 687 1657 721 ipsum
1685 685 1747 719 qui-

949 738 1016 770 .bus,
1035 738 1158 769 obsecro,
1171 737 1340 764 coutttmeliis
1368 735 1488 762 alliciunt
1502 739 1529 761 et
1554 731 1746 760 insectantur?

955 783 1124 818 Quapropter
1135 787 1162 810 et
1176 783 1226 818 ipsi
1246 782 1393 817 culpabiles
1411 779 1478 808 liunt
1499 781 1545 814 qui
1582 785 1744 813 quacunque

124 827 236 854 τοιαῦτα
261 827 376 861 πάσχειν
402 826 493 860 ἄκρως
519 825 659 860 δυστυχεῖν
685 825 764 850 ἐστι·
790 824 852 855 τοὺς
878 822 906 849 δὲ

959 830 993 858 de
1008 837 1090 857 causa
1107 829 1147 856 vel
1161 833 1302 864 praetextu,
1317 828 1376 856 illos
1392 827 1455 854 odio
1469 827 1519 854 sibi
1544 820 1745 860 pel-sequendos

125 873 262 904 τοιούτους
287 873 451 906 δακρύομιν.
468 871 549 903 Ἀξιὰ
571 879 603 905 γε
629 870 663 897 τὰ
687 869 789 897 τούτων
814 869 904 902 κακὰ,

124 920 188 947 ὄντα
207 918 354 954 δυστυχίας
377 917 473 953 μεστὰ,
495 918 526 944 οὺ
551 917 630 952 μόνον
652 925 684 950 γε
705 917 736 943 οὗ
761 915 906 950 μισητέους

124 966 223 997 αὐτοὺς
252 964 410 996 δεικνύναι,
437 963 506 990 ἀλλὰ
533 963 579 990 καὶ
608 962 809 998 προγένεστερα
840 962 905 996 μίση

124 1011 210 1043 λύειν,
223 1011 248 1037 εί
261 1010 293 1045 δὴ
311 1009 358 1036 καὶ
374 1009 460 1036 πολλά
472 1017 534 1036 τινα
549 1008 617 1043 πρὸς
631 1008 729 1039 αὐτούς
744 1015 809 1034 ποτε
822 1007 907 1033 ταῦτα

122 1054 168 1091 ἦν.
193 1057 225 1082 Et
249 1055 277 1082 at
292 1056 340 1081 καὶ
354 1054 406 1081 ὑπὸ
420 1054 497 1081 ἐνίων
513 1055 633 1087 μισοῖντο
647 1054 671 1080 oi
687 1053 731 1079 τδν
745 1052 801 1088 βίον
816 1052 907 1078 ἀναλί-

124 1109 238 1132 σκοντες
255 1101 283 1127 ἑν
297 1101 347 1126 οὐκ
363 1100 474 1134 ἀγαθοῖς
491 1099 581 1134 ἔργοις
597 1097 676 1134 (εἶδον
690 1098 744 1133 γὰρ
760 1097 816 1132 ὲγώ
830 1106 906 1128 τινας

122 1146 173 1172 καὶ
194 1144 304 1179 γονεῦσι
328 1145 519 1179 μισουμένους,
541 1145 579 1175 ὡς
603 1144 720 1178 φαύλους
742 1143 844 1175 ὄντας),
869 1142 906 1178 μὴ

122 1191 168 1217 διὰ
184 1191 262 1217 τοῦτο
279 1191 372 1222 κακῶς
388 1190 517 1226 νομίσῃς,
534 1190 572 1220 ὡς
587 1190 642 1225 ἄρα
657 1190 698 1216 δεῖ
714 1190 760 1216 καὶ
777 1189 822 1215 τὸν
839 1189 907 1216 Θιδν

124 1236 215 1271 πολλῷ
235 1244 268 1269 γε
291 1236 391 1270 μᾶλλον
410 1236 509 1267 αὐτοὺς
532 1236 631 1270 μισεῖν,
651 1235 699 1263 ἅτε
723 1235 905 1270 μισοπόνηρον

123 1281 196 1308 ὄντα.
218 1281 246 1308 '0
262 1282 315 1317 γὰρ
330 1281 397 1312 Θεὸς
409 1281 458 1316 τὴν
472 1281 604 1316 πονηρίαν
620 1282 723 1315 μισῶν,
738 1281 843 1316 εὕρεμα
859 1281 905 1308 οὗ·

125 1337 174 1355 σαν
187 1328 233 1355 τοῦ
252 1327 389 1363 πονηροῦ,
405 1329 429 1354 εί
446 1328 475 1354 δὲ
493 1327 600 1363 βούλει,
617 1328 844 1362 βδελυττόμενος.
860 1327 906 1354 καὶ

123 1374 173 1408 τὴν
185 1374 284 1408 ἀρετὴν
299 1373 399 1408 φιλῶν,
415 1374 519 1401 οίκείαν
535 1372 618 1401 οὖσαν
632 1373 723 1409 αὐτῷ,
738 1374 768 1400 τὸ
782 1373 832 1408 μὲν
845 1374 906 1401 ἐνά-

124 1428 201 1456 ρετον
218 1419 306 1454 φιλεῖ,
325 1419 370 1445 τὸν
386 1419 414 1445 δὲ
434 1419 500 1454 πρὸς
519 1420 599 1446 αὑτὸν
616 1419 779 1446 πεπτωκότα
794 1418 839 1445 τὸν
856 1418 906 1453 τῆς

123 1465 221 1497 κακίας
237 1465 317 1500 βυθὸν
333 1465 362 1491 οὗ
380 1466 470 1500 μισεῖ,¹
482 1465 538 1491 ἀλλ’
551 1465 634 1491 ὲλεεῖ’
648 1466 695 1492 καὶ
709 1466 759 1492 οὐκ
775 1466 906 1501 ἀποστρέ-

960 877 1116 904 statuerint.
1134 875 1250 903 Tantum
1270 876 1341 903 cuitn
1358 875 1454 902 abesse
1471 877 1545 908 puto,
1559 876 1587 898 ut
1614 879 1673 905 qua:
1698 872 1746 897 ahs

960 923 1102 957 teprolata
1117 927 1190 955 sunt,
1211 922 1262 949 hos
1293 921 1355 949 odio
1381 921 1476 955 dignos
1489 926 1550 946 esse
1577 918 1747 945 demonstra-

953 968 1026 999 rint.
1039 972 1067 995 ut
1080 968 1162 994 etiam
1179 967 1320 1001 perspicue
1343 966 1469 1000 probent,
1495 971 1543 992 eos
1570 963 1747 990 commisera-

961 1014 1061 1041 tionem
1070 1012 1184 1040 mereri.
1202 1011 1269 1039 Nam
1296 1012 1318 1039 si
1338 1012 1472 1042 volentes,
1484 1014 1515 1036 ut
1530 1014 1556 1036 tu
1568 1009 1676 1043 quidem
1694 1008 1745 1038 ais,

961 1059 1164 1094 provenientem
1199 1065 1233 1085 ex
1254 1059 1356 1084 virtute
1390 1056 1547 1084 felicitatem
1572 1058 1745 1088 respuerunt,

960 1113 993 1133 ac
1009 1109 1094 1133 semet
1109 1104 1202 1139 ignitis
1219 1103 1291 1130 illius
1317 1103 1428 1137 maligni
1453 1101 1513 1129 telis
1542 1100 1745 1131 traustixeruut,

962 1158 1011 1186 per
1027 1158 1088 1185 quae
1115 1150 1198 1177 animi
1225 1146 1298 1176 mors
1324 1148 1483 1183 ingreditur,
1511 1154 1563 1181 quo
1591 1149 1668 1181 pacto
1693 1153 1744 1172 nou
1770 1153 1772 1156 ‘

959 1196 1071 1223 omnino
1087 1194 1242 1229 miseriores
1255 1199 1319 1221 sunt
1334 1193 1470 1224 omnibus,
1483 1192 1554 1220 sicut
1565 1196 1592 1218 et
1614 1191 1667 1218 alio
1680 1198 1746 1225 quo-

965 1240 1028 1267 dam
1041 1240 1123 1267 modo
1139 1240 1241 1266 necatis
1261 1239 1277 1266 ii
1293 1238 1336 1273 qui
1352 1245 1445 1265 manus
1457 1237 1507 1272 ipsi
1531 1237 1582 1264 sibi
1611 1235 1746 1263 afferunt?

960 1290 987 1313 et
1003 1293 1096 1313 rursus
1111 1286 1154 1313 his
1167 1285 1211 1320 qui
1224 1289 1313 1312 tuente
1324 1284 1381 1311 sani
1395 1284 1435 1311 sic
1464 1282 1601 1318 pereunt?
1613 1281 1744 1309 Nimirum

959 1330 1023 1358 t‘alia
1041 1331 1106 1365 pati,
1134 1335 1255 1358 extrema
1284 1330 1427 1357 infelicitas
1450 1334 1502 1361 est.
1530 1333 1558 1356 et
1582 1327 1740 1363 huiusmodi

959 1385 1024 1405 sane
1037 1377 1164 1412 lacrymis
1179 1376 1316 1404 deﬂemus.
1335 1376 1403 1403 Nam
1421 1376 1491 1403 mala
1514 1376 1646 1410 ipsorum,
1662 1374 1743 1408 plena

959 1422 1084 1456 miserim,
1105 1431 1157 1450 non
1175 1423 1254 1450 modo
1273 1422 1379 1450 eﬂicere
1394 1425 1517 1457 possunt,
1535 1421 1615 1448 nullis
1634 1425 1662 1447 ut
1674 1419 1746 1447 odiis

959 1469 1141 1504 persequendi
1152 1473 1327 1500 censeantur,
1344 1475 1437 1496 verum
1460 1468 1541 1495 etiam
1555 1467 1614 1494 odia
1643 1466 1744 1501 priora,

123 1520 220 1544 φεται,
244 1511 312 1538 ἀλλὰ
333 1512 383 1546 τὴν
406 1511 491 1538 αὑτοῦ
516 1512 744 1547 πραγματεύεται
770 1513 906 1547 σωτηρίαν

960 1520 986 1542 et
1004 1515 1088 1542 multa
1105 1515 1225 1549 quidem,
1257 1515 1321 1541 olim
1351 1515 1377 1541 in
1402 1521 1449 1541 eos
1476 1517 1612 1546 suscepta,
1643 1516 1748 1546 queunt

123 1556 209 1583 ἅπασι
224 1557 345 1592 τρόποις.
361 1556 487 1592 Τοσούτῳ
502 1557 524 1583 δ’
535 1558 566 1583 οὐ
582 1558 706 1592 προσῆκε
721 1557 852 1591 νομίζειν,
868 1558 905 1589 ὡς

123 1603 170 1630 καὶ
190 1603 229 1637 τῷ
251 1602 310 1637 Θεῷ
334 1604 444 1638 μισητιῇ⁸
467 1603 640 1634 καθεστᾶσιν,
662 1604 721 1630 ὅσοι
742 1603 786 1629 διὰ
808 1603 856 1635 τὴν
877 1604 905 1629 ὲν

124 1650 200 1684 σφίσι
222 1649 337 1682 κακίαν,
356 1650 384 1676 ὲν
403 1649 557 1684 ἀνθρώποις
577 1650 668 1684 ἔχουσι
687 1650 782 1684 μῖσος,
800 1650 906 1684 ὅσῳπερ

123 1696 170 1722 καὶ
185 1695 339 1722 τούναντίον
354 1694 465 1730 εὔλογον
479 1693 550 1722 εἶναι
564 1703 570 1710 ·
586 1695 658 1729 λέγω
672 1695 703 1730 δὴ
719 1695 749 1721 τὸ
763 1695 906 1729 τυγχάνειν

123 1742 223 1772 αὖτοὺς
239 1742 339 1774 ὲλέους.
356 1743 392 1768 Τδ
408 1743 462 1776 γὰρ
479 1741 509 1772 δὴ
528 1742 627 1777 σφόδρα
642 1742 753 1772 τούτους
771 1741 905 1776 μισεῖσθαι

123 1788 189 1822 παρ’
202 1785 239 1814 ὦν
254 1788 343 1822 ἥκιστ’
356 1788 450 1823 ἐχρῆν,
467 1787 540 1814 τοῦτ’
553 1788 611 1814 ἔστι
628 1787 658 1814 τδ
674 1788 719 1814 τὸν
735 1787 801 1814 Θεὸν
817 1795 905 1822 παρα-

124 1832 256 1865 σκευάζον
274 1834 341 1868 πρὸς
363 1834 462 1865 αὐτοὺς
481 1834 676 1868 εὐμενέστερον
694 1833 812 1868 βλέπειν,
828 1833 906 1859 ’Ὢσίν

122 1879 140 1913 ἡ
158 1878 212 1905 τῶν
228 1879 348 1914 γνησίων
365 1880 525 1914 ἀποστροφὴ
545 1879 638 1911 ἐλέους
654 1879 760 1911 τούτοις
778 1877 907 1912 πρόξενος

123 1924 229 1958 γίνεται
243 1925 288 1951 τοῦ
306 1925 380 1959 παρὰ
398 1924 475 1957 Θεοῦ,
493 1924 567 1960 αὐτῷ
580 1933 611 1959 γε
631 1924 729 1960 τούτῳ,
748 1924 788 1959 τῷ
806 1925 843 1960 μὴ
858 1925 902 1951 δο-

123 1971 182 1997 κεῖν
196 1970 310 2002 δικαίοις
331 1970 427 1997 τούτου
443 1971 546 2005 τυχεῖν.
567 1970 596 1996 ’0
621 1971 676 2005 γὰρ
692 1969 820 1996 τοσοῦτον
836 1970 906 2004 ἀφε-

124 2015 232 2051 στηκὼς
259 2015 314 2042 τῶν
342 2016 417 2051 αὒτῷ
452 2016 655 2051 προσηκόντων,
679 2017 693 2042 ὁ
719 2016 835 2048 ἐλεεινὸς
860 2018 906 2043 καὶ

124 2059 258 2094 μηδαμῶς
284 2060 455 2095 ἐλεούμενος,
474 2060 543 2086 ἀλλὰ
568 2060 724 2087 τούναντίον
742 2061 906 2096 μισούμενός

123 2114 153 2131 τε
182 2106 228 2132 καὶ
255 2106 521 2140 ἀπογινωσκόμενος,
546 2106 583 2136 ὠς
606 2106 673 2141 μηδὲ
700 2105 749 2140 τῆς
775 2107 906 2134 ἀνωτάτω

123 2151 330 2186 φιλανθρωπίας
354 2151 428 2184 ἄξιος
457 2152 599 2186 κρίνεσθαι
625 2151 690 2186 παρ’
719 2152 819 2185 αὐτῶν,
847 2154 904 2185 πῶς

122 2197 172 2224 οὐκ
188 2197 245 2224 ἐστι
260 2197 366 2229 δίκαιος
391 2197 484 2228 ἐλέους
513 2188 607 2231 τυχεῖν
628 2198 703 2233 παρὰ
727 2197 785 2233 Θεῷ
806 2200 904 2234 κριτῇ;

122 2242 160 2275 ὦς
177 2250 259 2278 φησιν
275 2245 289 2270 ὁ
313 2243 379 2271 Θεὸς
405 2243 449 2270 διὰ
474 2243 586 2270 Ἡσαΐου
610 2243 659 2271 τοῦ
679 2245 821 2278 προφήτου
837 2247 906 2280 πρὸς

127 2289 306 2324 Ἰερουσαλήμ
318 2296 325 2303 ·
342 2289 406 2315 ὀτι
421 2289 470 2316 διὰ
489 2290 522 2315 τὸ
535 2287 613 2316 εἶναι
624 2297 660 2316 σε
677 2289 909 2325 ἐγκαταλελειμ-

118 2336 227 2371 μένην,
244 2336 294 2362 καί
307 2336 526 2370 μεμισημένην,
542 2336 590 2363 καί
612 2338 666 2363 οὐκ
690 2336 730 2370 ἦν
753 2339 769 2364 ὁ
786 2337 910 2371 βοηθῶν

121 2390 182 2409 σοι.
200 2382 231 2408 El
248 2382 277 2408 δὲ
294 2381 326 2416 δὴ
341 2382 389 2408 καὶ
403 2381 482 2416 δίκην
498 2382 596 2414 αὐτοὺς
614 2382 792 2409 ἀποτιννύναι
818 2392 904 2418 προσ-

121 2428 183 2462 ῆκε,
207 2428 279 2461 μάλα
307 2436 338 2461 γε
368 2427 467 2463 πολλὴν
498 2428 552 2454 οἵδε
580 2428 672 2455 ἔτισαν
698 2429 817 2455 τουτοισὶ
849 2430 907 2461 τοῖς

122 2472 258 2508 ἐπαχθὲσι
281 2475 400 2508 κριταῖς.
419 2473 473 2500 Καὶ
498 2473 528 2500 τὸ
555 2474 647 2500 ποιοῦν
671 2474 721 2509 τὴν
740 2475 905 2510 ὑπερόολὴν,

121 2519 161 2545 ὅτι
189 2520 234 2546 καὶ
263 2520 287 2546 οἱ
317 2519 382 2554 παρ’
407 2519 497 2546 αὐτῶν
510 2521 696 2554 λαμϐάνοντες
720 2521 822 2556 ταύτην
847 2521 905 2547 ἄδι⁴

121 2566 233 2598 κοῦντες
249 2567 445 2601 λαμὸάνουσιν,
455 2567 604 2602 οὐδαμόθεν
617 2567 646 2593 ὂν
660 2567 751 2599 αὐτοῖς
765 2569 906 2604 προσῆκον

121 2612 221 2644 αὐτοὺς
250 2612 433 2647 κατακρίνειν.
466 2612 534 2639 Θεοῦ
566 2612 620 2648 γὰρ
647 2613 727 2648 μόνον
752 2614 834 2640 τοῦτό
862 2621 904 2647 γε.

121 2658 229 2685 Μᾶλλον
250 2658 273 2685 δ’
296 2660 323 2685 ετ
344 2668 386 2690 τις
402 2658 525 2694 ἀκριϐῶς
540 2658 627 2685 ἐθέλει
646 2660 768 2691 σκοπεῖν,
787 2661 803 2694 ἡ
831 2659 905 2694 σφῶν

122 2704 212 2730 αὐτῶν
227 2705 378 2739 συνείδησις
395 2706 441 2731 καὶ
460 2705 519 2731 τότε
544 2706 613 2739 σφᾶς
630 2713 662 2739 γε
678 2706 778 2740 κρινεῖ.
792 2706 829 2732 Οὐ
850 2706 905 2740 μήν

122 2758 154 2784 γε
172 2750 224 2776 ὑπὸ
250 2750 359 2777 πάντων
385 2751 449 2785 ἑξῆς
466 2751 516 2786 μία
539 2752 645 2782 τούτοις
662 2751 836 2785 ἐξενήνεκται
849 2751 904 2786 ψῆ-

124 2803 182 2830 φος.
195 2796 226 2822 0i
241 2796 296 2831 γὰρ
311 2797 361 2831 τὴν
379 2796 463 2833 ὀρθὴν
489 2796 644 2831 βαδίζοντες
663 2796 731 2830 πρὸς
752 2797 798 2823 τὸν
813 2797 904 2824 εὐδαί-

125 2849 193 2877 μονα
207 2841 264 2878 βίον
281 2842 392 2874 τούτους
406 2843 437 2878 δὴ
453 2843 515 2875 τοὺς
531 2843 604 2878 παρὰ
621 2843 673 2869 τῶν
689 2842 794 2871 πολλῶν
811 2851 904 2878 μισου-

957 1561 1139 1595 exstinguere.
1162 1560 1271 1593 Quodsi
1294 1560 1411 1586 maxime
1437 1560 1599 1594 quibusdam
1611 1558 1674 1585 odio
1684 1562 1746 1585 sunt

957 1606 1003 1641 qui
1017 1606 1099 1632 vitam
1113 1606 1140 1632 in
1156 1606 1283 1640 operibus
1298 1612 1352 1632 non
1372 1605 1449 1632 bonis
1468 1606 1582 1638 exigunt
1600 1604 1674 1638 (nam
1689 1604 1744 1630 vidi

958 1653 1089 1686 quosdam
1105 1659 1165 1686 ego,
1184 1659 1251 1686 quos
1268 1651 1318 1686 ipsi
1337 1655 1464 1686 parentes
1477 1651 1743 1684 odissent,tanquam

958 1696 1054 1730 malos)
1089 1704 1140 1724 non
1168 1701 1310 1732 propterea
1343 1703 1436 1731 parum
1473 1701 1548 1722 recte
1593 1695 1744 1730 putaveris,

960 1742 1047 1769 multo
1070 1742 1155 1776 magis
1171 1749 1230 1769 esse
1247 1749 1372 1773 necesse,
1403 1741 1474 1768 Deus
1491 1745 1520 1767 ut
1550 1740 1621 1775 ipsos
1642 1739 1743 1771 oderit,

958 1789 1003 1823 qui
1020 1789 1180 1823 pravitatem
1196 1789 1263 1815 odit.
1275 1788 1381 1823 Quippe
1397 1787 1466 1815 Deus
1495 1787 1559 1814 dum
1582 1787 1745 1822 pravitatem

960 1835 1028 1867 odit,
1048 1842 1107 1868 quae
1125 1834 1233 1869 maligni
1250 1833 1322 1860 illius
1353 1834 1493 1860 inventum
1511 1837 1562 1864 est,
1584 1831 1626 1859 vel
1656 1831 1747 1866 potius

958 1882 1139 1915 abominatur,
1155 1885 1181 1908 et
1207 1881 1332 1908 virtutem
1346 1880 1443 1913 diligit,
1460 1887 1519 1914 quze
1535 1879 1585 1913 ipsi
1600 1878 1746 1914 peculiaris

957 1932 1020 1955 est:
1037 1928 1136 1955 virtute
1152 1927 1262 1962 quidem
1280 1927 1422 1962 praeditum
1447 1930 1531 1958 amat.
1555 1925 1604 1965 sed
1636 1925 1744 1952 interim

957 1981 1020 2001 eum
1045 1973 1090 2008 qtti
1105 1973 1139 2001 ad
1174 1973 1257 2000 ituum
1282 1972 1439 2000 vitiositatis
1472 1973 1607 2007 gurgitem
1634 1971 1746 2003 decidit,

957 2028 1010 2048 non
1020 2020 1086 2051 odit,
1099 2019 1145 2047 sed
1156 2020 1367 2051 miseratttr,non
1388 2020 1561 2050 adversatur,
1586 2019 1632 2045 sed
1648 2018 1674 2044 in
1686 2017 1746 2051 ejus

957 2065 1048 2093 salute
1059 2064 1228 2099 procuranda
1237 2064 1324 2092 modis
1345 2064 1469 2091 omnibus
1481 2068 1643 2097 occupatur.
1656 2062 1746 2096 Usque

958 2111 1026 2138 adeo
1035 2118 1100 2137 vero
1109 2111 1257 2145 putandum
1268 2117 1319 2137 non
1329 2114 1381 2143 est,
1401 2109 1455 2137 Deo
1476 2117 1583 2145 quoque
1606 2109 1667 2136 illos
1684 2109 1746 2136 odio

959 2165 1031 2190 esse,
1040 2157 1193 2192 quicunque
1205 2162 1314 2192 propter
1324 2157 1498 2184 vitiositatent
1508 2164 1584 2183 suatn
1604 2155 1744 2183 hominum

958 2205 1019 2231 odia
1035 2203 1225 2237 experiuntur,
1241 2209 1270 2232 ut
1284 2204 1366 2231 etiam
1381 2203 1547 2230 contrarium
1578 2203 1676 2229 rationi
1708 2203 1747 2230 sit

955 2256 1179 2284 consentaneum,
1201 2251 1415 2279 misericordiam
1430 2250 1557 2278 videlicet
1582 2257 1630 2277 eos
1659 2251 1746 2284 impe-

958 2301 1030 2324 trare
1045 2306 1051 2324 :
1072 2304 1132 2323 nam
1145 2297 1208 2331 quia
1224 2298 1398 2324 vehementer
1414 2296 1490 2324 exosi
1524 2300 1588 2323 sunt
1617 2296 1650 2323 iis
1681 2296 1745 2329 qui-

959 2342 1011 2370 bus
1043 2343 1156 2370 minime
1188 2343 1337 2376 debebant;
1383 2343 1434 2370 hoc
1450 2343 1550 2377 ‘ipSnm
1575 2345 1633 2374 'est,
1670 2343 1744 2375 quod

963 2388 1047 2415 Deum
1092 2388 1237 2423 provocat,
1284 2394 1315 2416 ut
1355 2389 1520 2416 clementius
1561 2396 1624 2416 eost
1659 2389 1745 2423 respi-

962 2433 1026 2461 ciat.
1078 2433 1249 2469 Quapropter
1285 2440 1460 2470 cognatorum
1503 2435 1594 2462 odium
1644 2440 1671 2462 et
1714 2444 1745 2461 a-

963 2480 1082 2506 versatio
1107 2479 1152 2507 Dei
1173 2481 1388 2507 misericordiam
1416 2481 1483 2515 ipsis
1498 2481 1636 2514 conciliat,
1661 2485 1746 2515 ει,εο

961 2524 1069 2558 quidem
1087 2525 1144 2560 ipso
1158 2526 1230 2560 quod
1248 2526 1350 2561 indigni
1372 2526 1515 2554 videantur
1528 2528 1572 2562 qui
1587 2535 1646 2554 eam
1661 2527 1746 2561 impe-

958 2574 1040 2597 trent.
1058 2570 1122 2597 Nam
1140 2572 1185 2605 qui
1201 2571 1236 2598 ab
1254 2571 1342 2599 cilicio
1367 2578 1506 2607 tantopere
1532 2573 1667 2604 discessit,
1696 2573 1746 2600 tui-

959 2623 1003 2642 ser
1017 2615 1119 2649 pariter
1133 2623 1165 2643 ac
1182 2617 1247 2643 nulli
1266 2618 1440 2650 miserabilis,
1459 2618 1504 2645 sed
1519 2625 1534 2645 e
1548 2618 1684 2645 contrario
1696 2625 1744 2652 po-

959 2661 1012 2687 tius
1028 2668 1126 2689 exosus
1143 2667 1170 2689 ct
1183 2669 1231 2696 pro
1243 2662 1387 2698 deplorato
1403 2664 1520 2696 habitus,
1535 2670 1564 2691 ut
1575 2672 1609 2691 ne
1618 2672 1743 2698 suprema

959 2707 1067 2741 quidem
1086 2707 1130 2734 illa
1145 2708 1285 2736 clementia
1299 2710 1396 2745 dignus
1412 2711 1445 2738 ali
1461 2712 1500 2738 eis
1518 2711 1665 2746 judicetun,
1683 2719 1743 2738 eum

958 2761 1012 2788 quo
1028 2758 1107 2787 pacto
1122 2763 1175 2782 non
1193 2764 1301 2791 aequum
1322 2761 1363 2784 est
1378 2757 1447 2792 apud
1466 2757 1548 2784 Deum
1561 2758 1680 2792 judicent
1697 2759 1746 2784 mi-

958 2799 1134 2826 sericordiam
1147 2802 1297 2836 consequi?
1312 2803 1536 2836 quemadmodum
1549 2803 1618 2830 Deus
1629 2803 1684 2836 ipse
1697 2811 1745 2837 per

959 2844 1053 2872 Isaiam
1071 2850 1157 2874 vatem
1183 2846 1393 2883 Hierosolymam
1411 2847 1558 2883 al|0quitur
1574 2857 1582 2876 :
1600 2848 1744 2883 l‘rop'erea
