1937 3078
232 127 281 159 5H

824 139 1022 170 MANUELIS
1042 141 1084 171 ΡΑ
1091 142 1263 173 Ι..ΈΟῙ.Οῧῐ

1797 146 1850 180 ΒῙΞ

226 185 300 220 συσπ
311 185 417 212 deserta
432 186 469 213 sis
483 191 509 214 et
518 194 610 222 exosa,
627 197 678 218 nec
693 190 791 219 habeas
808 193 853 226 qui
868 194 915 221 tibi
928 196 996 228 opitu

1047 196 1161 230 ,μένους
1181 197 1225 224 διὰ
1241 198 1290 231 τὴν
1313 197 1363 224 οὐκ
1389 190 1494 234 ἀγασὴν
1520 200 1659 228 πολιτεέιν
1683 200 1789 229 ἐλεοῦσι
1805 212 1847 235 τε,

227 230 309 258 lelur.
323 230 398 263 Quod
410 232 433 259 si
448 233 529 261 etiam
541 242 649 268 poenam
665 245 712 264 eos
725 237 798 266 luere
811 247 859 272 par
869 246 937 273 erat,
947 249 994 269 san

1064 241 1123 272 πῶς
1148 241 1218 273 οἴεις
1239 244 1287 269 καὶ
1304 230 1436 278 μεγίστης
1457 230 1563 277 ἀνειοῦσι
1585 246 1761 281 κηδεμονίας,
1777 230 1849 283 πρὶς

231 283 311 309 quant
338 278 453 312 amplam
476 281 604 314 gravibus
630 282 703 310 hisee
728 284 865 318 judicibus
892 286 1011 314 luerunt.

1062 287 1112 321 τὴν
1130 287 1219 314 αὐτῶν
1244 288 1385 322 διόρθωσιν
1408 290 1623 324 ἀποϐλέποντες,
1645 291 1793 329 βαθύτερόν
1816 302 1847 320 τε

225 321 354 356 Quodque
362 324 472 351 nimium
482 333 611 359 quanttnn
621 336 675 355 rem
683 331 819 365 auget.qui
829 339 922 366 poenas
930 333 963 360 ab
971 333 995 360 ei

1061 332 1119 366 ἅμα
1135 332 1181 358 καὶ
1197 321 1362 367 ὑψηλότερον
1378 334 1446 361 πολὺ
1470 335 1524 362 τῶν
1544 321 1632 363 amo};
1645 321 1845 374 ζδιανοοιίμενοιι

223 368 402 402 exiguntmer
416 369 544 404 iniuriam
554 373 674 407 exigunt,
685 382 746 402 cum
764 384 930 412 nequaquam
945 379 1010 412 ipsis

222 414 364 440 conveniat
383 420 411 442 ut
425 423 472 444 eos
482 418 674 451 condemnem,
691 427 752 446 nam
765 422 790 447 id
800 422 848 448 soli
859 423 914 450 Deo
934 431 1007 450 com-

221 458 347 492 petit.Vi-l
359 461 459 494 potius,
470 463 492 490 si
506 464 566 497 quis
581 469 706 492 accurate
725 473 781 493 rem
795 472 916 500 spectare
934 468 1007 502 velit,

221 505 339 538 ipsorum
350 507 488 545 hominum
499 512 665 540 conscientia
680 513 775 547 judicii
786 523 893 550 quoque
905 521 1006 551 tempo-

221 559 249 578 re
258 552 290 578 de
303 553 367 586 ipsis
382 557 544 583 sententiam
557 557 635 585 feret.
649 557 741 593 Neque
750 569 815 588 vero
831 563 865 589 ab
880 564 1006 591 omnibus

220 604 271 623 una
290 604 401 630 prorsus
417 601 444 626 in
460 601 508 628 hos
523 604 659 630 sententia
677 605 730 632 lata
747 607 799 633 dici
815 612 924 641 potest:
943 616 1005 637 nam

218 645 262 676 qui
271 643 376 671 beatam
385 645 417 672 ad
428 646 508 674 vitam
522 654 593 675 recta
603 650 765 684 gradiuntur
773 652 826 684 via,
837 653 875 680 illi
884 661 946 688 erga
956 657 1004 683 hos

218 689 308 716 multis
325 698 424 719 exesos
446 699 556 728 propter
580 698 712 724 rationem
729 699 790 725 vitae
811 707 864 728 non
889 701 1002 735 bonam,

216 738 243 760 et
268 734 364 769 insigni
380 737 554 766 miseratione
570 745 728 776 tanguntur,
751 748 778 770 et
801 744 945 772 maximam
963 746 1003 773 eis

1062 378 1139 405 "(130‘
1154 379 1222 414 ὅπερ
1239 379 1316 414 ἔφην.
1332 380 1401 412 ἄξιοι
1421 381 1529 415 Ὦειδοῦς
1552 384 1643 417 τυχεῖν
1659 384 1706 410 καὶ
1723 385 1845 420 κηδεμο-

1059 425 1118 455 νίας
1133 425 1208 459 παρὰ
1223 426 1283 460 Θεῷ
1297 427 1415 461 κρίνοντι
1429 427 1459 454 οὒ
1478 428 1559 462 μόνον
1581 437 1611 462 γε
1629 430 1673 456 διὰ
1689 431 1752 462 τοὺς
1766 432 1844 466 ὠμο-

1058 470 1154 506 τέρους
1169 471 1299 503 ἐκείνους,
1313 472 1376 503 τοὺς
1391 472 1441 499 οὐκ
1455 474 1483 499 ὲν
1498 474 1559 508 δίκῃ
1585 475 1756 510 δικάζοντας,
1774 478 1844 504 ἀλλὰ

1057 517 1105 542 καὶ
1129 516 1172 543 διὰ.
1199 518 1261 548 τοὺς
1286 519 1318 552 τῇ
1345 510 1539 555 φιλανθρωπίᾳ
1561 522 1721 555 χρωμένους
1735 530 1742 537 ⁸
1758 522 1798 554 ὡς
1812 524 1842 550 οὐ

1057 564 1195 598 προσῆκον
1221 565 1370 598 παρελθεῖν
1394 566 1443 599 τὴν
1467 566 1558 592 αὐτῶν
1580 568 1764 603 χρηστότητα,
1790 570 1842 605 τὴν

1056 609 1182 636 ἐπέκεινα
1200 611 1299 641 παντὸς
1315 611 1440 646 πέρατος.
1457 612 1513 639 Καὶ
1526 613 1594 647 πρὸς
1609 613 1687 640 τοῦτό
1702 623 1734 648 γε
1750 615 1840 647 οὐδεὶς

1055 656 1173 690 ἀντερεῖ.
1189 657 1220 682 El
1237 656 1292 691 γὰρ
1308 657 1332 683 οἱ
1349 657 1484 692 βέλτιστοι
1500 659 1553 685 τῶν
1570 659 1723 694 ἀνθρώπων
1748 662 1838 689 πάντα

1053 701 1087 727 ἃν
1105 701 1203 736 ῥᾳδίως
1219 702 1366 729 ὑποσταῖεν
1378 704 1411 730 τὰ
1424 703 1508 736 δεινὰ,
1525 705 1551 731 εἰ
1572 713 1603 738 γε
1627 706 1690 740 ἐξῆν
1713 707 1839 740 ἐκείνους

1052 746 1309 782 επανορθώσασθαυ
1329 750 1344 783 ἡ
1368 750 1482 783 ἄπειρος
1504 752 1659 786 χρηστότης
1673 761 1702 779 τε
1725 754 1773 780 καὶ
1796 763 1839 788 φι-

217 787 308 807 atram
326 782 494 817 impendunt,
522 785 587 812 dum
614 794 707 814 eorum
726 788 759 816 ad
784 789 996 819 emendationem

1051 791 1211 828 λανθρωπία
1227 794 1253 820 τί
1275 803 1316 821 σοι
1330 782 1404 822 δοκεί
1421 797 1485 831 περὶ
1501 782 1616 824 τουτωνὶ
1637 782 1788 833 διαγνῶναί
1802 782 1839 827 ’τε

217 827 384 860 respiciunt,-
399 834 426 855 et
442 829 523 858 altius
541 831 739 867 sublimiusque
754 833 833 868 longe
857 843 937 869 quam
955 836 996 863 alii

217 880 272 887 un.“
291 874 462 887 ηλ-μ.ἶ.Ι,.--..ι
492 877 577 887 [ἸηληΔ
610 886 631 887 κέ
679 880 694 887 ν
716 884 720 887 ,
854 881 860 887 .
874 882 879 887 ι
937 882 953 887 ..
993 883 996 887 .

1054 838 1101 864 καὶ
1115 837 1245 872 θελῆσαι;
1260 837 1298 866 Ἦ
1314 840 1365 867 πού
1386 849 1417 875 γε
1437 827 1586 878 όάαθαρός
1602 853 1630 870 τε
1648 827 1697 872 καί
1710 846 1840 882 ἀναμάρ-

217 880 272 900 rem
290 874 474 903 considerant.
492 877 591 911 Quare,
605 886 654 906 ceu
669 880 769 907 dictum
787 888 802 908 a
818 881 906 914 nobis,
928 882 996 917 digni

1053 892 1144 918 τητος,
1160 884 1221 912 οὐδὲ
1243 885 1308 919 γοῦν
1324 887 1354 912 ἐν
1371 874 1421 922 ἴσῳ
1435 887 1491 914 τῶν
1512 874 1622 924 ἀγαθῶν
1647 891 1752 925 ἀνδρῶν
1767 874 1837 918 ’δια-

215 924 280 946 sunt
292 921 336 954 qui
349 920 469 950 favorem
483 928 564 957 atque
573 932 665 952 curam
679 925 724 953 Dei
734 926 833 960 judicis
845 927 999 961 impetrent,

215 973 269 992 non
284 967 362 994 modo
370 973 482 1003 propter
493 970 553 997 illos
565 970 742 999 immaniores
752 972 797 1007 qui
810 980 864 1000 non
874 973 947 1007 iuste
955 973 1000 1008 ju-

215 1011 320 1044 dicant,
335 1019 427 1040 verum
442 1014 523 1042 etiam
536 1020 649 1051 propter
658 1024 705 1044 eos
714 1017 759 1052 qui
770 1018 820 1045 hac
830 1018 1000 1057 humanitate

214 1061 294 1091 atque
306 1058 448 1087 clementia
465 1065 579 1089 utuntur
594 1071 601 1095 ;
616 1063 726 1098 quando
747 1071 800 1091 non
820 1071 871 1099 par
888 1069 941 1097 est,
965 1065 998 1093 ab

213 1102 333 1136 ipsorum
349 1104 471 1133 bonitate
485 1107 609 1141 superari
620 1108 734 1142 positam
748 1109 821 1136 illam
830 1114 907 1137 extra
919 1110 997 1137 finem

212 1155 320 1176 omnem
338 1149 507 1185 bonitatem;
524 1157 604 1187 atque
625 1153 687 1181 huic
706 1154 802 1182 rationi
830 1155 999 1183 contradicet

213 1203 302 1223 nemo.
323 1195 429 1232 Quippe
444 1198 468 1225 si
492 1199 587 1233 optimi
604 1200 727 1227 homines
741 1200 832 1228 omnia
847 1202 938 1236 gravia
956 1202 996 1229 fa-

211 1243 263 1270 cile
289 1244 439 1277 perferunt,
467 1246 546 1272 modo
566 1246 631 1274 istos
651 1247 795 1275 emendare
817 1247 904 1281 liceat.
932 1248 996 1283 quid

211 1288 285 1315 illam
302 1288 432 1316 infinitam
448 1290 595 1317 bonitatem
613 1292 885 1326 atque'clemenliam
905 1294 938 1321 de
954 1294 996 1322 his

210 1339 331 1362 statuere
352 1343 383 1362 ac
400 1336 469 1362 velle
487 1337 586 1370 putas?
615 1337 655 1363 An
677 1338 758 1365 homo
781 1347 864 1373 purus
879 1345 908 1374 et,
925 1340 996 1370 labis

208 1387 240 1406 ei
247 1387 322 1415 pers,
349 1388 444 1408 eamne
458 1382 535 1409 benis
550 1382 657 1416 quidem
670 1384 735 1411 viris
744 1385 820 1419 paria
831 1385 920 1413 facere
931 1393 996 1413 con-

210 1425 304 1453 cedis?
321 1425 454 1454 Nimirum
471 1427 511 1454 vis
525 1435 585 1455 eam
604 1427 738 1461 fortassis,
761 1429 910 1459 imitantem
929 1439 996 1466 quo—

211 1473 335 1499 rumdatn
351 1473 509 1506 pravitatem
527 1474 591 1509 (non
605 1474 676 1502 enitn
691 1480 763 1503 tuam
778 1477 861 1512 dico),
877 1478 995 1506 crudeli-

1051 930 1208 964 πράξασθαι
1223 932 1324 966 ταύτην
1339 933 1435 966 δίδως;
1454 933 1534 966 Ἰσως
1549 944 1580 969 γε
1596 936 1699 971 ταύτην
1715 937 1833 970 ἐθέλεις,

1050 976 1100 1010 τὴν
1114 976 1195 1003 τινῶν
1209 979 1406 1013 μιμησαμένην
1424 980 1581 1015 φαυλότητα
1597 981 1669 1015 (οὐδὲ
1690 983 1744 1016 γὰρ
1760 983 1835 1016 λέγω

1049 1022 1099 1056 τὴν
1115 1023 1188 1058 σὴν),
1206 1023 1328 1062 ὠμότητι
1351 1034 1405 1052 τινι
1427 1028 1600 1061 χρήσασθαι·
1617 1029 1663 1055 καὶ
1678 1029 1836 1056 τούναντίον

1049 1067 1065 1103 ἦ
1089 1068 1229 1103 κέκληται,
1253 1071 1329 1106 παρὰ
1353 1071 1382 1098 τὸ
1406 1072 1480 1104 εἰκὸς
1502 1074 1570 1108 αὐτῇ
1596 1075 1738 1108 πράττειν.
1763 1075 1837 1102 Ἀλλ’

1049 1113 1098 1140 οὔκ
1119 1114 1212 1150 ἐκείνη
1234 1124 1276 1149 γε,
1297 1116 1366 1143 ἀλλὰ
1385 1117 1562 1153 πολλαχόθεν,
1577 1119 1606 1146 εὖ
1629 1119 1692 1153 ruet,
1710 1121 1757 1146 καὶ
1773 1121 1821 1156 βυη

1049 1157 1126 1193 Θήσει
1141 1160 1270 1193 τούτοισι,
1298 1161 1345 1188 καὶ
1361 1162 1475 1197 παρέξει
1499 1164 1651 1199 συνδρομὴν
1671 1165 1789 1198 ἃπασαν,
1804 1167 1836 1193 τό

1047 1211 1080 1237 γε
1094 1204 1134 1235 εἰς
1148 1205 1256 1241 ἐκείνην
1275 1204 1342 1241 ἧκον
1356 1207 1561 1243 ἀποκληροῦσα,
1582 1210 1640 1237 Κᾶν
1662 1211 1832 1246 ἐπιμένωσιν

1047 1250 1147 1277 ἐκεῖνοι
1162 1253 1219 1282 τοῖς
1233 1254 1338 1286 κακοῖς,
1357 1254 1446 1289 πολλῷ
1463 1263 1493 1289 γε
1510 1255 1611 1290 μᾶλλον
1632 1258 1647 1283 ὁ
1667 1257 1733 1289 Θεὸς
1749 1258 1780 1284 ἐν
1794 1267 1834 1294 τῳ

1047 1296 1164 1329 χρηστὸς
1190 1294 1270 1324 εἶναι.
1292 1298 1477 1333 Ἀρνήσασθαι
1504 1301 1556 1335 γὰρ
1580 1302 1675 1329 ἑαυτὸν
1692 1302 1722 1329 οὐ
1747 1303 1830 1330 δύνα-

1048 1348 1104 1367 ται.
1128 1341 1157 1367 '0
1184 1342 1250 1375 γοῦν
1276 1343 1384 1379 ἀληθῶς
1406 1346 1533 1381 κηδεμών
1555 1356 1584 1374 τε
1615 1347 1661 1374 καὶ
1682 1345 1784 1382 ἀγαθὸς
1802 1351 1833 1376 οὐ

1046 1386 1114 1420 πρὸς
1139 1387 1201 1418 τοὺς
1223 1387 1284 1422 μὲν,
1301 1390 1349 1416 καὶ
1372 1392 1448 1423 ποτὲ,
1463 1391 1532 1427 πρὸς
1555 1392 1584 1419 δὲ
1610 1394 1673 1425 τοὺς
1689 1395 1831 1430 οὐδέποτε,

1045 1431 1102 1457 ἀλλ’
1119 1432 1172 1464 ἀεὶ,
1188 1433 1235 1460 καὶ
1261 1435 1330 1469 πρὸς
1351 1436 1414 1468 τοὺς
1437 1437 1553 1471 πάντας,
1571 1438 1606 1465 τὰ
1633 1440 1715 1467 αὐτοῦ
1743 1441 1834 1468 διατε-

1047 1475 1123 1502 λέσει
1139 1478 1223 1504 ποιῶν
1235 1486 1244 1494 ·
1260 1479 1306 1505 καὶ
1329 1479 1404 1508 ἔσται
1420 1481 1463 1508 διὰ
1492 1483 1601 1509 πάντων
1627 1484 1691 1518 ἑξῆς
1713 1485 1781 1512 αὑτό
1799 1495 1831 1518 γι

210 1523 266 1546 tate
290 1519 405 1553 quadam
435 1520 485 1552 uti.
512 1525 539 1548 et
555 1526 649 1548 contra
673 1529 754 1556 quam
778 1523 938 1557 appellatur,
967 1523 993 1551 id

1047 1521 1118 1549 τοῦθ’
1133 1523 1146 1549 ὃ
1166 1524 1288 1559 πέφυκεν
1301 1523 1382 1558 εἶναι,
1398 1525 1498 1560 ἀγαθὸς
1525 1529 1571 1555 καὶ
1587 1530 1712 1565 κηδεμὼν
1731 1531 1829 1558 ἃπασι.

209 1573 290 1599 agere
305 1566 375 1599 quod
385 1566 409 1592 ei
421 1567 532 1594 minime
541 1568 678 1594 convenit.
691 1568 797 1596 Atenim
808 1569 858 1596 hoc
873 1569 899 1596 in
908 1569 994 1604 ipsam

209 1621 262 1639 non
277 1613 360 1645 cadit,
390 1613 439 1640 sed
465 1614 540 1641 noris
564 1621 623 1641 eam
646 1614 688 1641 his
711 1622 789 1648 opetn
816 1617 995 1651 undecunque

207 1660 334 1692 laturam,
358 1667 491 1694 omneque
512 1662 693 1695 prmstituram
722 1662 921 1696 adjumentum,
945 1664 996 1690 im-

208 1705 323 1738 plentein
341 1705 366 1732 id
385 1706 457 1740 quod
480 1707 512 1733 ad
534 1707 621 1741 ipsam
638 1713 753 1742 spectat.
769 1707 845 1741 Quod
861 1709 883 1736 si
904 1717 995 1743 persc-

207 1752 341 1778 vcrabunt
354 1752 403 1785 ipsi
418 1752 443 1778 in
456 1752 544 1784 malis,
558 1753 642 1780 tnulto
659 1755 743 1788 magis
755 1754 823 1781 Deus
835 1755 863 1781 in
874 1755 995 1782 bonitate

207 1798 458 1832 cletnentiaquesua
470 1800 606 1832 persistet;
621 1800 736 1827 inficiari
746 1807 863 1836 namque
871 1801 989 1834 Seipsutn

208 1852 259 1870 non
277 1849 376 1878 potest.
402 1845 572 1879 Quapropter
586 1845 609 1872 is
630 1846 755 1879 quivere
783 1853 877 1872 curam
907 1846 993 1873 nostri

207 1891 286 1923 gerit,
301 1896 328 1917 et
344 1898 406 1917 vere
418 1892 503 1918 bonus
511 1896 562 1924 est,
577 1899 630 1919 non
642 1899 705 1926 erga
722 1893 782 1925 hos,
797 1897 823 1919 et
837 1892 992 1927 aliquando.

206 1943 269 1970 erga
295 1936 355 1962 illos
383 1944 458 1967 vero,
484 1945 644 1972 nunquam:
664 1939 711 1966 sed
731 1945 848 1972 semper,
876 1943 903 1966 et
927 1946 992 1973 erga

207 1989 311 2012 omnes.
326 1983 397 2015 quod
421 1989 498 2008 suum
522 1987 564 2010 est
582 1983 670 2010 facere
686 1992 739 2010 non
757 1984 871 2017 desinet,
888 1984 993 2018 eritque

207 2035 254 2062 per
278 2029 367 2054 omnia
387 2035 498 2062 prorsus
520 2029 570 2055 hoc
593 2029 680 2063 ipsum
702 2030 773 2063 quod
791 2037 805 2056 a
821 2035 916 2057 natura
941 2034 992 2063 est,

205 2074 293 2101 bonus
306 2078 332 2100 ct
342 2081 434 2100 curam
444 2081 542 2108 gerens
552 2075 685 2102 omnium.
701 2075 797 2102 Servat
807 2083 911 2108 omnes,
921 2077 991 2110 quod

207 2121 234 2148 in
255 2120 312 2155 ipso
327 2126 378 2153 est,
394 2127 426 2147 co
448 2121 598 2155 perducens
613 2121 739 2148 omnibus
761 2122 859 2154 modis,
876 2126 904 2148 ut
924 2122 993 2148 resi-

205 2167 313 2202 piscant
343 2172 370 2193 et
401 2172 567 2199 serventur,
596 2167 698 2201 absque
738 2167 866 2195 violentia
902 2172 990 2194 tamen

205 2217 232 2240 et
247 2213 397 2245 coactionc,
409 2213 480 2247 quod
493 2218 519 2240 et
533 2221 613 2248 supra
623 2215 725 2240 dictum
739 2219 790 2242 est.
805 2214 908 2248 Quippe
921 2221 991 2241 nunc

205 2259 314 2294 quidem
325 2260 407 2292 venit,
420 2264 512 2287 nonut
525 2260 640 2294 jtnlicet,
650 2261 698 2288 sed
709 2265 738 2288 ut
752 2265 840 2288 servet
848 2261 990 2287 mundum.

205 2306 282 2338 Quod
298 2306 321 2332 si
338 2313 390 2333 non
404 2306 459 2341 jam
478 2306 534 2340 ipse
558 2306 673 2341 judicat,
699 2307 746 2334 sed
773 2306 868 2341 jndicii
888 2311 992 2340 tempus

206 2356 355 2386 exspectat.
373 2360 434 2379 cum
453 2354 541 2380 omnia
558 2358 648 2380 nostta
664 2353 749 2387 magis
770 2360 850 2388 quam
867 2361 915 2380 nos
929 2353 990 2386 ipsi,

208 2400 289 2428 norit.
303 2405 340 2431 tu,
353 2399 399 2434 qui
411 2403 438 2426 ct
454 2404 558 2434 tempus
570 2399 714 2434 anticipas,
729 2404 755 2426 et
766 2399 881 2426 ollicium
892 2399 993 2433 judicis

208 2452 335 2480 usurpas,
348 2453 409 2472 cum
426 2453 475 2473 nec
486 2450 530 2473 tua
543 2450 617 2473 recte
630 2453 762 2481 agnoscas
774 2445 854 2478 mala,
869 2452 918 2472 nec
933 2445 991 2474 illo-

209 2498 269 2517 rum
285 2497 354 2524 quos
368 2490 494 2523 damnas.
519 2498 573 2526 quo
594 2496 674 2526 pacto
687 2499 740 2519 non
757 2490 861 2518 facinus
875 2491 990 2518 invisum

162 2544 171 2557 κ
211 2533 264 2561 Deo
281 2534 541 2567 perlicis?Quorutn
560 2540 584 2562 te
597 2536 658 2570 quis
672 2536 699 2563 in
712 2544 856 2564 numerum
871 2535 991 2564 referet?

207 2587 262 2607 non
279 2580 389 2607 omnino
405 2580 586 2608 stolidorum?
599 2582 699 2616 quippe
713 2582 736 2609 si
749 2580 887 2616 judicandi
903 2580 990 2608 facul-

208 2631 289 2653 tatem
300 2630 396 2653 nacttts
403 2634 416 2653 θ
425 2626 488 2658 Deo,
498 2627 657 2661 iudicandos
666 2627 943 2662 ipseoppugnaresme
951 2627 990 2654 sic

207 2670 316 2703 quidem
330 2678 361 2698 ea
381 2671 485 2699 iaceres
501 2672 534 2699 ob
550 2680 610 2706 qua:
624 2672 793 2700 admirationi
804 2679 880 2700 esses
892 2672 929 2699 illi
943 2672 990 2707 qui

205 2716 342 2749 iudicandi
352 2722 512 2750 potestatth
521 2718 637 2746 fecisset.
646 2717 749 2746 lsenini
758 2719 888 2755 benignus
896 2723 992 2754 etpro-

209 2762 292 2794 pitius
301 2767 413 2796 estergo
430 2764 550 2799 ingratos
559 2768 586 2792 et
602 2764 742 2792 tnalos.At
754 2772 814 2792 cum
831 2765 880 2792 abs
896 2769 922 2792 te
932 2765 991 2800 ipso

209 2812 367 2839 potestatem
380 2808 449 2836 hanc
455 2809 615 2844 sumpseris,
626 2809 757 2844 siquidem
767 2811 792 2838 ei
804 2810 925 2839 nonnihil
941 2811 989 2838 atl-

1007 2198 1029 2225 ι)

1046 1569 1103 1595 Καὶ
1125 1569 1154 1596 τὸ
1178 1571 1284 1598 ἐκείνου
1309 1572 1393 1607 μέρος
1410 1573 1533 1606 ἅπαντας
1550 1575 1643 1608 σώζει.
1659 1576 1704 1603 διὰ
1721 1577 1830 1604 πάντων

1046 1615 1144 1647 αὐτοὺς
1166 1616 1271 1650 ὲνάγων
1284 1618 1330 1644 ἐπὶ
1344 1619 1374 1645 τὸ
1390 1620 1558 1654 μετανοῆσαί
1578 1629 1609 1648 τε
1631 1623 1680 1648 καὶ
1695 1622 1829 1657 σωθῆναι,

1046 1661 1110 1688 ἄνευ
1128 1662 1221 1696 μέντοι
1245 1663 1291 1690 τοῦ
1316 1664 1471 1698 βιάζεσθαι,
1489 1666 1502 1692 ὅ
1519 1675 1566 1701 μοι
1584 1668 1780 1703 καὶπρότερον
1792 1669 1831 1696 εί-

1048 1714 1137 1740 ρηται.
1161 1707 1202 1738 Ὠς
1221 1707 1269 1734 νῦν
1292 1717 1324 1743 γε
1346 1707 1426 1745 ἧκεν,
1450 1712 1498 1747 οὐχ
1523 1712 1566 1738 ἵνα
1589 1714 1684 1750 κρίνῃ,
1703 1713 1763 1740 ἀλλ’
1786 1714 1830 1741 ἵνα

1047 1752 1121 1789 σώσῃ
1138 1753 1183 1779 τὸν
1199 1754 1311 1789 κόσμον.
1329 1756 1359 1783 Εἰ
1376 1757 1404 1784 δὲ
1421 1759 1523 1791 ἐκεῖνος
1540 1760 1634 1787 οὐκέτι
1650 1761 1749 1796 κρίνει,
1759 1762 1829 1789 ἀλλὰ

1044 1797 1089 1823 τὸν
1114 1799 1209 1833 καιρὸν
1232 1800 1374 1835 ἀναμένει,
1403 1804 1492 1831 πάντα
1513 1806 1548 1832 τὰ
1570 1807 1695 1843 ἡμέτερα
1724 1809 1829 1843 μᾶλλον

1044 1843 1122 1877 ἡμῶν
1137 1844 1318 1880 ἐπιστάμενος
1329 1854 1336 1861 ·
1351 1848 1382 1874 σὺ
1397 1848 1443 1874 καὶ
1457 1849 1503 1876 τὸν
1516 1851 1611 1885 καιρὸν
1627 1854 1828 1888 προαρπάζων,

1044 1887 1090 1913 καὶ
1119 1889 1165 1914 τοῦ
1187 1891 1279 1925 κριτοῦ
1312 1894 1541 1928 σφετεριζόμενος
1569 1897 1673 1932 σχῆμα,
1700 1887 1769 1932 μήτε
1794 1887 1828 1925 τά

1045 1933 1142 1958 σαυτοῦ
1165 1934 1256 1966 καλῶς
1275 1936 1466 1970 ἐπιγινώσκων
1483 1941 1566 1972 κακὰ,
1584 1941 1653 1974 μήτε
1679 1943 1827 1976 τάκείνων,

1043 1977 1089 2008 οὓς
1107 1981 1295 2013 κατακρίνεις,
1317 1982 1375 2014 πῶς
1401 1984 1450 2010 οὐκ
1476 1984 1556 2019 ἔργον
1580 1986 1707 2021 θεομισὲς
1723 1989 1828 2024 ἐκπλη-

1044 2025 1119 2059 ροῖς;
1137 2026 1216 2057 Τίνος
1241 2027 1269 2052 δὲ
1294 2029 1342 2055 καὶ
1360 2029 1435 2064 Θήσει
1462 2031 1490 2057 σέ
1510 2040 1552 2059 τις
1572 2032 1702 2067 μερίδος;
1721 2034 1752 2060 οὐ
1768 2035 1824 2062 τῶν

1043 2071 1215 2098 παντάπασιν
1228 2073 1367 2108 ἀνοήτωνς
1393 2076 1424 2101 Εἰ
1448 2076 1501 2111 γὰρ
1529 2078 1577 2104 καὶ
1600 2080 1675 2114 παρὰ
1699 2080 1768 2107 Θεοῦ
1795 2082 1828 2108 τδ

1043 2117 1148 2152 κρίνειν
1172 2119 1303 2153 εἰληφὼς,
1318 2121 1401 2152 αὐτὸς
1418 2123 1501 2156 ὁμόσε
1521 2123 1637 2158 ἓχώρεις
1654 2126 1712 2157 τοῖς
1735 2135 1829 2160 κρινο-

1045 2163 1149 2197 μένοις,
1169 2165 1224 2190 οὐδ’
1244 2166 1315 2192 οὕτω
1339 2167 1448 2199 πάντως
1470 2168 1608 2203 ἔπραττες
1623 2170 1667 2203 ἂν,
1684 2170 1718 2197 δι’
1739 2168 1777 2198 ὧν
1793 2173 1829 2199 ἂν

1044 2207 1115 2244 εἶχες
1143 2211 1333 2245 Θαυμάζεσοαι
1359 2215 1436 2248 παρὰ
1462 2214 1508 2240 τοῦ
1537 2215 1628 2247 δόντος
1652 2217 1683 2242 τὸ
1708 2218 1826 2252 κρίνειν,

1043 2257 1146 2288 ἐκεῖνος
1177 2258 1232 2292 γὰρ
1256 2259 1373 2293 χρηστός
1401 2260 1476 2286 ἐστιν
1498 2261 1544 2286 ἐπὶ
1571 2261 1634 2293 τοὺς
1658 2262 1828 2297 ἀχαρίστους

1043 2303 1090 2329 καὶ
1120 2304 1267 2339 πονηρούς.
1291 2305 1368 2331 Ἐπεὶ
1393 2305 1421 2331 δὲ
1450 2307 1497 2332 καὶ
1522 2307 1597 2342 παρὰ
1624 2309 1723 2334 σαυτοῦ
1748 2308 1828 2335 τοῦτο

1044 2349 1168 2383 εἴληφας,
1184 2350 1208 2375 εἰ
1229 2350 1279 2384 μὲν
1302 2350 1413 2384 ὲκίρνας
1432 2351 1522 2386 τούτῳ
1549 2352 1767 2388 φιλανθρωπίαν,
1792 2352 1827 2390 ἦν

1045 2395 1094 2430 μὲν
1108 2395 1163 2422 οὐδ’
1177 2395 1263 2426 οὕτως
1281 2397 1365 2430 ὅσιον,
1379 2397 1434 2424 οὐδ’
1448 2397 1550 2432 ἀγαθόν
1572 2407 1613 2425 σοι
1630 2400 1661 2426 τὸ
1673 2400 1804 2435 τόλμημα
1818 2409 1825 2416 ·

1042 2442 1142 2475 πόθενς
1162 2442 1259 2468 πολλοῦ
1279 2451 1310 2477 γε
1326 2444 1373 2469 καὶ
1388 2444 1428 2470 δεῖ
1443 2451 1449 2458 ·
1464 2445 1494 2470 οὐ
1510 2445 1563 2480 γὰρ
1575 2445 1616 2472 δεῖ
1632 2444 1775 2479 λητζεσοαι
1792 2447 1826 2473 τὰ

1041 2488 1088 2515 τοῦ
1113 2488 1181 2514 Θεοῦ
1206 2489 1269 2520 τοὺς
1290 2489 1453 2524 ἀνθρώπους
1477 2490 1522 2517 ἐπ’
1545 2491 1660 2527 οὐδεμιᾷ
1685 2493 1826 2528 προφάσει

1042 2534 1247 2568 φιλανθρωπίας
1260 2542 1268 2550 ·
1290 2533 1364 2571 εἶχες
1384 2536 1408 2563 δ’
1421 2534 1467 2563 οὖν
1486 2545 1513 2563 τι
1537 2538 1732 2571 παραιτεῖσθαι
1756 2538 1827 2572 πρὸς

1041 2581 1088 2607 τὸν
1104 2581 1268 2616 οἰκτίρμονα
1299 2581 1346 2608 καὶ
1371 2582 1576 2618 φιλάνθρωπον.
1602 2583 1651 2610 ἆτε
1678 2583 1710 2618 δὴ
1739 2584 1826 2610 ποιῶν

1041 2628 1142 2660 ἐκεῖνα,
1156 2625 1196 2659 οἶς
1211 2627 1290 2659 αὐτὸς
1305 2627 1385 2655 εἴωθε
1399 2627 1594 2663 χαίρειν.Νυνὶ
1609 2629 1636 2655 δὲ
1649 2629 1685 2664 μή
1702 2637 1731 2655 τε
1748 2631 1827 2664 παρὰ

1042 2673 1110 2700 Θεοῦ
1136 2673 1166 2700 τὺ
1193 2673 1297 2708 κρίνειν
1326 2672 1427 2706 λαϐὼν,
1450 2674 1498 2701 καὶ
1521 2673 1605 2709 ὁμόσε
1630 2674 1735 2709 χωρῶν,
1759 2674 1823 2702 κατ’

1041 2719 1125 2754 ἄμφω
1140 2719 1268 2745 τάναντία
1285 2719 1370 2755 φαίνῃ
1392 2718 1487 2745 ποιῶν.
1505 2717 1572 2745 Εἶτα
1594 2718 1626 2745 σὺ
1645 2720 1694 2754 μὲν
1708 2720 1758 2754 τῆς
1775 2720 1822 2747 οὐ·

1043 2766 1102 2796 σίας
1121 2764 1332 2799 διαρπαγείσης,
1349 2764 1365 2798 ἢ
1386 2764 1433 2790 καὶ
1455 2764 1601 2791 πολλοστοῦ
1629 2773 1701 2796 τινος
1722 2765 1824 2800 ταύτης

1044 2811 1155 2846 μέρους,
1171 2811 1242 2838 ἔστω
1256 2810 1286 2837 δὲ
1302 2811 1348 2837 καὶ
1368 2810 1420 2836 ὑπὸ
1438 2809 1492 2836 τῶν
1508 2811 1646 2845 φιλτάτων
1661 2811 1762 2843 αὐτῶν,
1774 2811 1824 2837 οὐκ

210 2852 338 2880 tuisccres
349 2853 526 2883 humanitatis
538 2861 618 2890 atque
627 2855 787 2890 clementiae,
798 2861 886 2884 tamen
897 2862 945 2884 nec
959 2856 996 2884 ita

1050 2857 1083 2885 ἂν
1101 2857 1236 2892 ἐνέγκαις,
1257 2856 1314 2884 ἀλλ’
1336 2855 1451 2892 ἐϐόησας
1467 2856 1558 2889 εὐθὺς,
1575 2857 1628 2884 Τδν
1644 2856 1821 2891 πατραλοίαν,
