1937 3078
71 184 126 216 513

779 178 923 208 ORATIO
940 178 988 208 Vl.

1643 179 1696 211 514

69 240 115 266 τὸν
132 239 236 265 ἄσωτον
248 245 255 252 ·
274 238 321 264 ἐπὶ
332 237 361 264 δὲ
375 236 430 263 τῶν
449 236 496 263 τοῦ
507 234 575 262 Θεοῦ
589 234 651 262 οὒδέ
668 234 733 268 γοῦν
750 234 784 260 τα
804 235 849 261 ῐσα
863 257 868 264 ,

921 232 1009 259 minus
1024 231 1133 265 aliquod
1143 231 1215 265 pittm
1231 237 1276 258 aut
1291 232 1388 258 bonum
1410 231 1524 260 iaceres.
1546 232 1605 265 Quo
1620 234 1693 260 enim

70 284 165 316 δίδως,
181 282 249 309 ἀλλὰ
263 282 356 313 κακῶς
373 281 545 316 διακείμενος
560 280 608 307 καὶ
627 281 661 306 τὰ
678 279 745 314 πρδς
761 278 853 311 αὑτὸν,

72 330 121 356 καὶ
130 328 244 364 τάκπρὺς
254 327 493 362 ἁνθρώπους,τινα
505 327 620 360 ἆνέλοιο
626 326 717 360 ψῆφον
727 325 801 360 παρὰ
810 324 856 351 τοῦ

69 374 139 401 Θεοῦ
151 373 291 407 δέξασθαι,
301 373 316 408 ἢ
328 372 374 399 καὶ
384 371 460 408 παρὰ
471 372 526 398 τῶν
537 371 689 406 ἀνθρώπων
703 369 792 397 αὐτῶν
803 368 857 402 ;οὗ

68 421 119 455 τὴν
131 418 264 453 συμπαθῆ
277 427 284 449 ;
297 418 325 444 οὺ
338 417 388 453 τὴν
397 418 501 453 ἥμερον
515 426 522 451 ;
534 416 564 444 οὐ
574 417 623 452 τὴν
635 416 741 443 πολλῶν
754 415 858 450 οἰκτιρ-

71 466 132 501 μῶν
160 465 320 499 γέμουσαν;
347 462 428 490 ’Δλλὰ
453 464 485 490 σὺ
511 463 561 498 μὲν
592 463 657 494 ἴσως
675 462 723 489 καὶ
746 461 858 488 σεαυτὸν

71 512 201 546 μισήσεις
215 516 221 524 ·
239 509 316 545 παρᾶ
331 509 359 536 δέ
369 509 417 535 τοῦ
431 507 626 544 φιλανθρώπου
638 507 707 534 Θεοῦ
719 508 769 534 οὐκ
781 507 819 533 ἔνι
829 515 859 532 σε

71 556 272 584 τοῦτοπαθεῖν·
290 552 389 582 οὔκουν
404 555 464 581 οὺδέ
479 555 554 590 παρὰ
568 554 622 581 τῶν
645 553 859 587 ἐπιεικεστέρων

70 602 234 638 ἀνθρώπων.
246 602 337 629 Δεινδν
348 602 401 636 γὰρ
412 601 608 633 θντωςβεινὺν,
619 601 642 626 sl
654 600 671 627 ἂ
684 609 725 626 σοι
736 599 784 626 νῦν
793 608 861 635 προ-

71 649 204 683 φέρουσιν
223 648 324 682 ετεροι,
337 647 464 681 πανταχῆ
478 647 508 673 τὸ
528 646 664 680 αὐστηρὸν
685 646 858 679 ἐπαινοῦντι,

71 694 143 721 αὐτά.
160 702 191 727 γε
206 693 295 720 ταῦτα
306 693 420 719 πάθοιεν
435 693 534 719 ἐκεῖνςι
548 713 555 726 ,
572 693 618 718 ἐπὶ
634 691 663 718 τὸ
677 692 719 718 σοὶ
739 692 860 723 δικάζειν

72 741 207 772 ἐλθόντες.
217 741 246 767 '0
256 740 345 766 τοίνυν
355 740 384 766 ἓν
399 739 556 775 ἀνθρώποις
571 738 642 774 ὁρῶν
655 738 860 777 φιλανθρωπίας

73 786 147 819 ι’χνος
179 784 273 811 καὶτὸ
293 784 462 820 βραχύτατον
486 785 516 810 οὐ
547 784 582 810 τὰ
607 784 701 810 εἰκότα
730 784 861 818 φρονήσει

72 831 139 865 περὶ
153 829 202 864 τῆς
219 830 434 865 ἁνεξερευνήτου
450 825 669 865 μεγαλειότητος,
681 830 704 856 εἰ
722 829 760 865 μὴ
771 839 860 865 παρα-

907 272 1008 314 pacto?
1023 280 1135 307 mttltum
1152 279 1260 314 quidem
1277 280 1364 308 abest.
1378 278 1435 306 Non
1450 279 1520 306 enim
1542 281 1696 308 hominibus

907 319 938 354 ea
949 334 1046 360 rapere
1063 327 1161 359 fasest,
1171 334 1230 361 qum
1238 325 1425 357 Deisttnt,ullo
1433 331 1488 352 tum
1499 330 1629 360 pra~textu
1640 326 1696 353 cle—

908 372 1025 400 mentiae.
1043 373 1228 400 Nihilominus
1262 373 1362 406 aliquid
1396 379 1460 407 erga
1487 373 1691 400 misericordem

909 419 984 446 illum
999 422 1025 446 et
1051 419 1211 446 clementem
1240 419 1321 446 Deum
1351 419 1536 446 excusationis
1568 419 1695 451 haberes.

909 465 982 492 velut
998 471 1028 491 ca
1045 464 1147 491 iaciens
1180 464 1279 498 quibus
1294 464 1351 498 ipse
1379 464 1509 491 delectari
1542 466 1695 492 consuevit.

909 511 987 538 Nunc
996 518 1055 538 cum
1066 518 1116 538 nec
1129 517 1143 537 a
1157 510 1210 538 Deo
1224 510 1356 545 judicium
1372 511 1520 544 acceperis,
1533 516 1561 538 et
1573 511 1641 537 alios
1651 519 1698 543 op-

910 565 1013 593 pugnes
1029 561 1207 590 utrorumque
1235 557 1352 588 ratione,
1380 558 1519 584 contraria
1549 562 1575 584 te
1607 557 1698 585 facere

911 602 1043 630 declaras.
1063 601 1164 628 Deinde
1179 607 1205 627 tu
1225 601 1348 636 quidem,
1379 601 1493 634 direptis
1522 601 1697 628 facultatibus

911 648 978 679 tuis.
996 653 1041 674 aut
1063 655 1156 676 earum
1171 647 1268 680 exigua
1301 651 1388 681 parte,
1410 652 1492 680 atque
1515 647 1582 673 adeo
1595 646 1635 673 vel
1663 646 1698 672 ab

912 693 1090 720 amicissimis
1101 693 1149 719 tibi
1164 700 1334 726 nequaquam
1350 692 1377 718 id
1408 692 1513 724 tuleris,
1529 692 1577 719 sed
1604 691 1699 719 confe-

911 739 973 767 stim
989 739 1155 774 parricidam
1171 743 1197 766 et
1209 739 1344 772 perditum
1362 739 1498 765 hominem
1520 738 1623 765 clamas
1638 747 1645 764 ε
1671 742 1699 764 at

926 794 941 812 ιι
955 785 999 818 iis,
1016 785 1049 812 ad
1067 785 1153 812 Deum
1178 792 1238 819 quae
1264 785 1410 818 pertinent,
1428 791 1460 810 ne
1482 784 1556 818 paria
1587 784 1698 817 quidem

913 831 1051 863 concedis,
1069 831 1116 858 sed
1130 831 1202 857 male
1220 836 1273 856 tam
1288 838 1353 864 erga
1371 830 1458 864 ipsum
1474 838 1557 864 quam
1575 830 1699 856 homines

73 876 147 912 πλήξ
160 884 202 908 τις
217 877 271 911 εἴη,
281 877 330 904 καὶ
344 877 400 903 τῶν
428 877 477 906 τὰς
501 877 602 911 φρένας
631 876 863 910 ἀπο)ωλεκότων;

921 880 996 903 temet
1014 884 1122 911 gerens,
1140 883 1285 910 qttamnam
1299 877 1423 906 obsecro,
1438 876 1508 902 ferre
1537 875 1699 902 sententiam

72 930 88 950 ιι
106 923 160 950 Deo
175 923 217 950 vel
234 923 301 958 ipsis
329 923 484 950 hominibus
507 923 596 950 velis?
616 923 673 950 Non
690 923 849 955 humanam,
867 930 920 950 non
937 923 1041 955 mitem,
1063 930 1115 949 non
1146 923 1340 949 misericordia'
1356 923 1480 956 plenam?
1495 922 1572 948 Enim
1592 929 1654 947 vero
1670 926 1698 948 ttt

72 969 185 1004 quidem
200 968 324 996 fortassis
338 969 390 1004 ipsi
406 969 452 996 tibi
470 969 524 996 eris
535 969 608 1002 odio,
623 976 715 996 verum
732 976 746 996 a
762 968 880 1002 benigno
895 972 922 995 et
936 967 1060 995 clementi
1078 967 1133 994 Deo
1156 966 1250 1001 nequit
1265 966 1316 993 hoc
1340 967 1388 993 tibi
1416 967 1586 1000 contingere,
1617 971 1698 1000 atque

73 1014 142 1041 adeo
159 1021 210 1041 nec
228 1014 261 1040 ab
275 1013 430 1041 hominibus
447 1013 528 1048 paulo
545 1013 766 1043 modestioribus.
782 1012 924 1040 Nefarium
941 1019 1068 1046 namque,
1087 1011 1221 1038 nefarium
1237 1018 1331 1045 reapse
1345 1010 1425 1042 foret,
1437 1012 1457 1037 si
1477 1018 1537 1044 qtne
1562 1011 1612 1037 tibi
1627 1017 1700 1037 nunc

75 1059 208 1094 objiciunt
232 1059 289 1091 alii,
314 1060 490 1086 severitatem
529 1059 556 1086 in
572 1059 698 1086 omnitus
713 1058 844 1097 laudanti,
858 1066 890 1086 ea
906 1058 1025 1086 vicissim
1038 1062 1065 1085 et
1086 1057 1154 1091 ipsis
1172 1056 1333 1084 acciderent
1361 1061 1450 1083 tecum
1478 1056 1700 1089 disceptautibus.

75 1105 125 1138 Qui
141 1112 205 1138 ergo
219 1104 260 1131 vel
276 1104 485 1131 minutissimum
511 1104 664 1143 clementia:
678 1103 824 1138 vestigium
839 1103 866 1130 in
884 1103 1041 1131 hominibus
1066 1102 1213 1138 perspicit,
1238 1110 1271 1129 an
1285 1133 1288 1135 _
1301 1109 1356 1128 non
1385 1107 1565 1129 consentanea
1594 1103 1702 1128 ratione

73 1153 110 1180 de
137 1152 182 1178 illa
213 1151 383 1178 inscrutabili
412 1151 554 1184 majestate
576 1151 685 1184 sentiet,
703 1151 754 1178 nisi
767 1158 884 1178 vesanus
899 1151 945 1183 sit,
958 1155 985 1177 et
998 1157 1091 1178 eorum
1107 1157 1122 1176 e
1138 1157 1250 1177 numero
1263 1149 1309 1184 qui
1335 1154 1452 1176 mentem
1472 1150 1640 1176 amiserunt?

119 1198 191 1225 Ἀλλ’
208 1199 300 1233 ἡμεῖς,
315 1194 336 1224 ὧ
352 1189 473 1232 φίλτατε,
490 1198 556 1224 πᾶσι
580 1198 636 1229 τοῖς
651 1197 781 1229 τοιούτοις
798 1197 861 1232 χαι·
881 1201 902 1228 Β

78 1254 138 1281 ρειν
155 1244 290 1275 εἰπόντες,
305 1243 350 1270 τὸν
364 1243 544 1278 προκείμενον
558 1243 624 1278 ἡμῖν
646 1242 862 1278 ἐξεργαζὼμεθα

77 1291 168 1325 λόγον.
185 1289 279 1321 οὐδεὶς
295 1289 448 1325 ἀπόϐλητος
471 1289 511 1324 τῷ
526 1288 686 1325 δημιουργῷ
698 1297 706 1305 ·
729 1289 818 1320 οὐδεὶς
834 1290 864 1315 ἐν

79 1337 149 1373 λήθῃ
163 1336 210 1363 τοῦ
228 1335 405 1371 προνοοῦντος
422 1336 531 1363 πάντων
543 1337 608 1372 ἑξῆς
618 1344 625 1352 ⁸
640 1337 729 1368 οὐδεὶς
744 1337 774 1362 ἐν
788 1337 863 1371 μίσει

78 1382 132 1417 τοῦ.
155 1381 287 1413 ἀπαθοῦς,
302 1381 353 1408 οὒκ
379 1382 409 1407 ἐν
432 1381 548 1416 ἀμελείᾳ
569 1381 634 1415 τινὶ,
650 1383 700 1408 οὐκ
729 1382 757 1408 ἐν
775 1381 864 1408 οὐδενὶ

79 1428 135 1454 τῶν
150 1427 290 1454 τοιούτων.
307 1428 364 1458 Πᾶς
379 1428 408 1454 ἐν
423 1427 544 1462 φροντίδι
562 1427 610 1454 τοῦ
622 1427 772 1462 κηδεμόνος
782 1435 789 1443 ·
808 1427 864 1458 πᾶς

81 1473 110 1498 ἐν
125 1474 217 1508 ἀγάπῃ
231 1472 279 1500 τοῦ
293 1472 364 1500 τοῦτ’
377 1473 444 1499 αὐτὸ
457 1472 627 1508 καλουμένου
639 1481 646 1490 ο
662 1473 865 1508 εὐπρόσδεκτος

82 1516 136 1549 πᾶς
149 1517 284 1549 ὁστισοῦν,
304 1518 504 1553 μεταμεληθεις
523 1526 588 1544 ποτε
606 1518 661 1544 τῶν
672 1517 777 1544 κακῶν.
792 1517 822 1543 El
837 1517 866 1544 at

82 1565 130 1590 καὶ
143 1565 207 1595 τοὺς
230 1564 335 1595 πάντας
351 1564 510 1598 παρήνεγκέ
525 1572 567 1595 τις
582 1563 628 1590 ἐπὶ
644 1564 751 1594 κακοῖς.
767 1564 814 1590 τὸν
831 1563 865 1598 δὴ

82 1610 203 1637 τοιοῦτον
229 1610 342 1641 εἰκότως
370 1610 511 1645 χρησίμην
529 1609 595 1645 ὕλην
618 1609 691 1636 εἴποι
714 1618 757 1640 τις
770 1609 804 1635 ἂν
817 1617 866 1642 γε-

82 1651 217 1691 γενῆσθαι
231 1658 264 1692 τῇ
280 1656 327 1682 τοῦ
342 1656 410 1682 Θεοῦ
430 1656 595 1691 χρηστότητι
614 1656 661 1682 καὶ
677 1655 867 1690 φιλανθρωπίᾳ.

83 1702 150 1736 πρὸς
179 1702 277 1736 ἐαυτῆς
306 1701 447 1734 ἐπίδειξιν.
470 1701 548 1728 οὕτω
571 1702 618 1728 καὶ
641 1701 735 1732 παῖδες
755 1700 866 1735 ἰατρῶν,

83 1748 131 1774 καὶ
155 1748 256 1777 πάντες
271 1745 311 1777 οἷς
327 1747 476 1782 ἐπιστήμη,
490 1747 604 1781 δυνάμει
624 1747 674 1781 μὲν
696 1746 794 1781 ἀγαθοί
809 1756 817 1762 ·
833 1747 868 1782 ἢν

82 1794 111 1820 δέ
127 1793 176 1819 καὶ
191 1793 208 1827 ἡ
221 1791 271 1827 ὕλη
292 1793 380 1827 παρῇ,
395 1793 457 1819 τότε
484 1792 577 1818 λοιπὸν
604 1793 650 1818 καὶ
677 1791 803 1827 ἐνεργείᾳ
818 1791 869 1826 τὴν

84 1838 243 1873 ἐπιστήμην
270 1838 442 1870 δεικνύντες,
465 1837 538 1865 τοῦθ’
563 1838 632 1873 ὅπερ
654 1838 735 1870 εἰσιν,
769 1837 869 1872 ἀγαθοὶ

83 1884 152 1910 πᾶσι
165 1871 329 1916 φαίνονται·
346 1883 393 1909 καὶ
405 1882 422 1917 ἠ
438 1881 575 1917 ὑπερϐολὴ
591 1871 638 1908 τοῦ
655 1871 869 1916 θαύματοςγπαᾴ
884 1871 906 1902 c

83 1929 188 1961 αὐτοῖς,
208 1928 233 1955 οἳ
248 1928 419 1963 διορθοῦνται
432 1928 462 1955 τὺ
475 1928 678 1963 χαλεπώτερον.
693 1927 774 1954 Τοῦτ’
791 1927 836 1963 ἄρ’
854 1928 870 1962 ὴ

85 1974 192 2009 μεὶζων
206 1973 336 2006 ἐπίδειξις
351 1974 402 2008 τῆς
416 1974 576 2001 άνεικάστου
601 1974 824 2008 φιλανθρωπίας,
840 1973 872 2000 se

84 2021 132 2047 τὸν
155 2019 253 2051 σκεῦος
274 2019 482 2055 χρηματίσαντα
506 2020 555 2054 τῆς
577 2019 625 2046 τοῦ
653 2019 722 2046 Θεοῦ
747 2020 870 2054 χάριτος,

85 2065 148 2093 εἶτα
174 2066 270 2097 σκεῦος
292 2066 424 2100 γεγονότα
448 2066 497 2101 τῆς
522 2066 664 2100 ἐνεργείας
680 2065 727 2092 τοῦ
751 2065 872 2100 πονηροῦ

84 2113 131 2139 διὰ
153 2112 287 2146 κακίστην
307 2111 478 2146 προαιρεσιν,
494 2112 579 2145 ἄγγος
607 2111 711 2145 πλῆρες
734 2110 874 2142 ἀναδεῖξαι

87 2158 137 2190 τῆς
151 2157 359 2192 φιλανθρωπίας
371 2157 491 2191 ἐκείνης,
503 2154 537 2188 ἧς
554 2157 570 2191 ή
587 2156 655 2191 πρὸς
667 2156 774 2188 πάντας
789 2155 874 2190 ἐκχυ-

89 2203 208 2237 σις,τὴν
235 2201 358 2229 ὠκεανοῦ
376 2202 558 2237 παρατρέχει,
585 2202 648 2228 ὅσον
673 2203 721 2237 οὐχ
745 2201 792 2238 ἣδε
818 2210 875 2236 χει-

90 2249 224 2283 μάρρους.
238 2246 392 2283 Τολμήσειε
415 2247 436 2273 δ’
455 2247 489 2274 ἄν
509 2255 561 2279 τις.
573 2244 661 2281 οἴμαι,
675 2246 770 2273 τοῦτον
787 2247 876 2273 εἰπεῖν

88 2295 136 2320 καὶ
151 2294 266 2329 ἐκλογῆς
282 2291 351 2320 εἶναι
366 2293 472 2325 σκεῦος,
491 2292 582 2325 καλῶς
594 2301 626 2327 γε
642 2292 806 2320 διαστέλλων
821 2292 875 2320 ἁττδ

90 2340 138 2368 τοῦ
163 2340 282 2367 Παύλου.
303 2339 424 2370 Ἐκεῖνος
449 2339 499 2373 μὲν
523 2339 579 2373 γὰρ
607 2338 686 2365 τοῦτο
709 2338 824 2374 ἐκλήθη.
842 2337 876 2365 δι’

90 2386 124 2421 ἢν
142 2386 249 2425 ἐδέξατο
262 2385 341 2420 χάριν
358 2384 428 2417 ὑπὲρ
445 2384 494 2410 τοῦ
516 2386 565 2420 τῆς
588 2384 706 2415 πίστεως
728 2384 877 2420 κηρύγμα-

90 2441 136 2463 τος
150 2440 157 2447 ⁸
187 2431 243 2458 Τοῦ
269 2431 324 2465 γὰρ
347 2429 513 2463 βαστάσαι,
533 2431 611 2465 φησὶ,
629 2430 662 2457 τὸ
694 2430 788 2465 ὄνομά
814 2439 875 2464 μου

91 2477 217 2504 ἐνώπιον
239 2475 344 2508 ἐθνῶν,
360 2476 410 2502 καὶ
419 2476 587 2508 βασιλέων,
601 2475 674 2503 υἱῶν
690 2484 724 2502 τε
745 2475 876 2510 Ἰσραήλ·

961 1197 1089 1225 Setlenim
1106 1204 1166 1228 nos,
1183 1204 1199 1223 ο
1217 1196 1390 1227 charissime,
1407 1196 1532 1223 omnibus
1549 1196 1701 1229 huiusmodi

917 1243 1111 1278 valerejuseis,
1129 1242 1279 1270 orationem
1293 1243 1442 1270 institutam
1455 1242 1638 1276 perficiamus.
1651 1243 1703 1269 Ne-

917 1290 1018 1317 minem
1034 1296 1124 1316 rerum
1136 1288 1225 1323 opifex
1244 1288 1289 1316 ille
1306 1289 1402 1323 rejiclt,
1421 1288 1538 1315 neminis
1561 1288 1700 1316 oblivisci-

919 1339 963 1362 tur
980 1335 1026 1369 qui
1042 1334 1168 1362 omnibus
1186 1333 1316 1368 prospicit
1331 1342 1338 1366 ;
1352 1340 1432 1361 nemo
1453 1341 1553 1361 exosus
1564 1339 1605 1361 est
1618 1335 1702 1362 animi

918 1380 1155 1416 perturbationum
1173 1380 1292 1414 experti,
1308 1387 1359 1407 nec
1374 1380 1407 1407 ab
1423 1387 1455 1407 eo
1477 1381 1634 1415 negligitur,
1651 1389 1702 1408 nec

918 1426 990 1454 aliud
1007 1426 1071 1461 quid
1089 1425 1220 1461 ejusmodi
1232 1426 1389 1462 experitur:
1407 1433 1486 1453 nemo
1499 1434 1551 1454 non
1564 1427 1623 1461 ejus
1638 1434 1703 1454 cura

919 1474 1083 1506 continetur,
1100 1473 1145 1508 qui
1160 1480 1252 1500 curam
1279 1474 1403 1501 omnium
1432 1474 1513 1508 gerit,
1543 1481 1622 1502 nemo
1650 1483 1703 1502 non

919 1521 979 1555 ejus
994 1520 1138 1547 dilectione
1154 1519 1321 1551 continetur,
1336 1520 1381 1554 qui
1406 1520 1457 1547 ltoc
1484 1520 1572 1554 ipsum
1603 1528 1703 1548 nomen

920 1565 1012 1592 habet.
1034 1564 1217 1599 Acceptabilis
1244 1564 1283 1591 illi
1309 1564 1409 1598 quivis,
1426 1572 1440 1591 a
1455 1565 1528 1592 vitiis
1556 1566 1704 1599 aliquando

919 1611 966 1645 qui
981 1610 1138 1645 resipuerit.
1152 1609 1228 1641 Quod
1244 1609 1267 1636 si
1283 1609 1345 1643 quis
1362 1617 1457 1636 omnes
1473 1611 1553 1637 etiam
1569 1611 1643 1638 vitiis
1658 1619 1704 1638 sue

920 1656 1034 1692 perarit,
1047 1662 1108 1683 eum
1122 1661 1175 1681 non
1187 1655 1220 1682 ab
1237 1661 1266 1681 re
1277 1653 1376 1681 factum
1394 1655 1455 1689 quis
1469 1655 1569 1682 dixerit
1581 1656 1704 1684 idoneam

922 1701 1063 1729 materiam
1080 1700 1192 1728 bonitati
1211 1699 1417 1734 clementiretltte
1434 1700 1546 1731 divinae.
1561 1705 1589 1729 ut
1607 1703 1633 1729 in
1670 1710 1704 1730 eo

922 1754 982 1775 sese
999 1746 1128 1774 declaret.
1147 1745 1192 1773 Sic
1208 1739 1291 1773 etiam
1311 1746 1420 1779 medici,
1434 1751 1461 1773 et
1477 1754 1572 1774 omnes
1589 1748 1703 1775 scientia

922 1792 1038 1828 praediti,
1054 1791 1116 1819 boni
1134 1791 1243 1826 quidem
1255 1798 1314 1820 esse
1323 1797 1448 1826 possunt,
1463 1799 1556 1819 verum
1572 1793 1594 1820 si
1610 1797 1637 1820 et
1650 1800 1707 1819 ma-

924 1839 1006 1866 teries
1019 1838 1100 1871 adsit,
1117 1843 1178 1865 actu
1190 1844 1298 1873 quoque
1312 1837 1455 1864 scientiam
1484 1838 1642 1871 probantes,
1679 1839 1705 1865 id

923 1883 994 1919 quod
1009 1887 1081 1915 sunt,
1101 1874 1229 1910 omnibus
1245 1889 1306 1910 esse
1323 1883 1385 1909 boni
1398 1883 1535 1910 videntur.
1551 1883 1583 1910 Et
1613 1883 1706 1910 admi-

925 1931 1058 1958 rationem
1075 1929 1112 1956 illi
1129 1929 1206 1963 longe
1222 1929 1370 1955 maximam
1388 1933 1539 1962 merentur,
1572 1931 1617 1965 qtti
1635 1929 1708 1957 dilli~

924 1976 1004 2004 cilius
1021 1974 1123 2010 aliquid
1139 1974 1247 2009 egregie
1259 1973 1414 2008 perﬁciunt.
1446 1975 1534 2010 Atque
1557 1976 1614 2003 haec
1642 1984 1709 2004 sane

925 2021 1043 2047 maxima
1068 2019 1216 2046 declaratio
1244 2020 1443 2047 inaestimabilis
1471 2026 1514 2048 est
1538 2025 1566 2048 et
1595 2023 1709 2049 inﬁnita!

924 2064 997 2093 illius
1009 2064 1171 2097 clementiae,
1188 2064 1258 2100 quod
1271 2072 1344 2098 ettm,
1358 2066 1404 2100 qui
1424 2066 1521 2093 divina:
1537 2066 1706 2094 instrumen-

926 2115 982 2138 tum
996 2117 1057 2138 esse
1075 2110 1190 2137 debebat
1203 2110 1308 2143 gratiae,
1329 2114 1477 2145 posteaque
1495 2111 1708 2140 instrumentum

925 2157 1094 2185 eincacitatis
1109 2157 1220 2192 maligni
1241 2156 1313 2184 illius
1330 2158 1457 2185 instituto
1469 2160 1588 2192 pessimo
1621 2159 1710 2188 factus

926 2209 978 2237 est,
990 2211 1038 2231 vas
1052 2203 1158 2238 plenum
1171 2204 1230 2239 ejus
1247 2203 1398 2231 clementiae
1418 2204 1548 2237 declarat,
1579 2206 1657 2240 cujus
1683 2207 1710 2233 in

926 2256 1021 2276 omnes
1041 2248 1136 2276 ellusio
1150 2248 1252 2281 majore
1267 2249 1352 2277 vincit
1369 2250 1447 2284 copia
1483 2251 1583 2277 ﬂttxtnn
1611 2253 1707 2279 Oceani

927 2301 1007 2328 quam
1028 2293 1108 2327 hujus
1127 2293 1207 2320 undae
1223 2297 1359 2321 torrentes
1382 2300 1523 2328 superant.
1554 2295 1586 2322 Et
1601 2297 1710 2330 quidem

928 2338 1082 2374 hujusmodi
1094 2338 1230 2365 hominem
1245 2343 1318 2366 recte
1328 2339 1401 2374 quis,
1412 2340 1519 2374 opinor,
1536 2341 1608 2368 ausit
1622 2343 1714 2369 dicere

929 2392 975 2411 vas
990 2385 1072 2411 etiam
1093 2384 1236 2412 electionis
1251 2392 1324 2417 esse,
1353 2386 1376 2413 si
1405 2394 1467 2413 eum
1485 2395 1500 2414 a
1526 2386 1612 2415 Paulo
1639 2393 1714 2417 recte

928 2430 1091 2464 distinguat.
1109 2429 1209 2457 Paulus
1221 2430 1292 2457 enim
1319 2431 1370 2458 hoc
1401 2432 1511 2460 nomine
1534 2439 1646 2461 vacatus
1671 2441 1711 2462 est

929 2477 964 2504 ob
980 2483 1038 2503 eam
1055 2476 1169 2509 gratiam
1180 2484 1261 2510 quam
1276 2477 1453 2510 praedicanda
1466 2486 1547 2506 causa
1563 2481 1623 2507 ﬁdei
1634 2489 1714 2508 acce-

92 2519 170 2553 οὖτος
185 2522 213 2548 δὲ
229 2521 279 2557 τὴν
302 2521 400 2555 κλῆσιν
422 2520 525 2556 ταύτην
539 2521 642 2552 δίκαιος
660 2520 694 2548 ἂν
715 2520 760 2555 εἴη
776 2520 868 2555 κληθῆ

930 2526 1016 2556 perat.
1033 2521 1065 2548 Ut
1083 2526 1177 2556 gestes,
1200 2522 1288 2555 inquit
1311 2521 1391 2554 Deus,
1415 2531 1507 2550 nomen
1523 2533 1609 2551 meum
1624 2534 1713 2553 torum

93 2577 149 2599 ναι,
164 2567 204 2598 ὡς
231 2567 345 2602 μηδενὸς
368 2567 444 2598 δντος
467 2567 560 2601 ἐτέρου
587 2567 806 2601 δπιτηδειοτέρου
831 2566 877 2592 τὸν

94 2613 168 2639 Ξλεον
183 2613 310 2646 δέξασθαι
325 2612 371 2639 τοῦ
384 2612 462 2639 Θεοῦ.
476 2612 580 2639 Πολλὰ
592 2612 651 2647 μὲν
663 2612 718 2647 γὰρ
730 2612 764 2639 τὰ
781 2612 878 2645 σκεύη

95 2657 186 2692 ἐν’τῇ
202 2657 319 2692 μεγάλῃ
339 2658 429 2691 οικίᾳ,
449 2657 515 2692 φησι
529 2657 558 2683 τὸ
574 2657 670 2688 σκεῦος
686 2658 735 2692 τῆς
749 2657 876 2692 ἐκλογῆς,

96 2705 131 2731 οὑ
155 2704 254 2730 πάντα
277 2703 312 2730 δὲ
338 2704 414 2737 πρὸς
439 2704 496 2737 τὴν
511 2702 619 2736 αὐτὴν,
645 2703 715 2730 ἀλλ’
737 2703 823 2737 ἕτερά
845 2711 878 2737 τε

98 2751 172 2785 πρὸς
200 2751 296 2784 ἄλλας
323 2751 426 2785 χρείας
454 2750 622 2785 ἠτοίμαστό
648 2758 681 2776 τε
713 2750 763 2777 καὶ
789 2758 877 2777 κατε-

97 2798 259 2824 σκεύαστο.
276 2798 330 2824 Καὶ
350 2798 418 2831 πρὸς
439 2797 488 2831 μὲν
505 2796 590 2832 μύρου
615 2795 697 2832 δοχὴν
719 2795 878 2831 ἁλάδιιστρά

97 2850 125 2870 τε
139 2843 186 2869 καὶ
199 2844 234 2869 τὰ
255 2843 377 2875 τοιαῦτα,
394 2843 440 2869 καὶ
454 2843 485 2869 ὲκ
509 2843 624 2869 τουτωνὶ
648 2842 701 2868 τῶν
724 2843 878 2878 περιμαχήο

134 2901 144 2917 ί
156 2901 179 2928 ιι
194 2900 264 2928 Tim.
282 2909 311 2936 tt,
323 2901 368 2930 ‘20.

930 2568 1062 2603 gentibus,
1075 2573 1100 2594 et
1114 2567 1229 2600 regibus,
1244 2572 1268 2594 et
1281 2568 1345 2601 [iliis
1372 2568 1494 2597 lsraelt’s.
1513 2570 1564 2598 Hic
1598 2580 1658 2599 vero
1668 2581 1715 2607 ap-

929 2613 1099 2648 pellationem
1109 2613 1176 2639 ham:
1190 2613 1282 2640 merito
1292 2616 1459 2649 consequitur
1471 2635 1479 2648 ,
1490 2624 1549 2643 cum
1577 2625 1652 2644 nemo
1681 2618 1715 2644 sit

933 2660 1001 2687 alius
1017 2659 1101 2693 magis
1119 2658 1226 2685 idoneus
1243 2659 1278 2685 ad
1292 2661 1471 2694 excipiendam
1500 2662 1548 2689 Dei
1564 2664 1716 2690 misericor-

907 2729 913 2737 ,
932 2706 1015 2733 diam.
1032 2707 1102 2731 Nam
1114 2712 1177 2731 rasa
1189 2705 1293 2738 quidem
1313 2706 1396 2733 multa
1413 2709 1511 2734 suntin
1525 2709 1614 2743 ampla
1626 2710 1715 2740 domo,

934 2751 1021 2785 inquit
1029 2757 1076 2776 vas
1087 2748 1152 2776 illud
1161 2749 1314 2783 electionis,
1323 2760 1373 2778 non
1383 2753 1470 2780 omnia
1478 2762 1536 2780 vero
1546 2755 1581 2781 ad
1588 2755 1717 2788 eumdem,

933 2798 978 2825 sed
992 2797 1026 2824 ad
1040 2795 1106 2823 alios
1122 2803 1186 2822 usus
1203 2796 1258 2823 alia
1287 2803 1383 2832 parata
1400 2800 1462 2826 sunt
1476 2805 1553 2836 atque
1572 2801 1717 2835 confecta'.

934 2843 1066 2880 Unguenti
1083 2848 1132 2878 pro
1147 2845 1331 2879 receptaculo,
1350 2845 1501 2881 alabastra,
1519 2851 1546 2875 et
1559 2847 1641 2884 hujus
1667 2854 1714 2883 ge-
