1937 3078
216 169 270 202 5ιῦ

792 156 990 189 MANUELIS
1010 153 1233 186 PALIEOLOGI

1779 148 1833 180 E-lli

216 228 288 255 neris
299 227 362 258 alia,
375 225 464 256 deque
472 214 595 253 metallis
611 219 720 247 eximiis
746 218 799 244 alia
814 216 885 243 facta
909 223 915 241 :
935 209 998 241 rur-
1015 238 1017 244 ,

1069 223 1104 240 ων
1121 212 1260 248 μετάλλων
1272 211 1370 245 ἒτεριο
1386 211 1454 245 πρὸς
1476 209 1504 236 δὲ
1527 209 1576 239 τὰς
1593 207 1688 243 χρείας
1711 209 1763 237 τὰς
1786 215 1837 231 και

216 282 264 301 sus
281 273 312 300 ad
335 279 400 299 usus
412 269 568 300 inferiores,
581 273 643 294 vasa
660 265 713 293 illis
725 264 792 299 ipsis
806 260 996 296 congruentia.

217 320 286 347 Sunt
300 323 391 354 autem
403 320 430 344 et
447 315 499 341 alia
520 322 582 341 vasa
599 312 722 348 quaedam
751 309 783 336 ad
813 307 999 342 ignominiam,

218 365 304 393 nihilo
317 363 431 390 materie
460 355 587 388 infcriora
617 356 786 392 dignioribus
820 353 885 380 illis.
915 353 1002 386 Atque

219 411 276 437 haec
291 409 382 436 omnia
399 408 466 434 liunt
483 406 555 432 illius
569 405 643 439 justo
659 402 774 438 judicio,
800 401 845 434 qui
864 406 928 426 vasa
943 404 1003 431 pos-

220 455 299 483 sidet.
315 453 348 480 Et
362 454 398 480 sit
414 459 481 479 sane
495 450 536 476 vir
550 450 646 479 bonus,
673 447 775 474 electus
788 453 802 472 a
830 445 894 476 Deo,
924 442 1001 478 quasi

221 501 370 536 pretiosum
384 497 520 532 quoddam
540 503 601 527 vas,
628 494 661 521 ad
689 491 879 526 excipiendam
915 489 1002 524 ipsius

221 535 349 582 gratiam.
365 544 418 577 Qui
431 550 495 570 vero
511 542 598 568 malus
610 540 697 566 factus
713 542 766 569 est,
783 545 814 564 ac
828 535 926 563 deinde
957 541 1004 569 per

222 581 438 626 resipisecntiam
452 596 484 616 eo
498 593 623 615 reversus
640 593 693 620 quo
710 583 842 615 debebat,
861 581 922 608 aliis
944 587 1004 606 om-

221 638 302 665 nibus
313 641 355 663 est
366 635 494 669 capacior
508 633 579 660 illius
611 630 814 667 misericordia,
842 634 901 662 qua:
917 633 931 652 a
951 625 1005 651 cle-

223 683 322 710 mentia
337 680 469 716 provenit.
485 677 667 714 lgnominiosa
683 676 799 709 denique
813 681 876 701 vasa
893 672 1005 703 fuerint,

223 730 330 763 opinor,
348 727 387 754 illi
403 726 449 761 qui
476 731 504 753 et
530 724 613 752 vitam
629 723 656 750 in
687 721 849 749 inﬁdelitate
874 718 1006 751 malisque

224 773 396 808 dogmatibus
407 775 565 804 exegerunt,
581 773 608 795 et
625 767 728 802 quibus
745 773 826 792 unum
845 765 896 791 hoc
913 769 1008 796 perpe-

225 824 271 845 tuo
287 817 363 844 cordi
378 821 447 845 eral.
459 820 486 841 ut
513 813 610 840 vitiose
629 813 759 842 viverent,
789 816 842 836 non
859 808 954 838 etiam,
977 810 1007 832 ut

225 863 429 896 resipiscerent,
446 859 554 893 quando
569 857 616 891 qui
633 855 750 892 pessima
768 857 944 889 peregerunt,
975 858 1008 878 ac

227 907 326 935 deinde
334 914 395 933 cutn
405 904 562 940 pcenitentia
572 904 605 930 de
613 903 663 930 huc
673 902 727 928 vita
741 901 902 935 migraruut,
912 904 965 924 non
980 896 1006 923 in

227 953 373 988 ignominia
381 955 444 979 sunt
452 950 521 984 apud
533 949 625 981 Deum,
634 947 680 975 sed
692 946 809 973 maximo
819 944 901 972 etiam
910 942 1007 977 pretio.

227 1004 255 1025 ut
266 997 447 1031 appareat,ait
467 996 575 1027 Paulus,
589 991 779 1027 principatibus
798 995 876 1024 atque
892 993 1010 1023 potesta-

228 1045 298 1072 tibus
315 1044 495 1078 multipliciter
508 1041 581 1068 uaria
601 1039 648 1066 Dei
665 1037 826 1072 supienlia‘.
848 1036 880 1062 Et
898 1034 1008 1068 adjecis.

229 1095 269 1119 set
278 1090 388 1118 omnino
396 1088 566 1116 clementiam
576 1093 694 1121 quoque,
702 1085 724 1112 si
731 1091 797 1118 opus
804 1084 829 1109 id
838 1081 909 1109 l'acto
916 1081 1012 1108 fuisset

264 1136 352 1171 Atque
374 1136 430 1162 haec
455 1133 563 1167 quidem
596 1131 622 1158 in
650 1131 722 1158 hunc
749 1129 858 1155 modutu
887 1125 1011 1161 exposita

229 1189 320 1210 sunto.
334 1180 419 1208 Nobis
432 1185 521 1206 autent
537 1184 603 1206 sane
616 1181 739 1212 praestat,
769 1174 881 1202 alterius
909 1173 1011 1199 lustra‘

232 1229 313 1256 tionis
340 1235 392 1254 non
418 1233 509 1259 egere,
533 1224 580 1252 sed
605 1224 675 1250 intra
703 1221 818 1256 primam
847 1218 1013 1246 consistere.

231 1272 464 1307 Quemadmodum
478 1270 627 1304 Gregorius
640 1268 683 1294 ille
700 1266 853 1300 Tlteologus
869 1264 1014 1297 ait,quan—

231 1322 265 1348 do
282 1324 309 1346 et
324 1322 453 1352 perpetuo
468 1322 549 1342 sanos
565 1320 674 1340 manere
689 1315 809 1345 prmstat,
821 1316 902 1344 quam
919 1307 1015 1335 morbo

232 1370 370 1399 correptos
386 1361 489 1390 sanari.
508 1360 573 1386 Nam
587 1362 614 1385 et
631 1359 682 1384 hoc
699 1357 776 1382 valde
789 1355 888 1381 malum
904 1358 957 1386 est,
986 1357 1015 1380 ut

235 1412 305 1439 idem
326 1409 370 1436 ille
389 1405 588 1443 pronuntiavit,
604 1410 652 1438 pro
667 1406 777 1436 peccato
796 1399 1015 1427 emendationem

236 1455 368 1483 reutetiri.
384 1453 530 1479 Enimvero
561 1448 674 1476 fervidis
692 1454 760 1481 opus
773 1450 814 1473 est
837 1444 975 1479 lacrymis,
991 1447 1018 1470 et

237 1501 301 1529 totis
321 1498 478 1527 euitendutn
506 1496 622 1526 viribus.
658 1499 687 1521 ut
711 1492 822 1519 morbus
859 1489 1018 1518 vitiositatis

236 1551 351 1574 ematur
368 1553 376 1572 :
393 1551 454 1570 cutn
469 1543 603 1570 incertum
615 1540 726 1568 omnino
738 1539 772 1566 sit
791 1546 825 1565 an
846 1537 907 1564 linis
921 1543 1016 1564 emen-

237 1594 372 1621 dationem
390 1593 426 1618 sit
440 1590 555 1616 laturus.
572 1587 646 1614 Bona
664 1592 752 1613 tamen
769 1585 795 1611 in
806 1590 854 1618 spe
866 1584 931 1616 sint,
938 1583 1020 1610 etiam
1034 1582 1057 1611 G

237 1640 282 1675 qui
312 1637 487 1673 quantumvis
510 1634 586 1670 gravi
618 1633 734 1668 quodam
766 1631 861 1658 morbo
882 1630 1018 1662 laborant,

238 1674 333 1718 seipsis
347 1684 372 1709 in
387 1681 481 1713 Deum,
497 1680 542 1714 qui
556 1678 677 1705 utnuium
694 1675 815 1704 medicus
829 1680 882 1708 est,
899 1674 1018 1709 rejectis,

238 1736 265 1757 et
279 1717 362 1755 allata
379 1726 530 1754 sanationis
557 1724 716 1757 cupiditate.
741 1721 829 1755 Atque
856 1721 913 1747 haec
937 1717 1022 1746 conli-

240 1776 334 1802 denter
352 1774 405 1805 aio,
437 1770 586 1804 respiciens
608 1768 643 1795 ad
671 1765 917 1801 inexsuperabilem
948 1764 1020 1791 illam

240 1821 399 1850 bonitatem.
421 1817 455 1844 ad
469 1817 527 1851 ejus
541 1822 606 1849 erga
625 1811 675 1841 nos
691 1812 877 1842 dilectionem.
902 1817 963 1844 quat
976 1815 1022 1836 su-

240 1873 289 1899 pra
307 1865 414 1891 modum
434 1869 462 1890 et
487 1865 656 1892 mentem,et
685 1860 830 1890 rationem,
856 1862 884 1884 et
911 1863 1019 1883 onmem

241 1909 432 1944 cogitationem
445 1913 557 1941 stupore
580 1905 709 1939 complet,
723 1905 756 1931 ad
784 1903 883 1930 divina:
905 1901 1024 1935 denique

242 1941 392 1982 voluntatis
418 1957 499 1986 atque
537 1955 641 1977 natura:
664 1948 925 1977 immulabililatem.
952 1941 1022 1972 Nam

244 2000 300 2027 ﬁeri
319 1998 410 2032 nequit
426 2001 454 2023 ut
468 2003 500 2023 el
522 1996 575 2022 hoc
591 1995 618 2022 iu
650 1994 715 2021 illud
744 1993 889 2020 immobilis
921 1996 1026 2019 naturae

244 2049 362 2072 mutetur
376 2051 462 2076 amor,
475 2047 557 2076 utque
578 2041 636 2068 dua:
653 2048 697 2067 res
717 2039 840 2067 accidant
853 2040 918 2072 Deo,
932 2039 1026 2073 ι)ωηί-

244 2091 327 2118 tentia
341 2094 369 2117 et
387 2095 494 2120 moms;
511 2077 749 2121 quippedivinutn
763 2082 829 2111 illud
846 2092 945 2112 numen
975 2084 1027 2112 im-

245 2136 344 2164 mobile
355 2140 407 2166 est,
425 2138 451 2161 et
462 2140 521 2168 quae
537 2133 571 2160 ab
584 2139 616 2160 eo
631 2132 714 2163 ﬁunt.
727 2131 816 2158 orunis
826 2131 947 2165 expertia
963 2135 1028 2158 sunt

246 2181 420 2218 paenitentiae.
432 2179 488 2207 Non
497 2179 579 2214 igitur
587 2178 644 2214 ipsa
656 2178 702 2205 illa
713 2177 862 2209 bonitas,et
873 2176 1027 2210 clementia,

1051 260 1164 293 τωτέρω
1186 260 1222 286 τὰ
1242 257 1370 286 ταυταισὶ
1396 256 1552 289 κατάλληλα
1573 263 1603 281 τε
1626 254 1673 280 καὶ
1698 251 1840 287 συμὸησὸν

1053 315 1130 341 μενα.
1151 306 1229 332 Ἔστι
1248 305 1276 332 δὲ
1293 305 1340 331 καὶ
1354 303 1421 331 ἄλλα
1439 302 1525 336 σκεύη
1539 301 1609 335 πρδς
1624 299 1747 334 ἀτιμίαν,
1760 297 1839 325 οὑδὲν

1052 352 1122 378 κατὰ
1142 351 1192 386 τὴν
1218 350 1286 384 ὓλην
1311 350 1414 376 ἐλάττω
1439 348 1493 375 τῶν
1515 346 1688 380 τιμιωτέρων
1714 344 1839 370 ἐκείνων.

1052 397 1109 424 Καὶ
1123 397 1208 424 ταῦτα
1225 395 1329 430 γίνεται
1346 393 1445 422 πάντα.
1461 392 1548 427 χρίσει
1560 391 1654 425 δικαίᾳ
1675 389 1721 417 τοῦ
1739 397 1841 422 κεκτη-

1055 443 1135 476 μένου
1148 441 1183 467 τὰ
1200 440 1295 475 σκεύη.
1316 440 1366 473 Εἵη
1381 439 1403 465 δ’
1417 438 1449 465 ἂν
1462 439 1476 464 ὁ
1496 437 1545 471 μὲν
1558 436 1658 470 ἀγαθὸς
1676 435 1746 469 ἀνὴρ
1760 434 1841 460 ὲκλε-

1053 487 1185 522 λεγμένος
1209 486 1248 521 τῷ
1263 486 1332 520 Θεῷ,
1351 485 1446 519 ὥσπερ
1461 492 1488 509 τι
1504 482 1600 513 σκεῦος
1617 482 1707 515 τίμιον
1723 480 1793 514 πρὸς
1809 479 1842 506 τδ

1055 534 1103 568 τὴν
1118 533 1199 559 αὑτοῦ
1217 532 1297 567 χάριν
1322 530 1467 563 δέξασθαι·
1484 530 1498 555 ὁ
1515 529 1544 555 δὲ
1571 527 1657 558 κακὸς
1679 526 1842 561 γενόμενος.

1056 576 1107 605 εἴτ’
1134 577 1290 604 ἐπανελθὼν
1315 576 1360 603 διὰ
1390 575 1532 610 μετανοίας
1556 573 1598 607 ἐφ’
1613 573 1681 607 ὅπερ
1705 572 1770 602 εδει,
1787 571 1844 597 τῶν

1055 624 1142 651 ἄλλων
1153 624 1262 650 πάντων
1275 621 1502 658 χωρητικώτερος
1513 619 1559 646 τοῦ
1571 619 1620 653 τῆς
1632 617 1844 653 φιλανθρωπίας

1059 671 1162 701 ἐλέους.
1191 669 1232 695 Τὰ
1258 669 1286 695 δὲ
1308 668 1458 703 ἀτιμότερα
1487 667 1572 700 σκεύη
1603 661 1657 691 εἷεν
1683 664 1725 696 ἂν,
1752 660 1842 696 οἶμαι,

1057 716 1168 748 ἐκεῖνοι,
1187 715 1213 741 οἴ
1237 723 1266 741 τι
1289 714 1335 741 τὸν
1360 713 1416 748 βίον
1443 713 1573 746 διήνυσαν
1599 711 1628 737 ὲν
1656 709 1770 743 ἀπιστίᾳ
1796 708 1845 734 καὶ

1056 762 1191 797 δόγμασιν
1213 761 1243 787 οὐ
1272 759 1376 791 καλοῖς,
1393 758 1440 785 καὶ
1454 755 1494 789 οἷς
1516 757 1547 783 τδ
1564 756 1613 791 ζῇν
1631 757 1659 782 ὲν
1675 756 1732 786 τοῖς
1746 755 1844 786 κακοῖς

1058 808 1139 843 ἔργον
1154 806 1188 842 ἦν
1212 806 1350 840 διηνεκὲς,
1374 805 1405 831 τὺ
1421 805 1450 831 δὲ
1467 801 1687 838 μεταμεληθῆναι
1716 802 1765 827 οὐκ
1781 800 1822 826 ἔτι
1835 807 1844 816 ο

1059 856 1096 887 ὡς
1119 857 1144 882 oi.
1166 855 1201 881 τὰ
1219 854 1343 888 χείριστα
1362 851 1412 887 μὶν
1430 849 1658 884 διαπραξάμενοι,
1674 846 1733 874 εἶτα
1757 855 1844 882 μετα.

1026 916 1046 942 η
1059 902 1118 936 νοίᾳ
1133 899 1356 930 συναπελθόντες,
1369 897 1420 923 οὐκ
1439 897 1468 922 ὲν
1482 895 1581 930 ἀτιμίᾳ
1598 893 1672 929 παρὰ
1689 893 1759 927 Θεῷ,
1775 892 1844 919 ἀλλὰ

1060 948 1107 974 καὶ
1122 947 1151 972 ἐν
1175 945 1255 981 χρείᾳ
1279 944 1416 979 μεγίστῃ·
1442 943 1505 969 Ἵνα
1529 937 1621 975 φανῇ,
1637 938 1704 974 φησὶ
1725 937 1844 968 Παῦλος,

1061 992 1124 1024 ταῖς
1137 990 1244 1025 ἀρχαῖς
1266 989 1316 1016 καὶ
1338 988 1403 1020 ταῖς
1415 986 1570 1019 ἐξουσίαις
1581 986 1599 1018 ἡ
1624 983 1846 1014 πολυποίκιλος

1061 1038 1154 1073 σοφία
1172 1036 1225 1064 τοῦ
1244 1029 1327 1063 Θεοῦζ
1340 1033 1407 1061 Eine
1429 1033 1451 1060 δ’
1465 1033 1498 1059 ἂν
1515 1032 1633 1062 πάντως,
1649 1030 1697 1056 καὶ
1713 1030 1729 1063 ἡ
1748 1029 1844 1062 φιλαν-

1063 1083 1180 1119 θρωπία.
1199 1082 1299 1116 δεῆσαν
1313 1080 1410 1106 εἰπεῖν.

1098 1130 1153 1157 Καὶ
1180 1128 1267 1156 ταῦτα
1293 1127 1341 1161 μὲν
1366 1126 1448 1160 τῇδε·
1465 1124 1530 1159 ἡμῖν
1551 1123 1579 1150 δὲ
1599 1123 1653 1156 ἄρα
1676 1121 1779 1156 βέλτιον
1795 1119 1851 1155 ,μὴ

1064 1175 1196 1211 δευτέρας
1216 1173 1345 1208 δεηθῆναι
1362 1171 1534 1204 καθάρσεως
1551 1168 1619 1195 ἀλλὰ
1647 1169 1742 1201 στῆναι
1766 1165 1850 1200 μέχρι

1064 1223 1113 1256 τῆς
1130 1221 1254 1257 πρώτης,
1270 1219 1341 1246 κατὰ
1365 1217 1414 1252 τὴν
1429 1215 1476 1243 τοῦ
1492 1214 1624 1248 Θεολὸγου
1641 1214 1745 1248 φωνήν.
1763 1212 1794 1238 Εἰ
1817 1211 1850 1246 δὴ
1898 1242 1907 1249 .

1065 1269 1176 1295 κάκεῖνο
1200 1266 1315 1302 βέλτιον,
1331 1264 1425 1299 μένειν
1439 1263 1467 1289 ἐν
1485 1261 1565 1296 ὑγεία
1578 1260 1722 1294 διηνεκῶς,
1738 1259 1755 1294 ἢ
1772 1258 1853 1292 ίαθῆ-

1066 1322 1110 1340 ναι
1131 1313 1310 1348 νοσήσαντας.
1329 1309 1383 1336 Καὶ
1399 1309 1454 1343 γὰρ
1479 1307 1592 1334 κάκεῖνο
1609 1306 1681 1333 πάνυ
1697 1304 1794 1337 δεινὸν,
1813 1304 1854 1335 ὼς

1065 1361 1080 1386 ὸ
1094 1359 1174 1390 αὐτὸς
1188 1357 1359 1392 ἀπεφήνατο,
1369 1354 1544 1389 ἀντιμετρεῖν
1559 1352 1682 1387 ἁμαρτίᾳ
1694 1350 1853 1385 διόρθωσιν.

1067 1406 1112 1432 Δεῖ
1128 1405 1176 1439 μὲν
1193 1403 1240 1430 οὖν
1261 1402 1391 1437 δακρύειν
1401 1400 1528 1436 θερμῶς,
1544 1401 1591 1425 καὶ
1612 1398 1662 1433 τὴν
1687 1399 1736 1432 τῆς
1753 1396 1854 1426 κακίας

1068 1450 1248 1485 ἀγωνίζεσθαι
1264 1449 1352 1480 νόσον,
1376 1447 1427 1481 ὅση
1442 1445 1569 1480 δύναμις,
1584 1442 1792 1472 ἀποδύσασθαι·
1815 1441 1854 1472 ὡς

1067 1497 1097 1523 δν
1121 1503 1153 1529 γε
1178 1496 1287 1526 πάντως
1299 1493 1407 1528 ἄδηλον,
1424 1492 1448 1518 εί
1475 1492 1552 1527 μενεῖ
1576 1490 1626 1525 τὴν
1650 1488 1800 1524 θεραπείαν
1823 1487 1855 1514 τὸ

1068 1542 1156 1573 τέλος.
1174 1542 1246 1576 Πλὴν
1262 1542 1291 1566 ὲν
1312 1539 1428 1573 ἀγαθαῖς
1444 1537 1534 1564 ἐλπίσι
1560 1536 1608 1562 καὶ
1630 1535 1655 1561 οἱ
1670 1534 1755 1560 δεινόν
1769 1542 1796 1560 τι
1812 1542 1855 1560 νο-

1073 1589 1195 1621 σοῦντες,
1219 1588 1318 1614 ὁπόσον
1348 1585 1450 1620 βούλει,
1478 1582 1537 1618 Θεῷ
1565 1579 1603 1616 τῷ
1633 1581 1743 1608 πάντων
1770 1580 1856 1615 ἰατρῷ

1071 1635 1140 1668 σφᾶς
1156 1641 1187 1667 γε
1203 1632 1301 1663 αὐτοὺς
1320 1629 1525 1666 ὲτιιρῤίψαντες,
1542 1627 1590 1654 καὶ
1604 1626 1635 1652 τὸ
1653 1625 1856 1660 προθυμεῖσθαι

1072 1678 1275 1714 θεραπευθῆναι
1293 1676 1506 1709 είσενεγκόντες.
1523 1674 1578 1701 Καὶ
1599 1672 1688 1700 ταῦτα
1704 1672 1776 1706 λέγω
1791 1672 1858 1707 θαρ-

1073 1726 1201 1762 ρούντως,
1221 1725 1261 1755 είς
1284 1723 1333 1758 ⁴τὴν
1356 1721 1562 1756 ἀνυπέρϐλητον
1586 1719 1659 1754 ὀρῶν
1687 1718 1859 1753 ἀγαθότητα,

1073 1772 1114 1803 εἰς
1138 1771 1187 1806 τὴν
1203 1771 1271 1805 πρὸς
1296 1769 1371 1804 ἡμᾶς
1387 1767 1495 1802 ἐκείνης
1521 1767 1650 1800 ἀγάπην,
1665 1765 1860 1800 ὑπερεκπλήτ-

1073 1825 1175 1845 τουσαν
1192 1816 1240 1842 καὶ
1256 1815 1319 1842 νοῦν
1334 1814 1381 1842 καὶ
1399 1814 1490 1848 λόγον,
1506 1813 1554 1840 καὶ
1577 1812 1668 1838 πᾶσαν
1689 1811 1807 1843 ἔννοιαν,
1821 1812 1861 1842 είς

1074 1863 1105 1890 τὸ
1119 1862 1168 1896 τῆς
1182 1861 1259 1892 θείας
1275 1860 1374 1895 βουλῆς
1390 1859 1436 1886 καὶ
1451 1858 1559 1893 φύσεως
1583 1857 1804 1892 ἀμετάτρεπτον.
1825 1857 1861 1882 Οὐ

1075 1908 1129 1942 γὰρ
1149 1909 1180 1934 ἐκ
1195 1906 1292 1933 τούτου
1314 1905 1382 1940 πρὸς
1401 1906 1490 1931 ἐκεῖνο
1504 1905 1518 1930 ὀ
1532 1903 1581 1937 τῆς
1604 1902 1736 1937 ἀκινήτου
1752 1902 1863 1936 φύσεως

1075 1953 1145 1987 ἔρως
1169 1952 1394 1986 μετατεθήσεται,
1423 1950 1470 1976 καὶ
1497 1949 1578 1976 πάθοι
1600 1948 1646 1974 δύο
1673 1947 1754 1974 ταυτὶ
1783 1947 1861 1986 Θεξις,

1077 1980 1231 2035 [tergit-316v
1247 2006 1277 2024 τε
1297 1980 1350 2024 ,και
1366 1980 1485 2031 κίνησιν.
1503 1996 1541 2022 Τὸ
1556 1996 1633 2022 Θεῑον
1649 1994 1704 2029 γὰρ
1719 1980 1861 2029 ἁκίνητδν,

1077 2046 1124 2072 καὶ
1147 2044 1181 2071 τὰ
1197 2043 1310 2071 αὐτόθεν
1332 2042 1540 2077 ἀμεταμέλητα.
1557 2040 1594 2067 Οὐ
1611 2041 1702 2066 τοίνυν
1722 2040 1738 2074 ἡ
1764 2041 1862 2066 αὐτοα-

1077 2090 1196 2126 γαθότης
1215 2098 1246 2116 τε
1280 2090 1329 2116 καὶ
1352 2087 1553 2122 φιλανθρωπία,
1568 2087 1616 2113 καὶ
1626 2086 1801 2120 αὑτοαγᾶπη,
1819 2094 1864 2120 μι-

1079 2138 1157 2172 σήσει
1174 2136 1206 2171 γέ
1228 2143 1295 2162 ποτε
1319 2134 1366 2161 καὶ
1391 2133 1637 2168 ἀποστραφήσεται
1660 2131 1705 2158 τὸν
1727 2132 1797 2166 αὐτῇ
1817 2140 1863 2157 το-

1080 2182 1174 2209 σοῦτον
1189 2181 1386 2216 πεφιλημένον,
1401 2179 1462 2206 ὅσον
1476 2179 1531 2205 οὐδ’
1548 2177 1736 2213 ἐνθυμηθῆναι
1751 2175 1807 2203 οἶόν
1822 2186 1864 2204 τε.

245 2229 337 2263 etipsa
351 2226 481 2256 Charitas.
502 2225 563 2252 odio
578 2228 758 2259 prosequetur
789 2231 921 2258 unquam,
945 2227 972 2250 et
994 2231 1017 2250 aa

1080 2228 1118 2255 οὗ
1134 2225 1331 2262 πειραθήσεταί
1361 2232 1434 2256 τινος
1456 2223 1560 2255 πάθους
1584 2224 1598 2249 ὀ
1623 2223 1741 2257 ἀπαθὴς,
1760 2221 1827 2256 παρ’
1845 2218 1867 2255 ᾧ

247 2274 400 2302 versabitur
415 2272 466 2299 sibi
485 2274 561 2298 tanto
576 2270 704 2298 dilectum
719 2277 810 2304 opere,
827 2274 958 2304 quantum
992 2277 1017 2296 nt

1078 2274 1129 2300 οὐκ
1153 2273 1192 2299 Evt
1211 2271 1384 2307 παραλλαγὴ,
1409 2270 1426 2305 ἢ
1451 2270 1555 2304 τροπῆς
1582 2269 1773 2302 ἀποσκίασμα,
1795 2269 1869 2302 κατ-ἁ

246 2318 358 2353 cogitari
372 2318 479 2352 quidem
495 2320 595 2351 potest.
616 2313 675 2342 Non
707 2314 879 2341 all'ectionem
910 2314 1028 2348 aliquam

247 2363 412 2398 experietur,
434 2361 480 2396 qui
507 2359 660 2386 aﬂ'ectionis
685 2359 775 2386 omnis
804 2364 902 2391 expers
927 2361 980 2388 est,
1002 2361 1030 2384 et

248 2408 317 2443 apud
332 2415 411 2442 quem
428 2406 502 2432 nulla
519 2404 633 2431 mutatio
647 2403 688 2430 vel
702 2403 862 2429 mutationis
886 2402 1031 2428 adumbra—

251 2455 288 2482 tio
303 2460 354 2485 est,
371 2453 408 2479 uti
425 2453 501 2479 divus
514 2450 558 2477 ille
568 2449 686 2477 Jacobus
700 2448 832 2482 loquitur,
849 2447 925 2482 cujus
947 2452 974 2474 et
987 2447 1030 2474 illa

251 2507 300 2526 vox
318 2504 359 2526 est
376 2506 383 2524 :
399 2498 466 2524 Deus
485 2496 616 2522 malorum
630 2501 721 2528 expert
750 2499 801 2525 est,
829 2499 852 2519 et
871 2493 926 2527 ipse
951 2493 1033 2519 nemi-

250 2553 308 2572 nem
325 2549 406 2570 lenlal
423 2543 444 2569 ⁸.
456 2541 609 2568 Humanum
635 2540 684 2567 boc
705 2539 802 2566 malum
817 2543 867 2571 est,
896 2538 1032 2565 immutari

250 2592 355 2620 scilicet
379 2596 407 2617 et
423 2590 512 2616 odisse
528 2589 604 2622 prius
631 2587 755 2613 dilectos.
776 2585 881 2612 Etenim
911 2584 1033 2618 plerique

251 2641 374 2668 homines
386 2644 465 2670 testa,
482 2637 553 2671 quod
570 2636 656 2667 aiunt,
682 2634 801 2665 inversa,
820 2632 963 2660 confestim
977 2639 1034 2658 11ιο-

252 2693 355 2719 vemur,
373 2690 399 2711 et
415 2691 531 2718 quorum
549 2689 630 2710 causa
649 2680 728 2708 facile
754 2680 797 2707 vel
813 2684 927 2707 mortem
951 2686 1035 2713 oppe-

254 2733 404 2762 tiissemus,
419 2737 467 2764 pro
481 2729 513 2756 iis
526 2731 655 2763 poscente
669 2726 834 2754 necessitate
858 2732 908 2752 nec
922 2723 1041 2752 obuium"

253 2778 392 2805 solvimus.
406 2775 473 2802 Nam
499 2775 577 2802 mitto
603 2773 704 2806 dicere,
735 2771 865 2807 quosdam
890 2777 960 2804 esse,
989 2770 1035 2805 qui

254 2824 295 2850 vel
313 2822 469 2856 sanguinem
484 2827 581 2848 eorum
612 2818 737 2846 lubenter
765 2817 917 2845 haurirent.
944 2816 1034 2844 Causa

291 2879 301 2925 ξ
318 2879 430 2913 Εριιεεη
446 2885 484 2911 ut,
499 2876 543 2905 10.
582 2875 592 2892 ¹
604 2874 661 2903 Jac.
678 2883 697 2910 ι,
717 2874 760 2901 15.

1078 2320 1124 2346 τδν
1147 2319 1220 2345 θεῖον
1242 2317 1386 2349 Ἰάκωὸον,
1404 2316 1434 2346 ὃς
1462 2316 1549 2350 δήπου
1574 2316 1621 2342 καὶ
1649 2314 1727 2341 τοῦτό
1753 2308 1846 2348 Λφησιν
1860 2321 1867 2328 ·

1084 2366 1111 2392 '0
1129 2365 1201 2398 Θεὸς
1212 2363 1395 2398 ἀπείραστός
1408 2363 1474 2389 ἐστι
1491 2360 1602 2388 κακῶν.
1620 2359 1750 2394 Πειρὰζει
1763 2359 1798 2386 δὲ
1813 2360 1866 2385 αὑ-

1079 2409 1130 2442 τὸς
1144 2409 1264 2435 οὐδένα.
1286 2406 1470 2441 Ἀνθρώτιινον
1490 2406 1565 2432 τουτὶ
1590 2404 1621 2430 τδ
1642 2405 1728 2431 κακὸν
1747 2404 1865 2438 μετασε-

1080 2455 1197 2490 ὃλῆσθαί
1214 2462 1243 2480 τε
1260 2454 1307 2480 καὶ
1324 2454 1413 2488 μισεῖν
1429 2452 1493 2483 τοὺς
1507 2451 1559 2486 πρὸ
1579 2450 1626 2477 τοῦ
1648 2450 1866 2484 πεφιλημένους.

1086 2502 1118 2528 υί
1143 2500 1196 2535 γὰρ
1225 2500 1318 2526 πολλοὶ
1347 2499 1402 2525 τῶν
1431 2497 1593 2532 ἀνθρώπων,
1618 2496 1753 2532 ὀστράκου
1778 2496 1867 2531 (φασὶ)

1088 2540 1300 2582 μεταπεσόντος,
1315 2545 1395 2576 εὐθὺς
1423 2543 1573 2578 κινούμεθα
1583 2551 1590 2558 ·
1606 2543 1653 2569 καὶ
1665 2542 1699 2568 δι’
1709 2541 1755 2572 οὓς
1771 2541 1872 2576 ῥᾳδίως
1911 2566 1916 2574 ,

1086 2593 1120 2619 ἂν
1142 2592 1346 2627 ἐτεθνήκειμεν,
1373 2590 1428 2617 οὐδ’
1453 2589 1545 2616 ὀόολδν
1571 2588 1642 2623 ὑπὲρ
1665 2589 1754 2614 αὐτῶν
1776 2587 1872 2622 χρείας

1087 2639 1224 2673 καλούσης
1242 2637 1478 2672 καταϐαλλδμεθσ..
1501 2635 1554 2662 Ἐὦ
1574 2635 1629 2670 γὰρ
1645 2634 1735 2668 λέγειν
1749 2634 1872 2665 κακεῖνο,

1087 2685 1123 2716 ὡς
1136 2685 1181 2710 καὶ
1193 2684 1240 2710 τοῦ
1255 2685 1369 2718 αἵματος
1384 2683 1473 2709 αὐτῶν
1487 2681 1571 2717 ἡδέως
1581 2681 1613 2708 ἀν
1625 2688 1696 2710 τινες
1709 2679 1806 2705 πίοιεν.
1819 2679 1874 2705 Καὶ

1088 2729 1118 2755 τὸ
1136 2729 1224 2755 αἴτιον
1243 2729 1312 2755 πάνυ
1331 2728 1428 2761 σαφές.
1444 2727 1481 2753 Οὐ
1497 2726 1551 2761 γὰρ
1573 2726 1606 2752 δι’
1621 2725 1721 2756 αὐτοὺς
1741 2724 1873 2755 ἐκείνους,

1089 2771 1135 2804 οὓς
1149 2781 1181 2806 γε
1199 2773 1341 2808 φιλοῦμεν,
1355 2772 1414 2798 οὐδὲ
1433 2771 1476 2798 διὰ
1501 2772 1546 2798 τὴν
1561 2770 1678 2806 Χριστὸν
1696 2769 1746 2796 καὶ
1762 2767 1812 2799 τὰς
1829 2768 1874 2793 ὲν-

1089 2818 1170 2849 τολὰς
1187 2818 1282 2852 αὑτοῦ,
1297 2818 1344 2845 καὶ
1358 2817 1388 2845 τὸ
1403 2816 1505 2851 ἁγσθὺν
1520 2816 1597 2849 αὐτὸ,
1609 2814 1666 2842 ἀλλ’
1682 2815 1721 2845 είς
1733 2813 1762 2840 τδ
1779 2812 1875 2841 δοκοῦν

1127 2917 1196 2928 ,,,.
