1937 3078
204 171 256 203 519
291 170 295 177 ”

767 173 965 205 MANUELlS
985 170 1204 205 PALzEOlDGi

1762 170 1814 210 520

196 230 245 258 bit.
261 229 460 264 Nonnunquam
477 235 504 257 et
518 231 699 257 severioribus
723 232 850 259 remediis
876 236 975 264 utetur,

1037 241 1059 265 (ε
1073 231 1202 263 πολλάκις
1214 233 1270 264 τοῖς
1287 233 1469 268 ἀρρωστοῦσι.
1479 233 1527 261 καὶ
1542 234 1684 270 ἐπιπλήξει
1700 236 1812 270 τούτους

195 284 256 304 cum
276 277 398 304 bonitate
421 277 620 309 clementiaque
638 278 688 304 sibi
704 277 842 306 familiari.
860 277 917 305 Non
931 287 977 306 vo-

197 322 233 349 let
248 322 302 349 illis
317 329 377 350 esse
393 326 473 352 male.
492 329 562 356 quos
575 323 607 349 de
622 323 706 350 nihilo
728 323 861 354 condidit,
889 323 976 350 Inani-

197 361 303 402 bus‘que
320 368 438 403 propriis
450 368 589 399 formavit,
606 369 652 395 sed
671 369 710 396 eis
721 374 850 403 perpetuo
866 368 976 396 benefa-

201 417 267 448 ciet,
281 423 312 443 ac
335 423 383 448 per
398 415 501 446 omnia,
524 415 619 441 dextra
638 416 746 448 inquam
760 419 787 441 et
799 415 920 447 sinistra,
950 419 979 441 ut

196 463 275 489 divus
285 461 328 489 ille
339 461 486 495 Apostolus
502 461 634 495 loquitur,
648 461 705 487 sive
721 464 794 487 recte
805 460 910 492 vivant,
920 459 978 486 sive

197 514 286 534 secus.
304 506 536 538 Quemadmodum
555 506 660 532 scilicet
679 510 706 532 et
721 504 839 539 pluviam
855 508 881 531 et
893 504 976 531 solem

197 553 237 579 eis
266 551 430 586 suppeditat,
456 559 551 578 rursus
576 551 658 578 ctiaut
690 551 809 585 ipsorum
835 550 977 577 utilitatem

196 603 334 632 spectans,
364 599 397 623 ad
417 602 521 631 tempus
541 597 651 630 aliquod
680 597 773 623 eadem
801 595 915 623 inhibet.
938 594 978 622 Ad

197 650 342 676 summam,
356 650 408 669 non
427 649 480 669 una
495 643 548 675 via,
561 642 607 669 sed
621 642 714 669 multis
733 649 763 668 ac
780 641 903 674 diversis,
918 648 979 676 per-

197 697 250 724 que
267 696 310 716 res
339 688 500 715 contrarias
523 695 728 722 nonnunquam,
753 687 788 714 ad
819 695 899 715 unum
920 694 979 723 [nos

198 736 278 762 tinem
292 733 426 767 perducit,
440 738 469 760 ut
486 738 559 760 recte
585 733 673 760 vivere
705 733 851 767 possimus.
869 733 899 759 Et
927 741 979 765 quo

197 786 276 816 pacto
291 783 611 811 consrnlaneum—essm,
642 779 719 805 aliter
735 786 796 806 eum
820 785 911 813 agere,
935 778 979 812 qui

198 834 246 860 pro
265 824 399 852 universis
427 829 469 851 est
494 828 627 855 mortuus,
651 831 759 850 crucem
795 824 925 850 sustinuit.
949 831 980 850 ac

199 872 360 901 nuditatem,
375 878 431 897 rem
457 870 588 898 maleﬁcis
613 870 785 901 destinatam,
807 869 907 904 quique
933 869 980 895 di:—

1030 277 1140 311 δεῆσαν.
1154 277 1208 304 Καί
1224 286 1274 304 που
1297 279 1413 310 καὶτοῖς
1428 279 1637 314 αὐστηροτέροις
1655 280 1812 316 βοηθήμασι

1031 323 1162 358 χρήσεται
1178 323 1245 358 μετὰ
1261 324 1310 358 τῆς
1327 324 1459 359 συνήθους
1476 325 1549 359 αὑτῷ
1563 327 1748 362 χρηστίτητος
1764 329 1812 354 καὶ

1032 366 1249 402 φιλανθρωπίας.
1269 369 1306 394 Οὐ
1322 368 1353 403 δὴ
1370 368 1476 403 θελήσει
1505 370 1596 401 κακῶς
1621 371 1703 405 ἔχειν,
1721 372 1767 403 οὓς
1783 374 1812 407 ἐξ

1032 412 1080 437 οὐκ
1096 411 1181 447 δέλτων
1195 413 1351 447 παρήγαγε,
1370 415 1417 439 καὶ
1431 414 1490 445 ταῖς
1501 414 1600 441 ἑαυτοῦ
1617 417 1711 451 χερσὶν
1727 416 1813 442 ἔπλα-

1033 465 1095 483 σεν*
1114 458 1173 484 ἀλλ’
1188 457 1218 484 εὖ
1237 459 1345 494 ποιήσει
1362 459 1472 490 τούτους
1485 459 1615 494 διηνεκῶς
1634 462 1678 487 διὰ
1691 463 1810 494 πάντων,

1032 503 1085 529 τῶν
1108 512 1136 529 τε
1153 503 1247 536 δεξιῶν
1264 513 1334 538 φημι
1351 506 1397 531 καὶ
1415 506 1578 540 ἀριστερῶν,
1594 507 1665 533 κατὰ
1682 508 1727 533 τὸν
1742 509 1814 534 θεῖον

1039 549 1208 581 “ﬁda-coloni,
1226 550 1312 585 ὀρθῶς
1325 550 1448 585 βιοῦντας
1466 553 1512 578 καὶ
1525 552 1562 587 μή
1576 560 1582 567 ·
1600 552 1694 586 ὥσπερ
1718 555 1814 588 ἀμέλ;ι

1033 596 1079 622 καὶ
1094 597 1171 623 ὑετὸν
1202 598 1248 623 καὶ
1269 597 1345 632 ἥλιον
1359 599 1464 629 τούτοις
1477 599 1603 633 παρέχει.
1622 600 1676 626 Καὶ
1691 599 1767 632 αὖθις
1784 610 1816 638 γε

1035 642 1101 676 πρὶς
1128 642 1159 668 τὸ
1177 643 1316 677 συμφέρον
1346 644 1435 670 αὐτῶν
1455 644 1536 678 ὁρῶν,
1562 645 1607 671 ἐπὶ
1636 646 1733 680 καιρόν
1755 656 1816 672 τινα

1033 689 1118 714 ταῦτα
1134 689 1237 723 ἐπέχει.
1256 690 1309 716 Καὶ
1318 690 1385 720 ὅλως
1397 690 1426 717 οὺ
1444 690 1488 717 διὰ
1505 691 1568 724 μιᾶς
1581 690 1651 721 ἐδοῦ,
1670 684 1818 718 503.511»).-

1033 733 1086 758 λῶν
1104 741 1131 758 τε
1146 734 1193 759 καὶ
1208 733 1410 768 διαφόρων,καὶ
1425 735 1594 769 πραγμάτων
1602 736 1730 762 ἐναντίων
1743 737 1818 762 ἔστιν

1033 776 1074 811 οὗ,
1091 779 1159 813 πρὸς
1176 780 1204 806 ἕν
1230 789 1255 806 τι
1280 782 1355 812 τέλος
1381 779 1454 815 ἡμᾶς
1473 783 1574 815 ἐνάγει,
1596 783 1626 809 τὸ
1652 783 1701 817 ζῇν
1728 785 1818 818 ὀρθῶς

1034 825 1191 859 δυνηθῆναι.
1210 826 1264 852 Καὶ
1282 827 1340 858 πῶς
1363 826 1396 852 ἂν
1416 827 1503 859 ἄλλως
1522 829 1596 860 εἰκὸς
1619 827 1652 864 ἦν
1674 830 1815 864 πράττειν.

1035 870 1063 901 ὃς
1080 871 1149 905 ὑπὲρ
1163 871 1273 897 πάντων
1295 872 1429 905 ἀπέθανε,
1448 874 1564 907 σταυρὸν
1593 875 1642 909 μὲν
1667 875 1819 910 ὑπομείνας

198 918 281 945 decus
301 922 329 944 et
341 916 520 951 ignominiam
543 916 653 942 omnino
679 923 731 941 non
755 915 873 947 curavit,
891 914 980 941 inﬁni-

1037 916 1079 943 καὶ
1103 916 1255 950 γύμνωσιν,
1284 919 1402 953 πρᾶγμα
1428 919 1596 954 κακούργοις
1624 909 1819 956 διωρισμένον,

200 968 281 996 taque
296 960 438 991 sustinuit,
452 961 484 987 ad
498 960 631 987 inﬁnitam
646 959 756 986 inventa
773 959 979 990 contumeliam,

199 1007 253 1034 illis
263 1007 330 1034 solis
342 1009 550 1046 competentem’,
571 1006 615 1039 qui
629 1012 660 1032 ea
690 1006 776 1039 ipsum
804 1005 954 1032 atlecerunt
970 1005 981 1030 Τ

200 1054 263 1081 Hzec
282 1060 347 1087 ergo
362 1060 423 1078 cum
450 1058 658 1086 cognoscamus,
682 1051 831 1083 auditores,
849 1055 982 1085 quotquot

200 1100 314 1130 adestis,
346 1098 420 1124 ὶιιιιιιι
439 1097 562 1124 omnium
580 1096 789 1123 stolidissimum
817 1096 981 1129 iudicemus,

200 1147 245 1181 qui
267 1144 346 1172 facile
363 1143 537 1173 condemnat,
556 1141 658 1169 oblitus
686 1149 821 1175 suprema:
838 1141 911 1168 illius
927 1141 983 1167 cle-

201 1193 321 1224 mentiae,
341 1190 471 1218 benilatis
485 1189 720 1222 incotnparabilis,
752 1188 983 1222 inexsuperabilis

200 1238 387 1274 benignitatis.
403 1241 430 1263 ct
444 1236 513 1269 ejus,
531 1235 576 1269 qui
589 1239 729 1269 peccatum
754 1242 836 1263 omne
865 1235 984 1268 sustulit,

200 1293 226 1316 ct
242 1286 338 1315 mortis
349 1285 383 1312 ab
395 1292 427 1312 eo
439 1292 487 1318 pro
499 1283 576 1310 nobis
605 1282 694 1313 obiter,
721 1282 880 1316 probrorum
896 1301 904 1315 ,
920 1289 982 1308 cru-

200 1332 333 1364 ciatuum,
351 1330 523 1363 injuriartnn,
541 1331 568 1354 et
579 1334 749 1361 quaecunque
770 1331 833 1354 tunc
856 1326 984 1353 comitata

200 1381 266 1405 sunt
280 1375 426 1403 absurdam
447 1371 618 1400 iracundiam
634 1371 841 1403 sceleratorum,
870 1378 901 1398 ex
920 1371 988 1397 invi-

201 1424 244 1450 dia
272 1422 371 1449 caedem
398 1419 484 1454 ipsius
510 1417 673 1449 sitientium,
703 1421 732 1443 ut
754 1417 854 1450 cavilli,
879 1423 986 1444 atroces

201 1467 317 1503 injuriae,
339 1465 492 1495 maledicta,
510 1467 599 1497 sputa,
633 1462 727 1496 alapae.
748 1462 820 1491 nulla
847 1471 900 1490 non
916 1463 988 1496 ,illut

206 1515 313 1543 sionum
334 1511 450 1546 species,
478 1514 559 1543 atque
585 1509 667 1536 etiam
690 1515 789 1535 corona
802 1508 987 1541 ,cuntumelim,

201 1563 340 1594 caputque
351 1557 452 1584 feriens
468 1555 600 1583 calamus.
617 1554 749 1582 Nimirum
763 1554 985 1582 destillabattunc
998 1574 1020 1603 α

202 1615 218 1634 e
232 1603 393 1639 beatalfacie
405 1602 488 1631 divini
509 1602 618 1636 capitis,
634 1601 782 1634 vulnerati,
801 1609 860 1629 mea
876 1601 983 1634 quidem

202 1649 351 1680 sententia,
363 1652 417 1675 tam
437 1656 452 1675 a
468 1647 576 1674 calamo
598 1653 680 1681 quam
696 1653 710 1672 a
727 1646 822 1680 spinis,
837 1646 871 1674 de
885 1646 985 1680 quibus

201 1695 330 1724 salutaris
348 1693 393 1721 illa
417 1692 496 1719 nobis
514 1699 615 1719 corona
637 1690 760 1718 manibus
788 1690 984 1717 homicidarum

203 1745 331 1771 contexta
358 1739 419 1766 fuit.
451 1738 541 1770 Babae,
560 1742 663 1772 quanta
677 1736 757 1764 fecit!
783 1741 884 1771 quanta
905 1737 986 1764 susti-

203 1787 278 1815 nuit!
307 1789 337 1813 et
362 1784 470 1819 quidem
500 1790 548 1818 pro
571 1783 699 1815 inimicis,
726 1788 774 1816 pro
799 1781 986 1809 condemnatis

203 1831 361 1860 hominibus
377 1838 383 1856 :
401 1834 514 1864 propter
532 1836 599 1863 quos
631 1833 658 1855 et
687 1828 768 1854 homo
790 1827 878 1854 tactus
893 1831 943 1858 est,
971 1835 987 1854 e

203 1878 320 1906 muliere
337 1881 428 1908 natus,
442 1880 469 1902 et
484 1882 594 1902 carnem
611 1881 642 1901 ac
656 1877 842 1908 paupertatem
865 1877 986 1900 nostram

203 1923 334 1956 suscepit,
350 1929 403 1955 quo
418 1921 472 1954 pati
486 1924 576 1954 posset
597 1929 604 1947 :
620 1925 650 1946 ut
675 1927 724 1946 nos
738 1919 869 1946 liberaret
884 1926 897 1944 a
922 1925 987 1944 cru-

205 1969 277 1996 ciatu
309 1972 336 1994 et
352 1967 430 1992 malis
446 1965 555 1992 aeternis
571 1964 654 1991 animi
678 1965 778 1998 pariter
792 1968 874 1998 atque
889 1969 987 1997 corpo-

203 2015 255 2046 ris,
283 2014 383 2048 qu’hus
409 2012 568 2039 universum
592 2018 677 2046 genus
703 2010 841 2036 hominum
864 2009 985 2040 obnoxii,

204 2059 353 2088 multorum
368 2063 582 2092 magnorumque
596 2062 677 2083 causa
692 2055 853 2082 delictorum
865 2061 986 2081 eramus.

206 2105 267 2133 llaec
293 2110 383 2132 autem
414 2102 505 2130 omnia
532 2102 718 2129 demonstrant
746 2100 829 2135 ipsius
850 2107 913 2134 erga
938 2106 988 2126 nos

205 2158 326 2179 amorem
355 2149 500 2184 quemdam
531 2140 706 2178 illemlitilelll,
735 2151 761 2173 et
781 2153 862 2180 supra
891 2145 987 2172 mentis

206 2197 411 2232 intelligentiam
433 2195 560 2228 positum.
578 2193 690 2220 Poterat
705 2191 776 2219 enim
793 2192 892 2219 coelum
910 2192 986 2218 inco-

1032 961 1162 996 αἰσχύνης
1178 962 1206 988 δὲ
1222 963 1395 989 παντάπασιν
1411 965 1560 999 ἀλογήσας,
1585 967 1631 992 καὶ
1647 967 1732 1001 μυρία
1747 968 1820 1003 πρά-

1033 1014 1123 1041 γματα
1136 1007 1255 1038 ὑποστὰς
1268 1007 1335 1042 πρὸς
1356 1008 1434 1043 ὓϐριν
1451 1010 1552 1045 μυρίαν
1571 1011 1752 1046 ἐξευρημένα,
1771 1013 1820 1045 μό-

1034 1060 1088 1083 νοις
1104 1052 1216 1083 ἐκείνοις
1233 1053 1370 1087 πρέποντα
1386 1054 1443 1084 τοῖς
1460 1054 1637 1088 ὲξυϐρίσασιν
1654 1057 1695 1087 εἰς
1713 1057 1818 1089 αὺτὸνς

1034 1097 1117 1123 Ταῦτ’
1132 1097 1180 1124 οὖν
1195 1097 1387 1132 γινώσκοντες,
1404 1095 1426 1124 ὦ
1456 1093 1600 1133 παρθντες,
1618 1101 1727 1128 τΐὰντων
1749 1102 1818 1136 εὑη-

1035 1143 1161 1177 θέστερον
1170 1143 1264 1169 τοῦτον
1280 1143 1430 1177 κρίνωμεν,
1442 1144 1487 1171 τὸν
1502 1145 1622 1180 εὐχερῶς
1636 1147 1819 1182 κατακρίνον-

1035 1197 1079 1220 τα,
1102 1189 1348 1223 ἐπιλανθανόμενον
1366 1190 1414 1224 τῆς
1430 1191 1561 1218 ἀνωτάτω
1588 1192 1796 1228 φιλανθρωπίας
1809 1213 1817 1225 ,

1034 1233 1084 1267 τῆς
1098 1234 1259 1260 ἀνεικάστου
1270 1234 1460 1268 ἀγαθωσύνης,
1474 1236 1523 1270 τῆς
1538 1237 1738 1273 ἀνυπερϐλήτου
1752 1247 1821 1273 χρη-

1037 1279 1177 1312 στότητος,
1193 1279 1240 1305 τοῦ
1257 1287 1286 1305 τε
1299 1280 1443 1314 ἁναιρέτου
1465 1280 1516 1315 τῆς
1541 1282 1676 1317 ἁμαρτίας
1696 1284 1818 1318 ἀπάσης,

1037 1323 1084 1350 καὶ
1100 1324 1147 1350 τοῦ
1162 1324 1196 1350 δι’
1209 1325 1284 1359 ἡμᾶς
1299 1325 1404 1351 ἐκείνου
1420 1325 1546 1360 θανάτου,
1564 1328 1618 1354 τῶν
1635 1328 1819 1360 ὀνειδὲ›ν,τῶν

1038 1369 1217 1404 παθημάτων,
1232 1370 1286 1396 τῶν
1303 1369 1409 1403 ὕὸρεων
1419 1390 1427 1403 ,
1446 1372 1492 1398 καὶ
1508 1373 1556 1399 ὅσα
1572 1374 1631 1400 τότε
1646 1376 1820 1409 παρηκολού-

1037 1414 1103 1448 θησε
1115 1414 1153 1449 τῷ
1166 1415 1313 1450 παραλόγῳ
1329 1415 1406 1450 θυμῷ
1423 1417 1478 1443 τῶν
1494 1417 1635 1451 φονώντων
1648 1420 1678 1444 ἐκ
1691 1420 1737 1446 τοῦ
1754 1420 1822 1454 φθό-

1037 1468 1083 1485 νου
1098 1459 1292 1496 καθαρμάτων,
1311 1461 1475 1496 σκώμματα,
1488 1463 1722 1498 προπηλακισμοὶ,
1737 1466 1820 1500 βλασ-

1038 1507 1147 1540 φημίαι,
1185 1507 1351 1542 ἐμπτυσμοὶ,
1367 1508 1539 1544 ῥαπίσματα,
1563 1510 1635 1538 ἅπαν
1650 1511 1820 1548 ἐμπαιγμῶν

1038 1551 1126 1584 εἶδος·
1153 1552 1200 1579 καὶ
1213 1554 1245 1589 δὴ
1259 1554 1306 1580 καὶ
1332 1552 1464 1589 στέφανος
1492 1554 1606 1592 ὕϐρεως,
1631 1559 1678 1584 καὶ
1698 1559 1820 1594 κάλαμος

1036 1598 1106 1625 κατὰ
1122 1600 1241 1634 κορυφῆς
1260 1599 1358 1626 παίων.
1379 1597 1417 1626 Ἦ
1431 1609 1483 1627 που
1502 1602 1652 1634 κατέσταξε
1665 1603 1711 1630 τοῦ
1727 1614 1820 1639 μακα-

1037 1644 1095 1678 ρίου
1112 1645 1173 1671 τότε
1194 1646 1341 1679 προσώπου
1356 1645 1386 1671 τὸ
1407 1646 1458 1680 τῆς
1484 1646 1578 1682 θεῖκῆς
1600 1649 1723 1684 κεφαλῆς
1738 1647 1820 1684 αἷμα,

1035 1688 1287 1725 τρωθείσης,οἷμαι,
1302 1691 1394 1726 καὶτῷ
1409 1691 1535 1728 καλάμῳ,
1545 1694 1592 1720 καὶ
1606 1696 1663 1725 ταῖς
1674 1695 1820 1728 ἀκάνθαις,

1037 1733 1081 1767 αἷς
1093 1737 1105 1761 ὁ
1117 1736 1249 1770 σωτήριος
1266 1737 1330 1770 ἡμῖν
1354 1738 1433 1771 χερσὶ
1456 1737 1510 1764 τῶν
1536 1738 1695 1775 ἀλαστόρων
1711 1741 1819 1776 ἑπλάκη

1037 1780 1176 1814 στέφανος.
1195 1780 1298 1813 Βαΰαὶ,
1325 1782 1367 1808 ὅτ’
1381 1782 1519 1817 ἐπραξενῐ
1547 1783 1587 1809 ὄπ’
1601 1784 1727 1820 ὑπέστηὲ
1751 1786 1821 1821 ὑπὲρ

1038 1825 1153 1861 ἐχθρῶν,
1172 1826 1242 1860 ὑπὲρ
1272 1828 1445 1862 κατακρίτων
1459 1827 1628 1863 ἀνθρώπων·
1648 1829 1682 1856 δι’
1709 1829 1757 1861 οὓς
1774 1831 1822 1857 καὶ

1038 1871 1151 1904 γέγονεν
1177 1871 1332 1905 ἅνθρωπος,
1361 1873 1392 1898 ὲκ
1408 1874 1537 1906 γυναικὸς
1560 1874 1713 1909 γεννηθεὶς,
1730 1876 1822 1909 σάρκα

1038 1916 1085 1942 καὶ
1101 1915 1196 1942 πενίαν
1208 1916 1256 1950 τὴν
1278 1917 1418 1952 ἡμετέραν
1434 1918 1662 1953 καταδεξάμενος,
1682 1920 1752 1954 ὑπὲρ
1773 1920 1821 1947 τοῦ

1039 1961 1135 1988 παθεῖν
1145 1961 1309 1997 δυνηθῆναι·
1325 1962 1360 1989 ἶν’
1372 1963 1446 1997 ἡμᾶς
1457 1964 1629 2000 ἐλευθερώσῃ
1645 1965 1758 1998 πάθους,
1774 1967 1822 1992 καὶ

1038 2003 1134 2034 δεινῶν
1149 2007 1290 2034 ἀθανάτων
1311 2007 1379 2042 ὁμοῦ
1396 2008 1486 2044 ψυχῆς
1501 2017 1530 2035 τε
1548 2010 1595 2036 καὶ
1619 2010 1757 2043 σώματος,
1784 2007 1821 2036 ὥν

1039 2053 1069 2079 τὺ
1084 2053 1162 2087 γένος
1178 2053 1249 2080 ἆπαν
1273 2053 1401 2089 ὕπόχρεῳ
1416 2052 1497 2089 ἦμεν,
1513 2055 1574 2081 ἀντὶ
1589 2054 1694 2082 πολλῶν
1709 2055 1756 2082 καὶ
1773 2064 1822 2090 με-

1039 2099 1129 2133 γάλων
1144 2100 1363 2134 ἁμαρτημάτων.
1384 2099 1477 2126 Ταῦτα
1493 2100 1521 2126 δὲ
1534 2100 1623 2127 πάντα
1639 2101 1760 2128 δείκνυσι
1773 2101 1822 2136 τὴν

1040 2146 1080 2176 εις
1094 2145 1166 2180 ἡμᾶς
1181 2144 1292 2180 ἀγάπην
1303 2145 1396 2177 αὑτοῦ,
1410 2141 1528 2181 ᾶρῤητόν
1539 2155 1598 2172 τινα
1610 2147 1657 2172 καὶ
1669 2147 1823 2181 ἀκατανόην

1039 2199 1084 2217 τον
1100 2190 1192 2218 οὖσαν.
1205 2191 1332 2218 Ἐδύνατο
1347 2191 1397 2226 μὲν
1407 2192 1472 2227 γὰρ,
1485 2191 1531 2218 τὸν
1551 2192 1667 2227 οὐρανόν
1682 2201 1710 2218 τε
1726 2193 1822 2225 οἰκῶν,

204 2246 273 2277 lens,
295 2249 465 2277 nequaquam
487 2246 624 2275 assumpta
658 2244 754 2267 natura
781 2238 984 2271 tmstrupverbo

1041 2236 1087 2262 καὶ
1111 2236 1243 2271 μηδαμῶς
1269 2236 1471 2271 ἁναλαόόμενος
1485 2237 1515 2263 τὸ
1532 2238 1674 2272 ἡμέτερον,
1691 2238 1738 2264 καὶ
1749 2237 1823 2272 λόγῳ

205 2291 338 2318 duntaxat
357 2297 388 2315 ae
407 2292 472 2315 nutu
493 2287 609 2314 liberare
621 2293 704 2321 genus
718 2289 841 2312 nostrqu
860 2292 875 2311 e
889 2284 987 2312 diaboli

206 2335 323 2362 vinculis
342 2341 374 2361 ac
396 2333 549 2369 tyrannide,
565 2339 668 2366 nosque
686 2339 732 2365 per
745 2331 836 2358 omnia
849 2330 987 2357 beneﬁciis

207 2382 325 2409 allicere.
343 2381 435 2407 Itidem
448 2380 503 2414 pati
519 2386 573 2406 non
587 2379 731 2412 potuisset,
746 2384 798 2404 non
819 2376 908 2403 factus
916 2375 989 2410 ejus-

208 2430 268 2454 dem
300 2425 440 2452 nobiseum
476 2423 635 2450 substantiae
662 2421 806 2456 particeps.
832 2420 932 2447 Verum
961 2423 990 2446 ut

208 2480 327 2500 amorem
345 2479 407 2505 elga
427 2479 486 2502 nos,
503 2470 568 2504 proh
584 2469 726 2503 quantutnl
749 2467 918 2500 ostenderet,
936 2474 989 2494 tton

207 2525 351 2553 contentus
361 2527 422 2551 uno,
441 2518 567 2544 nimirum
582 2521 610 2543 ut
626 2516 703 2543 nobis
718 2516 898 2546 benefaceret,
908 2513 989 2541 etiam

209 2567 324 2595 alterum
342 2565 452 2599 adjecit,
482 2564 620 2591 cruciatus
649 2561 774 2589 videlicet
806 2565 917 2596 propter
941 2567 991 2587 nos
1013 2559 1018 2562 ⁴

208 2622 284 2645 suos,
302 2620 369 2647 quos
381 2618 463 2638 carne
479 2616 577 2643 passus
592 2613 642 2636 est.
662 2608 727 2635 Nam
747 2607 801 2634 tale
812 2600 941 2641 quiddam
950 2610 991 2633 est

210 2667 290 2687 Verus
307 2665 405 2685 amor:
423 2656 489 2683 facit
505 2660 534 2682 ut
549 2662 644 2682 amans
656 2655 795 2681 continere
809 2661 839 2680 se
854 2660 906 2679 non
923 2659 990 2686 pos-

211 2707 258 2738 sit,
271 2705 334 2739 quin
347 2706 458 2738 propter
469 2701 598 2729 dilectqu
616 2701 746 2735 patiatur.
762 2700 849 2733 Atque
865 2699 915 2725 hoc
925 2696 991 2723 mihi

208 2757 289 2787 caput
305 2750 478 2778 demissionis
491 2753 518 2776 et
535 2747 676 2776 societatis
691 2753 753 2780 erga
770 2753 820 2772 nos
839 2743 991 2771 Salvatoris

207 2799 291 2826 nostri
307 2797 413 2824 videtur
436 2802 505 2822 esse.
521 2793 588 2820 Nam
604 2793 626 2820 si
646 2793 716 2819 hunc
745 2798 866 2819 amorem
900 2791 924 2816 in
943 2789 992 2816 ho-

211 2843 330 2871 minibus
355 2842 436 2869 etiatu
453 2840 576 2868 invenire
605 2839 679 2870 licet,
697 2845 784 2871 neque
813 2837 860 2864 Dei
888 2841 991 2862 tantum

206 2896 300 2920 causa
312 2889 363 2919 sed
376 2888 518 2918 hominum
528 2893 647 2921 quoque,
667 2888 790 2913 mortuos
813 2883 915 2912 scimus
942 2882 991 2910 ali-

1042 2282 1125 2316 μόνῳ,
1144 2283 1190 2308 καὶ
1206 2282 1332 2317 νεύματι,
1351 2283 1405 2309 τῶν
1421 2281 1468 2308 τοῦ
1489 2283 1612 2310 διαϐόλου
1628 2283 1737 2318 δεσμῶν
1751 2303 1758 2315 ,
1776 2285 1824 2310 καὶ

1040 2328 1090 2362 τῆς
1103 2328 1259 2363 τυραννίδος
1272 2347 1279 2359 ,
1306 2328 1440 2355 λύσασθαι
1465 2328 1495 2355 τδ
1513 2329 1591 2362 γένος
1613 2330 1688 2364 ἡμῖν,
1715 2330 1764 2356 καὶ
1779 2330 1824 2356 διὰ

1042 2375 1150 2401 πάντων
1164 2375 1319 2409 εὐεργετεῖν
1330 2383 1336 2390 ·
1355 2374 1451 2401 παθεῖν
1470 2375 1498 2401 δὲ
1513 2375 1562 2401 οὐκ
1579 2375 1612 2401 ἂν
1625 2374 1691 2410 εἶχε,
1713 2377 1752 2411 μὴ
1772 2376 1825 2410 τῆς

1041 2420 1125 2454 αὐτῆς
1141 2420 1206 2455 ἡμῖν
1223 2421 1393 2454 κοινωνήσας
1413 2420 1518 2452 οὐσίας.
1533 2420 1570 2446 Τὸ
1591 2421 1613 2446 δ’
1626 2421 1672 2447 οὖν
1695 2422 1735 2453 εἰς
1749 2423 1826 2457 ἡμᾶς

1042 2467 1265 2501 ἐπιδεικνύμενος
1298 2466 1408 2501 φίλτρον
1438 2467 1520 2498 ὅσονς
1557 2467 1615 2493 οὐκ
1640 2467 1761 2503 ἠρκέσθη
1791 2477 1824 2503 γε

1042 2513 1160 2548 θατέρῳ,
1178 2512 1249 2545 λέγω
1278 2511 1313 2547 δὴ
1337 2512 1376 2547 τῷ
1403 2509 1432 2539 εὖ
1460 2512 1560 2542 ποιεῖν,
1585 2513 1654 2539 ἀλλὰ
1668 2513 1715 2539 καὶ
1745 2512 1825 2540 θάτε-

1043 2567 1090 2594 ρον
1113 2558 1280 2594 προσέθηκε,
1307 2557 1342 2584 τὰ
1375 2557 1410 2584 δι’
1439 2558 1511 2592 ἡμᾶς
1542 2558 1646 2584 ἐκείνου
1674 2559 1824 2593 παθήματα

1041 2604 1085 2632 διὰ
1100 2605 1149 2640 τῆς
1166 2604 1276 2652 σαρκός.
1292 2603 1419 2630 Τοιοῦτον
1443 2603 1497 2638 γὰρ
1517 2604 1530 2629 ὁ
1551 2603 1653 2638 ἀληθὴς
1669 2604 1749 2639 ἔρως.
1766 2605 1825 2631 Οὐκ

1043 2648 1276 2684 ἀνέχεσθαῖποιεῖ
1288 2649 1333 2675 τὸν
1346 2648 1462 2684 ἐρῶντα,
1479 2649 1503 2674 εί
1517 2648 1555 2683 μὴ
1569 2648 1613 2675 διὰ
1626 2648 1671 2675 τὸν
1686 2649 1825 2684 ἐρώμενον

1044 2696 1134 2723 πάθοι.
1152 2696 1206 2722 Καὶ
1223 2694 1301 2721 τοῦτό
1322 2703 1367 2728 μοι
1383 2693 1455 2720 δοκεῖ
1476 2694 1505 2719 τὸ
1520 2693 1667 2727 κεφάλαιον
1689 2692 1760 2720 εῖναι
1775 2696 1827 2729 τῆς

1046 2740 1112 2775 πρὸς
1128 2741 1200 2774 ἡμᾶς
1217 2739 1263 2766 τοῦ
1281 2739 1407 2774 Σωτῆρος
1422 2738 1651 2772 συγκαταὸάσεὼς
1666 2748 1695 2766 τε
1707 2740 1754 2766 καὶ
1768 2748 1827 2767 κοι-

1043 2788 1151 2817 νωνίας,
1170 2787 1200 2812 Et
1225 2787 1279 2820 γὰρ
1305 2786 1334 2812 ὲν
1351 2784 1506 2821 ἀνθρώποις
1527 2785 1601 2812 ἔστιν
1615 2786 1706 2821 εὑρεῖν
1721 2786 1827 2812 τουτονὶ

1043 2833 1088 2858 τδν
1100 2833 1198 2868 ἔρωτα,
1215 2832 1262 2857 καὶ
1278 2831 1327 2865 οὐχ
1341 2830 1410 2865 ὑπὲρ
1423 2830 1469 2857 τοῦ
1499 2830 1565 2857 Θεοῦ
1590 2831 1679 2865 μόνον,
1695 2830 1764 2857 ἀλλὰ
1778 2831 1828 2858 καὶ

1046 2879 1115 2912 ὑπὲρ
1132 2877 1284 2910 ἀνθρώπων
1296 2876 1436 2910 χαίροντές
1453 2884 1526 2906 τινες
1541 2876 1650 2904 τεθνᾶσι
1673 2877 1759 2904 πολλὰ
1773 2886 1828 2905 πα-
