1937 3078
221 176 270 210 531

816 181 1013 213 MANUELIS
1029 182 1254 214 PALIEOLOGI

1799 181 1856 214 53?.

215 235 248 262 Et
266 234 377 270 pedicas
389 239 472 270 atque
487 234 598 264 vincula
615 235 711 264 merito
723 236 784 272 quis
799 236 1007 269 existimaverit,

1064 238 1150 269 Πέδας
1164 238 1188 265 δ’
1209 238 1245 265 ἂν
1260 235 1338 272 οἶμαι
1355 239 1403 265 καὶ
1422 237 1511 274 δεσμὰ
1523 237 1639 270 δικαίως
1651 238 1706 270 πᾶς
1718 247 1760 270 τις
1775 239 1855 274 νομί-

216 282 324 313 "nidor,
342 287 473 317 urgentes
489 282 548 310 illas
565 289 696 317 perpetuo
713 291 803 310 rerum
821 283 1005 311 difﬁcultates.

216 325 283 352 Cum
301 332 390 354 autent
407 328 499 362 plures
513 332 540 356 et
558 329 646 362 magni
661 329 723 362 viri,
741 334 794 356 tam
809 329 906 364 priscis
923 337 1005 364 quam

218 373 323 401 nostris
347 374 527 408 temporibus,
546 376 684 402 Orationes
706 381 769 403 ante
786 375 835 403 nos
848 376 882 403 de
898 376 1008 403 humili-

218 424 275 446 tale
296 419 449 452 habuerint,
469 427 547 447 nemo
562 425 653 448 tamen
671 429 788 455 unquam
814 423 906 450 omnia
926 423 1007 451 dixit.

218 465 297 499 Atqui
323 465 380 492 Suis
405 465 478 492 lll‘JlIt
501 466 674 494 orationibus
696 475 778 502 quant
801 468 910 503 egregie
928 472 1008 503 putas

219 511 376 538 ornarunt?
395 510 498 538 Tamen
522 519 583 544 cum
600 513 706 549 angelis
728 521 759 541 ea
779 514 889 548 degens,
909 514 1009 542 nimio—

218 563 284 590 pere
307 564 388 590 supra
404 557 499 585 laudes
513 566 610 586 omnes
624 567 683 594 qum
709 560 760 595 ipsi
778 561 936 588 tribuuntur
954 561 1007 589 sita

218 607 271 629 est.
292 602 401 630 Scimus
418 605 501 638 igitur
526 605 587 633 illos
606 606 738 640 prmclare
764 607 880 641 locutos,
901 607 923 635 si
947 608 1009 643 quis

218 653 245 675 et
261 649 381 684 ipsorum
398 651 537 678 hominum
553 656 580 678 et
594 653 747 679 orationum
762 653 816 680 vim
830 658 945 688 spectet,
960 654 1008 681 sed

219 695 300 722 iidem
319 696 422 724 scimus
438 702 465 724 ct
480 698 551 725 banc.
577 699 706 725 virtutem
723 706 771 726 eos
787 699 833 734 qui
858 699 960 735 aliquid
978 700 1010 728 de

219 749 251 768 ea
274 742 366 769 dicere
385 748 531 775 conantur,
554 744 699 778 cupiditati
714 752 772 772 suae
797 745 909 773 minime
932 753 1012 780 pares

220 787 371 815 declarare.
397 789 581 822 Quamobrem
602 788 749 818 manifesto
770 795 856 825 patet,
874 792 1009 819 neminem

220 834 247 862 id
271 839 474 868 assecuturum,
498 841 527 862 ut
548 844 581 864 ex
605 836 738 871 dignitate
755 838 788 864 de
809 837 859 866 bac
881 838 1009 866 disserat.

222 881 328 916 Quippe
343 881 470 909 virtutem
487 889 535 924 per
546 890 575 910 sc
590 887 644 910 tam
660 883 808 919 egregiam,
822 888 876 911 tam
890 884 1011 919 splendi-

222 927 295 962 dant,
314 932 367 955 tam
390 929 503 956 omnino
520 929 620 956 bonam
639 933 666 956 et
678 929 869 962 excellentem,
884 938 1008 966 quasnam

222 981 331 1008 square
347 976 434 1009 possit
452 975 542 1003 oratio
553 976 567 1002 τ
582 974 637 1003 Nec
650 980 739 1003 tamen
759 977 860 1004 idcirco
875 976 1010 1005 silendum

222 1022 372 1054 universis,
395 1024 441 1050 sed
465 1030 577 1057 prorsus
599 1030 614 1050 e
630 1024 770 1051 contrario
786 1024 899 1051 dicenda
915 1023 1012 1052 confe-

174 1102 182 1109 ι
222 1068 363 1103 rendaquc
375 1069 402 1096 in
420 1070 550 1102 medium,
563 1077 733 1104 quascunque
749 1065 865 1106 proferri
884 1075 1011 1106 possunt.

220 1115 351 1144 Fortasse
366 1116 501 1151 quispiam
527 1124 581 1144 non
605 1117 722 1145 celebris
745 1122 839 1145 orator
854 1119 886 1145 de
899 1126 930 1146 ea
947 1117 1010 1153 quid

222 1162 323 1189 dixerit
337 1163 371 1190 ab
389 1162 447 1196 ejus
459 1163 610 1190 eminentia
624 1171 676 1191 non
692 1163 824 1197 alienum,
836 1170 862 1191 et
871 1164 941 1192 alius
953 1173 1013 1192 rur‘

222 1216 294 1241 sum,
312 1209 450 1242 similiter,
466 1209 621 1244 iterumque
636 1209 763 1238 fortassis
778 1215 805 1238 et
817 1211 897 1238 alius.
914 1210 980 1238 Nam
996 1219 1010 1238 a

223 1255 330 1282 ratione
351 1263 404 1282 non
421 1255 560 1285 abhorret,
576 1256 693 1290 aliquem
719 1264 772 1284 una
788 1255 815 1283 in
831 1262 909 1291 parte
927 1256 1013 1291 magis

221 1302 297 1329 illam
308 1306 470 1329 ornatorum
487 1310 568 1336 quam
582 1303 648 1330 alios
661 1303 708 1330 illo
721 1303 935 1337 prastantiores.
950 1303 1012 1330 Vidi

221 1348 348 1381 equidem
372 1348 424 1375 hoc
448 1348 528 1375 rebus
546 1348 573 1375 in
596 1349 726 1376 omnibus
750 1349 872 1381 evenire,
892 1356 942 1376 nec
957 1357 1011 1376 non

223 1401 284 1420 eum
308 1393 393 1421 feram
412 1399 533 1428 nactum,
552 1395 597 1429 qui
619 1403 672 1422 non
690 1396 834 1423 admodum
851 1401 909 1423 arte
922 1396 1013 1431 sagit-

225 1440 300 1467 tandi
310 1440 472 1475 excelleret,
487 1449 519 1469 ac
533 1441 640 1470 felicius
655 1442 763 1477 quidem
775 1442 817 1470 vel
834 1442 893 1478 ipso
907 1442 1013 1470 Teucro

223 1491 252 1513 et
271 1485 316 1513 l‘da
333 1486 436 1521 prisco,
454 1491 481 1515 et
496 1487 518 1516 si
537 1488 600 1522 quis
619 1488 690 1516 alios
703 1495 769 1516 arcu
788 1489 933 1516 maximam
949 1489 1014 1516 ade-

223 1537 290 1569 ptus
298 1537 340 1560 est
351 1533 476 1568 gloriam.
489 1534 660 1569 Quapropter
671 1541 766 1562 omnes
777 1533 901 1562 conferre
913 1534 1014 1562 debent

1059 291 1114 310 σειε
1129 284 1179 316 τὰς
1195 285 1239 310 ἀεὶ
1252 285 1471 318 κατεπειγούσας
1482 285 1620 319 ἀνάγκας,
1636 285 1746 312 Πολλῶν
1763 285 1792 312 δὲ
1808 285 1855 312 δν-

1059 339 1114 357 των
1129 331 1176 357 καὶ
1192 331 1319 366 μεγάλων
1334 331 1389 357 τῶν
1405 331 1469 366 περὶ
1482 331 1739 366 ταπεινοφροσύνης
1758 339 1855 365 προει-

1062 377 1186 411 ρηκότων
1202 379 1250 404 καὶ
1265 378 1294 403 ὲν
1309 378 1364 409 τοῖς
1379 377 1476 409 πάλαι,
1492 377 1540 404 καὶ
1551 378 1580 404 ὲν
1595 377 1651 409 τοῖς
1673 377 1735 410 νῦν,
1764 377 1856 408 οὐδεὶς

1058 424 1166 451 οὐδέπω
1179 424 1209 450 τὸ
1219 425 1273 450 πᾶν
1285 424 1392 459 εἴρηκε,
1415 424 1512 450 Καίτοι
1527 424 1584 456 τοῖς
1600 423 1666 458 παρ’
1682 423 1790 451 ἑαυτῶν
1811 423 1856 449 λόέ

1059 479 1119 505 γοις
1139 471 1199 502 πῶς
1214 471 1265 498 οἴει
1284 471 1389 506 ταύτην
1408 471 1590 506 ὲκόσμησανς
1615 471 1689 497 Ἀλλ’
1714 471 1762 506 ἥδε
1795 473 1854 503 τοῖς

1059 517 1191 550 ἀγγέλοις
1206 518 1436 552 συνδιαιτωμὲνη,
1455 517 1525 552 μετὰ
1540 517 1643 552 πολλῆς
1658 517 1709 551 τῆς
1734 517 1856 552 ὑπερσο-

1059 564 1108 598 λῆς
1128 564 1292 599 ὑπέρκειται
1308 564 1362 590 τῶν
1387 563 1447 590 κατ’
1467 563 1555 598 αὐτῆς
1578 564 1737 598 ἐγκωμίων.
1758 564 1854 598 Ἰσμεν

1057 612 1148 638 τοίνυν
1165 610 1288 641 ἐκείνους
1307 611 1356 645 μὲν
1373 611 1466 641 καλῶς
1484 611 1625 642 εἰπόντας,
1639 611 1721 642 εἴτις
1736 612 1776 642 είς
1802 611 1854 645 τὴν

1059 657 1114 683 τῶν
1143 656 1298 692 ἀνθρώπων
1315 658 1363 683 καὶ
1388 656 1439 692 τὴν
1454 657 1510 683 τῶν
1527 656 1616 690 λόγων
1643 657 1720 691 ἰσχὺν
1739 656 1831 683 ἀπίδοι
1845 664 1854 672 ·

1060 703 1141 739 ἴσμεν
1154 704 1182 730 δὲ
1197 704 1244 730 καὶ
1262 703 1365 737 ταύτην
1383 703 1432 738 τὴν
1449 703 1551 737 ἀρετὴν
1572 702 1640 729 πολὺ
1661 703 1779 729 κατόπιν
1803 704 1855 737 τῆς

1061 750 1219 785 προθυμίας
1234 749 1435 777 ἀποδεικνῦσαν
1446 749 1509 781 τούς
1521 757 1553 783 γε
1568 749 1632 784 περῖ¹
1656 749 1743 783 αὐτῆς
1761 757 1788 775 τι
1812 748 1856 774 λέ-

1060 805 1119 831 γειν
1134 796 1354 832 ἐπιχειροῦντας.
1382 796 1464 823 Ὥστε
1480 796 1599 831 φανερὸν
1623 796 1691 830 ἡμῖν
1716 795 1855 830 γίγνεται,

1063 841 1125 878 μήδ’
1149 842 1270 868 ὁντινοῦν
1292 842 1459 877 δυνήσεσθαι
1483 842 1531 868 τὸν
1561 841 1623 868 κατ’
1642 841 1723 874 ἀξίαν
1751 841 1854 868 εἰπεῖν.

1068 889 1166 924 Ἀρετῇ
1179 888 1234 924 γὰρ
1253 888 1324 924 οὔσῃ
1340 888 1402 915 καθ’
1413 889 1498 924 αὐτὴν
1512 888 1584 915 οὕτω
1595 889 1679 924 καλῇ,
1699 887 1773 915 οὓτω
1786 888 1856 921 λαμ-

1061 936 1129 970 πρᾷ,
1143 934 1215 962 οὕτω
1231 935 1320 962 πάντα
1335 935 1425 970 ἀγαθῇ
1439 936 1487 962 καὶ
1497 934 1634 970 βελτίστῃ,
1646 934 1690 965 τίς
1707 934 1740 961 ἂν
1755 934 1856 966 ἐξισωα

1059 981 1123 1016 θείη
1137 981 1202 1007 ποτε
1213 981 1308 1015 λόγοςς
1331 980 1368 1007 Οὒ
1396 981 1451 1016 μήν
1478 989 1509 1015 γε
1537 980 1582 1007 διὰ
1611 979 1692 1006 τοῦτο
1719 979 1858 1014 προσήκει

1062 1028 1141 1063 σιγὴν
1160 1027 1223 1060 τοὺς
1239 1028 1366 1060 ἅπαντας
1392 1029 1482 1061 ἄγειν,
1501 1027 1570 1054 ἀλλὰ
1591 1026 1750 1053 τούναντίον
1778 1027 1858 1054 ἃπαν

1060 1075 1154 1109 λέγειν
1162 1083 1192 1101 τε
1206 1074 1255 1101 καὶ
1277 1074 1469 1109 συνεισφέρειν
1493 1073 1524 1100 τδ
1538 1072 1609 1100 κατὰ
1625 1073 1753 1106 δύναμιν.
1778 1073 1858 1108 Τάχα

1062 1130 1103 1153 τις
1118 1121 1183 1156 περὶ
1202 1121 1289 1156 αὐτῆς
1309 1120 1424 1148 καὶτῶν
1439 1120 1488 1147 οὐκ
1505 1121 1546 1152 εἰς
1568 1119 1664 1154 λόγους
1678 1120 1859 1153 εὐδοκιμούν-

1060 1176 1116 1194 των
1128 1168 1186 1204 ὲρεῖ
1196 1167 1234 1202 μὴ
1246 1167 1364 1202 πάμπαν
1377 1167 1481 1202 ἀπᾷδον
1495 1165 1541 1192 τοῦ
1558 1165 1664 1200 ταύτης
1683 1165 1770 1200 ὕψους
1784 1173 1792 1180 ⁸
1809 1165 1858 1191 καὶ

1061 1215 1142 1245 ἄλλος
1156 1212 1236 1246 αὖθις
1249 1213 1350 1249 ὁμοίως
1367 1221 1374 1228 '
1395 1215 1442 1240 καὶ
1456 1213 1538 1240 πάλιν
1550 1213 1644 1248 ἕτερος
1659 1212 1735 1244 ἴσως.
1752 1212 1789 1239 οὗ
1801 1212 1860 1246 γὰρ

1061 1262 1176 1294 ἀπεικὸς
1188 1261 1233 1288 τὸν
1251 1261 1325 1287 δεῖνα
1345 1260 1387 1287 ἑνί
1413 1268 1452 1295 τῳ
1483 1261 1563 1294 μέρει
1578 1259 1691 1295 ζταύτην
1715 1258 1859 1293 κοσμῆσαι

1062 1308 1133 1343 ὑπὲρ
1148 1309 1213 1340 τοὺς
1231 1307 1357 1343 μείζους.
1378 1305 1455 1334 Εἶδον
1471 1307 1548 1333 τουτὶ
1559 1306 1724 1340 γιγνόμενον
1741 1305 1787 1332 ἐπὶ
1803 1304 1860 1331 τῶν

1063 1354 1201 1386 ἁπάντων,
1215 1354 1263 1381 καὶ
1282 1352 1454 1388 τετυχηκότα
1468 1352 1566 1387 θηρίου
1578 1352 1615 1387 μὴ
1629 1351 1701 1378 πάνυ
1717 1350 1860 1386 Θαυμαζό-

1066 1408 1147 1435 μενον
1166 1400 1213 1426 ἐπὶ
1229 1398 1338 1434 τοξικῇ,
1361 1399 1473 1433 ἄμεινον
1488 1395 1565 1432 οἶμαι
1583 1397 1632 1423 καὶ
1647 1396 1782 1431 Τεύκρου,
1808 1396 1860 1422 καὶ

1065 1447 1125 1474 Ἴδα
1141 1445 1189 1473 τοῦ
1203 1445 1334 1478 παλαιοῦ,
1350 1444 1398 1472 καὶ
1414 1445 1442 1471 εῐ
1455 1453 1496 1475 τις
1517 1444 1597 1476 ἄλλος
1612 1443 1659 1470 ἐπὶ
1682 1444 1740 1470 τοῖς
1767 1441 1860 1475 τόξοις

1066 1493 1202 1529 μεγίστην
1212 1492 1346 1527 κέκτηται
1363 1491 1457 1524 δόξαν.
1475 1490 1558 1517 Ὥστε
1578 1489 1621 1516 δεῖ
1637 1489 1701 1520 τοὺς
1732 1488 1860 1519 ἅπαντας

1065 1538 1264 1573 συνεισφέρειν,
1277 1537 1342 1564 ὅταν
1358 1537 1388 1563 τδ
1406 1538 1461 1563 πᾶν
1476 1535 1649 1568 ἐνδείξασθαι
1671 1534 1706 1562 τὰ
1721 1533 1776 1561 τῶν
1798 1542 1861 1568 μει-

225 1586 286 1606 cum
315 1579 485 1607 declaranda:
505 1579 544 1607 rei
571 1580 619 1607 toti
642 1580 775 1615 majorum
799 1581 939 1609 orationes
961 1588 1013 1609 non

1068 1584 1151 1617 ζόνων
1170 1584 1221 1611 οὐκ
1239 1583 1343 1618 ἐξαρκῇ
1357 1590 1364 1597 ·
1375 1582 1427 1609 κᾶν
1439 1581 1597 1618 προσθῶσιν
1613 1581 1730 1611 ἕκαστος
1745 1580 1779 1607 τὰ
1791 1580 1860 1615 παρ’

225 1625 375 1658 sulllciunt,
400 1633 432 1653 ac
456 1626 591 1662 siquidem
616 1634 664 1654 sua
687 1626 803 1662 quisque
825 1627 967 1662 adjecerit,
985 1632 1014 1656 et

225 1676 352 1707 congesta
365 1671 467 1700 fuerint
481 1673 602 1700 omnium
618 1672 701 1706 dieta,
716 1673 793 1707 quasi
810 1681 858 1708 per
872 1673 1014 1701 collectam

225 1719 384 1754 quamdam,
399 1719 575 1754 ipsorumque
588 1724 726 1748 oratorum
737 1728 783 1748 ora
796 1716 852 1748 visa
868 1720 970 1748 fuerint
984 1728 1014 1748 os

226 1773 312 1793 unum
327 1773 400 1799 esse,
415 1766 531 1794 fortasse
550 1767 664 1801 propius
680 1767 857 1799 accesserint,
876 1767 907 1794 de
920 1774 950 1794 ea
968 1766 1014 1802 qui

226 1813 375 1845 disserunt,
395 1813 430 1840 ad
449 1814 513 1845 hoc,
533 1818 563 1840 ut
576 1813 688 1840 omnino
707 1813 836 1848 quiddam
854 1819 885 1839 ea
903 1812 1014 1848 dignum

226 1859 318 1887 dicere
328 1859 482 1887 videantur.
497 1859 530 1887 Et
543 1859 654 1895 quidem
669 1859 806 1891 usuvcnit,
832 1863 861 1886 ut
878 1858 1014 1893 aanigmali

227 1905 369 1932 consimile
380 1906 426 1938 sit,
440 1906 510 1933 banc
524 1907 597 1933 circa
607 1906 735 1933 virtutem
751 1905 823 1940 quod
834 1904 943 1932 accidit.
956 1903 1014 1931 Non

226 1950 298 1977 enim
311 1949 384 1977 illam
403 1958 437 1978 ex
452 1950 586 1985 dignitate
602 1951 776 1983 admirando,
794 1950 941 1978 maximam
954 1957 1015 1978 esse

227 1995 379 2028 declarant,
396 1995 444 2023 scd
463 1997 524 2024 (llltll
542 1997 643 2031 pariter
658 2003 753 2024 omnes
773 2004 831 2024 earn
849 1996 1015 2023 convenien-

227 2046 269 2069 ter
290 2041 400 2070 laudare
416 2048 564 2076 nequeunt,
586 2043 687 2069 nullam
705 2042 857 2069 orationem
874 2048 954 2076 posse
970 2048 1017 2068 su-

226 2087 390 2115 blimitatem
418 2087 497 2122 bujns
528 2088 650 2122 assequi,
671 2087 827 2115 ostendunt.
852 2078 909 2120 Quo
932 2087 960 2114 ﬁt
986 2091 1016 2114 ut

227 2134 342 2162 omnino
363 2134 419 2161 sint
437 2134 493 2162 lia-c
514 2135 651 2169 :cnigmati
673 2135 785 2167 similia,
802 2134 945 2169 jsiquidcm
967 2141 1016 2169 per

227 2188 282 2208 non
299 2181 494 2208 convenientes
510 2181 602 2208 laudes
617 2181 789 2208 convenicnli
803 2187 903 2208 corona
925 2187 955 2208 se
972 2187 1017 2207 rc-

228 2227 318 2255 dimit.
335 2226 453 2263 Ideoque
465 2232 574 2262 rogatos
595 2227 737 2255 auditores
748 2227 881 2258 volumus,
905 2234 938 2254 ne
951 2227 1015 2262 quid

1067 1631 1182 1663 ἑαυτῶν,
1194 1630 1240 1657 καὶ
1255 1628 1403 1664 συνενεχθῇ
1415 1629 1449 1656 τὰ
1463 1628 1575 1655 πάντων
1584 1627 1622 1659 ὡς
1636 1628 1666 1660 ἐξ
1680 1627 1794 1661 ἐράνου,
1810 1627 1861 1653 καὶ

1066 1677 1096 1704 ἓν
1105 1685 1136 1711 γε
1146 1676 1210 1712 δόξῃ
1220 1675 1308 1711 στόμα
1317 1675 1350 1702 τὰ
1362 1675 1416 1702 τῶν
1428 1675 1572 1706 εἰπόντων,
1587 1673 1690 1700 ἔλθοιεν
1698 1673 1731 1700 ἂν
1741 1673 1826 1707 ἐγγὺς
1834 1673 1860 1699 οἱ

1067 1723 1134 1758 περὶ
1159 1721 1270 1755 ἐκείνης
1297 1721 1421 1752 εἰπόντες
1439 1720 1486 1747 τοῦ
1508 1720 1600 1754 λέγειν
1614 1720 1681 1751 ὅλως
1699 1718 1776 1752 ἀξιον
1794 1719 1862 1754 περὶ

1065 1770 1184 1803 ταυτησὶ
1190 1768 1275 1802 δόξαι.
1285 1768 1321 1794 Συ
1326 1767 1435 1803 μσαίνει
1443 1768 1476 1803 δή
1488 1775 1514 1793 τι
1524 1767 1613 1794 δοκεῖν
1626 1767 1743 1801 ατνιγμα
1755 1766 1786 1792 τὸ
1795 1766 1860 1801 περὶ

1065 1815 1146 1851 τήνδε
1155 1815 1328 1850 γιγνόμενον.
1341 1814 1378 1841 Οὐ
1395 1814 1449 1848 γὰρ
1466 1813 1504 1848 τῷ
1519 1813 1603 1845 ἀξίως
1615 1813 1768 1847 θαυμάσαι,
1783 1812 1861 1847 μεγί⁹

1068 1871 1135 1897 στην
1150 1861 1253 1896 ταύτην
1271 1858 1355 1887 οὖσαν
1373 1860 1566 1896 ἐμφαίνουσιν,
1580 1859 1638 1886 ἀλλ’
1653 1857 1695 1890 οἷς
1707 1866 1739 1893 γε
1758 1859 1861 1889 πάντες

1067 1907 1135 1942 ὁμοῦ
1154 1906 1201 1933 τοῦ
1223 1906 1409 1941 προσήκοντος
1431 1904 1543 1931 ἐπαίνου
1561 1903 1745 1934 διαπίπτουσι,
1761 1903 1791 1929 τὺ
1805 1911 1857 1936 μην

1066 1952 1130 1979 δένα
1151 1950 1281 1978 δύνασθαι
1311 1950 1388 1983 λόγον
1411 1949 1554 1983 ἐφικέσθαι
1580 1948 1627 1975 τοῦ
1642 1948 1745 1984 ταύτης
1775 1948 1860 1983 ὕψους

1067 1996 1247 2025 δεικνύουσιν.
1262 1996 1345 2022 Ὥστε
1367 1995 1462 2030 σαφῶς
1481 1995 1624 2030 αἰνίγματι
1643 1995 1732 2022 ταῦτα
1756 1994 1858 2028 ἔοικεν,

1067 2045 1092 2071 si
1104 2044 1136 2079 δὴ
1151 2045 1208 2076 τοῖς
1229 2043 1267 2079 μὴ
1281 2043 1456 2078 γιγνομένοις
1482 2043 1606 2074 ἐπαίνοις
1632 2043 1679 2070 τον
1694 2043 1860 2078 γιγνόμενον

1068 2090 1202 2125 στέφανον
1216 2091 1299 2125 ἑαυτῇ
1315 2089 1484 2124 περιτίθησι.
1515 2089 1569 2115 Καὶ
1591 2089 1682 2116 τοίνυν
1707 2088 1861 2124 παραιτού-

1069 2134 1140 2170 μεθα
1154 2135 1217 2167 τοὺς
1230 2135 1381 2170 ἀκροατὰς,
1405 2134 1488 2170 μηδὲν
1508 2134 1638 2170 δυσχερὲς
1655 2134 1860 2169 ἐντεθυμῆσθαι

1068 2181 1133 2215 περὶ
1150 2180 1240 2216 ἡμῶν,
1255 2180 1322 2215 μηδὲ
1342 2179 1511 2214 προπετείας
1521 2179 1632 2214 γραφὴν
1648 2179 1724 2212 ἡμᾶς
1745 2177 1858 2213 γράψα-

1069 2225 1144 2258 σθαι,
1156 2225 1182 2252 οῖ
1193 2225 1431 2261 προὺθυμήθημεν
1444 2225 1530 2252 εἰπεῖν
1548 2225 1613 2259 περὶ
1625 2224 1753 2251 τοσούτου
1771 2224 1864 2258 πράγ-

228 2273 355 2302 acerbius
375 2273 408 2301 de
433 2273 513 2302 nobis
537 2274 667 2309 cogitent,
685 2280 754 2301 neve
779 2273 942 2301 temeritatis
966 2280 1013 2300 nos

1070 2279 1168 2306 ματος,
1181 2271 1206 2297 οι
1223 2272 1273 2305 τὴν
1288 2270 1365 2305 ἰσχὺν
1386 2270 1491 2305 ἀδρανῆ
1512 2269 1692 2305 κεκτημένοι.
1713 2269 1865 2303 Παραιτεῖ-

229 2323 370 2352 accuscnt,
390 2319 437 2354 qui
457 2323 533 2346 tanta
550 2319 584 2346 de
599 2326 628 2346 re
646 2318 836 2347 disserendum
852 2319 1018 2354 cogitaveri-

195 2363 198 2367 ’
228 2373 300 2398 tntis,
323 2373 384 2392 cum
405 2365 477 2392 vires
502 2365 528 2392 in
552 2365 631 2392 nobis
658 2372 726 2392 sane
745 2370 841 2393 tenues
860 2365 936 2399 sint;
955 2372 1016 2392 nam

227 2416 303 2439 recte
321 2419 372 2438 nos
393 2415 527 2439 excusant
545 2419 604 2446 qua:
628 2411 703 2446 prius
723 2410 854 2439 diximus.
873 2410 905 2438 Et
918 2416 1017 2438 ratem

228 2457 275 2491 qui
292 2457 355 2493 jure
370 2457 441 2485 facta
459 2465 475 2486 a
491 2458 571 2486 nobis
583 2458 653 2485 banc
667 2458 871 2486 excusationem
888 2457 1016 2485 arbitror.

228 2503 335 2532 Etenim
361 2504 480 2539 primum
503 2505 529 2531 id
546 2505 617 2540 quod
638 2504 770 2540 compulit
794 2511 845 2532 nos
861 2509 891 2531 ut
913 2503 940 2530 in
966 2503 1018 2531 boc

229 2550 342 2586 pelagus
357 2556 466 2577 nosmet
482 2550 702 2583 immittcrcmus,
713 2558 792 2578 acres
807 2551 840 2578 ad
855 2551 1019 2585 persuaden-

229 2598 294 2624 dum
312 2597 384 2624 vires
403 2596 498 2629 habet,
522 2601 553 2624 ut
569 2597 700 2625 audacter
715 2605 773 2625 rem
796 2597 1018 2632 aggrederentur,

228 2648 257 2670 et
271 2650 381 2671 onmem
396 2643 518 2670 laborem
537 2647 619 2678 atque
635 2643 783 2678 perieulum
799 2651 848 2678 pro
860 2643 911 2671 levi
928 2650 961 2670 ac
976 2647 1019 2671 to-

228 2690 335 2717 lerabili
355 2691 526 2718 duceremus.
543 2690 620 2718 Fecit
635 2690 708 2718 enim
727 2690 780 2718 ltoe
791 2698 867 2718 amor
882 2690 941 2722 lilii,
960 2695 1017 2717 tum

229 2737 332 2763 virtute
343 2736 511 2771 praestantis,
524 2741 580 2764 tum
594 2741 732 2771 sceptrum
746 2736 772 2763 in
786 2736 913 2764 manibus
924 2744 1020 2772 gerens

231 2783 278 2811 tis.
294 2782 398 2811 Deinde
414 2783 646 2812 considerandum
663 2783 716 2811 boc
730 2791 840 2818 quoque
859 2783 943 2810 venit.
960 2782 1017 2810 Non

229 2829 302 2857 enim
314 2830 505 2858 ostentationis
519 2837 601 2858 causa
617 2835 754 2858 certamen
770 2830 821 2858 hoc
834 2829 1018 2864 suscepimus,

230 2881 283 2902 nec
293 2880 325 2902 eo
336 2875 527 2909 spcctabamus
538 2876 572 2902 ab
586 2875 678 2909 initio,
694 2875 766 2911 quod
777 2874 955 2903 admirationi
971 2881 1018 2901 no-

230 2919 277 2948 bis
293 2924 366 2959 esset
381 2920 520 2948 buunilitas
537 2922 602 2957 (non
617 2921 692 2951 enim
707 2929 738 2951 ea
759 2921 861 2950 nostris
881 2919 1015 2966 laudatio-

1067 2326 1114 2344 ται
1128 2317 1182 2352 γὰρ
1203 2317 1292 2349 καλῶς
1313 2317 1347 2343 τὰ
1360 2316 1562 2352 προειρημένα.
1595 2316 1650 2343 Καὶ
1665 2315 1752 2353 ἄλλως
1768 2314 1797 2341 δὲ
1814 2315 1865 2342 σὺν

1068 2364 1107 2400 τῷ
1118 2364 1216 2397 δικαίῳ
1231 2363 1281 2400 τὴν
1295 2365 1354 2391 νυνὶ
1369 2363 1539 2398 παραίτησιν
1552 2361 1721 2397 γεγενῆσθαί
1737 2370 1783 2396 μοι
1797 2362 1863 2397 φαί-

1068 2418 1156 2437 νεται.
1190 2409 1303 2445 Πρῶτον
1328 2409 1378 2444 μὲν
1395 2409 1451 2444 γὰρ
1476 2408 1507 2435 τδ
1536 2406 1688 2434 συνελάσαν
1721 2407 1796 2442 ἡμᾶς
1824 2407 1866 2437 εἰς

1069 2457 1144 2484 τοῦτ’
1157 2457 1269 2492 ἀφεῖναι
1286 2457 1316 2482 τὸ
1332 2455 1451 2489 πέλαγος
1464 2455 1550 2482 δεινόν
1566 2463 1592 2481 τι
1618 2454 1726 2481 πείθειν
1746 2453 1864 2488 τολμᾷν,

1069 2505 1118 2531 καὶ
1133 2504 1222 2531 πάντα
1234 2504 1316 2530 πόνον
1331 2503 1380 2529 καὶ
1396 2502 1520 2529 κίνδυνον
1534 2501 1637 2536 κοῦφον
1662 2500 1791 2535 ἡγεῖσθαι
1813 2499 1863 2526 καὶ

1069 2550 1189 2586 φορητόν
1205 2558 1212 2566 ι
1249 2549 1345 2581 παιδὸς
1359 2549 1414 2584 γὰρ
1446 2548 1569 2584 φίλτρον,
1596 2547 1646 2574 καὶ
1667 2545 1784 2580 ἀγαθοῦ,
1815 2545 1864 2572 καὶ

1070 2597 1211 2632 σκῆπτρον
1231 2596 1340 2631 ἔχοντος
1353 2597 1382 2622 ἐν
1396 2597 1487 2631 χεροῖν
1500 2603 1508 2612 ·
1532 2595 1630 2621 ἔπειτα
1646 2594 1694 2621 καὶ
1708 2592 1788 2621 τοῦτο
1802 2601 1867 2619 σκο-

1070 2644 1132 2669 πεῖν
1147 2642 1199 2671 δεῖ.
1211 2643 1249 2670 οὺ
1265 2643 1320 2678 γὰρ
1335 2642 1368 2677 δὴ
1381 2642 1443 2668 κατ’
1461 2641 1592 2674 ἐπίδειξιν
1602 2641 1672 2676 πρὸς
1683 2640 1792 2667 τουτονὶ
1816 2640 1864 2666 τὸν

1070 2687 1152 2716 ἆθλον
1167 2689 1377 2722 ἀπεδυσάμεθα,
1393 2689 1453 2715 οὐδὲ
1486 2688 1517 2715 τδ
1540 2688 1683 2723 θαυμάσαι
1698 2686 1749 2722 τὴν
1767 2695 1866 2713 ταπει-

1070 2733 1242 2770 νοφροσύνην
1256 2734 1343 2765 οὕτως
1363 2734 1458 2765 ἁπλῶς
1472 2733 1595 2764 ὁσκοπὺς
1609 2734 1678 2768 ἡμῖν
1693 2732 1812 2767 ἐξαρχῆς
1828 2729 1864 2767 ἧν

1071 2779 1140 2809 (οὐδὲ
1155 2780 1209 2815 γὰρ
1222 2779 1308 2806 δεῖται
1320 2779 1374 2806 τῶν
1385 2770 1450 2813 παρ’
1468 2779 1547 2814 ἡμῶν
1557 2778 1678 2806 ἐπαίνων
1690 2778 1783 2813 ἐκείνη
1802 2776 1859 2812 ys)’

1070 2826 1130 2853 ἀλλ’
1147 2827 1222 2858 ὅπως
1238 2827 1307 2861 αὕτη
1329 2827 1437 2860 γένοιτο
1461 2825 1500 2861 τῷ
1520 2825 1597 2852 παιδὶ
1623 2825 1700 2860 φίλη,
1725 2824 1864 2856 καλλίστη

1070 2871 1157 2905 τούτῳ
1175 2872 1291 2906 φανεῖσα
1307 2878 1314 2886 ·
1329 2871 1376 2897 καὶ
1391 2870 1508 2906 ζητηθῇ,
1530 2870 1574 2897 διὰ
1587 2871 1617 2897 τὸ
1634 2869 1772 2904 φιλεῖσθαι
1789 2877 1796 2884 '
1813 2869 1864 2895 καὶ

1073 2917 1174 2954 εὑρεθῇ
1185 2926 1238 2944 που
1254 2917 1363 2950 πάντως
1379 2917 1465 2954 αὐτῷ,
1480 2917 1633 2950 σπιυδαιως
1653 2916 1756 2952 ταύτην
1775 2915 1865 2951 ἰχνεύ-
