1937 3078
132 115 185 147 533

817 118 961 150 ORATIO
980 119 1049 151 VH.

1709 121 1760 152 534

131 179 189 198 οντι
205 181 212 187 ·
227 172 274 199 καὶ
287 172 302 208 ἡ
311 172 409 207 κτῆσίς
422 181 453 207 γε
467 173 554 208 αὐτῆς
578 173 711 208 χαρίεσσα
734 182 777 206 τις
808 174 923 208 γένηται

979 174 1058 201 nibus
1075 174 1199 210 indiget),
1216 175 1263 202 sed
1279 179 1308 202 ιιι
1331 175 1386 202 lilio
1410 176 1491 204 chara
1513 177 1568 209 tint,
1585 178 1640 204 visa
1658 184 1681 204 et
1702 177 1761 211 pul-

131 218 182 244 καὶ
198 219 294 254 ἡδίστη
308 219 352 245 διὰ
366 220 416 255 τὴν
435 220 505 254 μετὰ
519 220 640 255 σπουδῆς
658 220 776 256 ζήτησιν
787 228 793 234 ·
809 222 856 248 καὶ
872 231 924 256 φυ-

131 263 219 299 λαχθῇ
233 264 386 298 φιλοπόνως
402 265 456 292 τῶν
468 266 623 301 εἰρημένων
638 266 720 293 ἕνεκα
738 267 856 294 πάντων.
869 267 924 294 Τοῦ

132 308 189 344 γὰρ
204 309 242 339 ὥς
265 309 362 344 ἔτυχεν
391 311 551 345 εὑρεθέντος
566 312 627 338 οὐδὲ
654 312 721 339 πολύ
741 321 767 339 τι
796 312 923 347 δάκνονῆ

132 353 259 389 λυπηρὸν
273 356 289 389 ἡ
308 356 438 391 στέρησις
460 357 635 390 καθίσταται,
647 359 671 384 εἰ
694 359 741 385 καὶ
756 359 825 392 ταχὺ
843 367 925 394 μετα-

134 400 229 434 σταίη,
241 400 296 434 ὄγι
313 401 362 428 καὶ
378 402 484 436 συχνῶς
499 402 573 436 φιλεῖ
590 403 744 437 γίγνεσθαι.
766 403 826 430 Κᾶν
893 405 924 430 τὺ

134 447 229 481 κτῆμα
255 448 454 482 πνευματικὸν,
470 449 575 484 πτηνοῦ
599 458 673 482 τινος
693 449 771 484 δίκην
794 451 925 482 πολλάκις

134 492 286 527 ἀφίπταται
302 494 351 528 τῆς
362 495 464 530 ψυχῆς,
479 497 526 523 καὶ
540 496 600 523 οὐδὲ
617 497 776 524 αἰσθάνεται
790 499 804 524 ὁ
819 498 856 533 μὴ
875 499 924 525 σὺν

135 538 212 573 πόθῳ
226 540 409 574 κτησάμενος,
423 540 512 568 δεινόν
527 550 554 568 τι
572 541 729 573 πεπονθώς.
756 541 806 576 Εἵη
827 542 855 569 δέ
883 551 924 569 σοι

133 584 174 619 τῷ
189 585 312 620 φιλτάτῳ
322 587 394 613 κατὰ
405 586 454 618 τὰς
466 587 580 621 ἐλπίδας
592 587 708 622 ἐκϐῆναι
721 587 756 614 τὰ
772 588 838 622 παρ’
847 587 925 622 ἡμῶν

133 631 281 666 εἰρημένα.
297 632 352 659 Καὶ
367 634 391 659 εἰ
405 633 535 668 δόξαιμεν
547 635 629 669 ἡμεῖς
645 635 715 669 μήτε
729 634 763 661 τὰ
776 633 868 660 δέοντα
882 634 926 660 εὐ-

135 678 249 713 ρηκέναι
268 679 332 714 περὶ
348 679 464 714 ταυτησὶ
475 680 527 715 τῆς
555 680 621 715 ὕλης
651 681 751 710 εἰπεῖν.
769 680 837 715 μήτε
871 680 925 714 μὴν

133 725 170 751 τὰ
189 725 337 761 εὑρεθέντα
362 727 455 758 καλῶς
479 727 600 762 ἁρμόσαι
624 727 693 762 πρὸς
717 727 831 761 ἄλληλα,
857 728 925 763 μήτε

134 773 276 806 εἰρηκέναι
287 773 372 800 ταῦτα
391 774 439 800 :r‘uv
455 774 564 809 κόσμῳ,
585 774 656 801 ὥστε
671 775 836 810 ὲῤῥωμένως
852 774 925 809 ἔχειν

135 817 179 851 ἐφ’
191 815 231 849 οἷς
242 818 318 845 πόλλ’
333 819 470 854 ἐμόγησα.
493 819 654 854 Ὁμηρικῶς
671 821 759 847 εἰπεῖν
775 828 781 835 ·
795 821 826 847 οὐ
844 821 924 855 μόνον

135 864 234 898 πράι--ς
249 865 369 900 οἴσομεν,
386 866 454 893 ἀλλὰ
466 866 513 893 καὶ
529 868 610 902 χάριν
624 867 767 902 ἀνοίσομεν
778 867 817 902 τῷ
832 868 925 894 τοιαύ-

135 917 187 943 την
203 910 330 937 δεδωκότι
346 920 387 938 σοι
417 912 509 947 χάριν,
537 913 575 944 ὠς
603 913 768 948 ὡφελεῖσθαι
793 913 924 941 δύνασθαι

135 957 316 992 πανταχόθεν,
332 958 380 984 καὶ
398 955 439 990 οἷς
455 959 505 986 οὒκ
517 959 550 985 ἂν
563 959 668 994 ἕτερος.
679 959 760 994 Ἡμῖν
776 960 798 987 δ’
809 959 925 987 ἐνταῦθα

134 1004 295 1038 γινομένοις
313 1004 361 1031 τοῦ
380 1005 460 1038 λόγου
481 1005 560 1037 ὄκνος
580 1015 622 1038 τις
647 1006 794 1042 ἐπέρχεται
819 1008 926 1042 Θαυμα-

136 1049 212 1082 στὸς,
229 1051 277 1076 καὶ
290 1051 434 1087 ἀποπηδᾷ-ι
447 1053 578 1086 παραινεῖ
591 1053 631 1083 εἰς
653 1054 702 1088 τὴν
727 1053 864 1089 ἡμετέραν
878 1055 925 1080 αὑ-

135 1096 192 1123 τῶν
206 1097 320 1132 δύναμιν
332 1097 467 1133 ἀφορῶσι,
481 1100 530 1126 καὶ
543 1100 573 1126 τὸ
587 1100 634 1126 τοῦ
653 1101 819 1136 πράγματος
843 1102 926 1136 μέγε-

137 1143 194 1174 θος.
230 1143 362 1180 Ἐνταῦθα
382 1145 437 1180 γὰρ
459 1146 489 1172 τὸ
521 1136 653 1181 δυσῇερὲς
673 1147 745 1174 οὕτω
764 1148 850 1175 νικῶν
867 1150 925 1175 ἐστι

138 1189 199 1223 μεθ’
214 1190 380 1224 ὑπερϐολῆς,
397 1191 435 1221 ὡς
449 1191 526 1218 οὐδὲν
541 1192 648 1227 ἕτερον.
664 1192 730 1220 Λύει
743 1201 772 1220 τε
784 1194 838 1228 γὰρ
850 1194 925 1220 τόνον

135 1234 237 1270 ψυχῆς,
254 1236 300 1262 καὶ
311 1239 405 1270 χαυνοῖ
419 1237 481 1269 τοὺς
492 1237 653 1273 λογισμοὺς,
669 1240 716 1266 καὶ
730 1240 779 1275 τὴν
805 1240 925 1268 διάνοιαν

136 1281 248 1308 ἔκλυτον
276 1283 434 1316 ἀποφαίνει,
457 1283 504 1314 Τίς
529 1283 584 1319 γάρ
615 1284 687 1311 οὕτω
718 1287 783 1318 παῖς
808 1286 892 1320 ἐστιν,
907 1288 924 1323 ἢ

138 1327 233 1362 πόρῤω
262 1337 315 1355 που
338 1328 385 1355 τοῦ
415 1329 520 1360 δέοντος
546 1330 600 1357 ὑπὸ
624 1330 741 1365 θράσους
768 1332 924 1360 ἀκαθέκτου

137 1374 321 1408 παρασυρεὶς,
339 1373 491 1405 ὡςοῖεσθαι
514 1374 641 1408 γλῶτταν
666 1376 761 1410 γήῖνον
788 1377 828 1408 εις
858 1376 924 1410 ὕψος

136 1419 323 1454 ἀναϐήσεσθαι
334 1420 384 1453 τῆς
395 1419 652 1456 ταπεινοφροσῦνης
667 1421 718 1454 ;Τί
732 1421 760 1448 δὲ
776 1423 824 1449 καὶ
839 1422 924 1450 εἰπὼν

137 1467 201 1500 περὶ
216 1466 320 1501 ταύτης
337 1466 410 1493 οὕτω
423 1467 651 1502 μεγαλοπρεποῦς
667 1467 762 1503 οὔσης,
774 1468 858 1503 ἐγγύς
871 1477 923 1496 που

976 221 1113 248 cherrima
1127 229 1135 254 ;
1148 226 1175 249 et
1188 226 1333 256 quaeratur,
1351 223 1479 256 quoniam
1496 223 1578 250 chara
1596 223 1649 256 sit;
1664 227 1691 250 et
1703 230 1761 249 om-

978 266 1042 293 nino
1057 267 1210 294 inveniatur
1226 267 1259 295 ab
1279 275 1322 301 eo,
1335 269 1458 296 studiose
1473 268 1542 295 hanc
1557 269 1702 303 lndagante
1714 279 1721 302 ;
1735 276 1762 296 et

976 312 1108 346 acquisito
1122 312 1181 347 ejus
1195 318 1269 347 grata
1281 314 1316 340 sit
1331 318 1358 341 et
1372 313 1582 348 jucundissima,
1599 321 1708 349 propter
1722 318 1761 342 in-

976 360 1153 395 dagationetn
1178 361 1328 389 studiosam
1344 370 1350 393 ;
1374 366 1401 388 et
1418 360 1563 396 diligenter
1580 362 1760 395 custodiatur,

976 412 1087 441 propter
1103 407 1192 434 omnia
1206 415 1277 434 nunc
1289 407 1419 435 indicata.
1431 407 1497 434 Nam
1513 408 1571 441 ejus
1584 408 1654 439 quod
1667 408 1763 436 inven-

977 456 1034 479 tum
1057 458 1100 480 est
1128 452 1252 485 fortuito,
1279 461 1334 481 non
1354 454 1499 481 admodum
1521 454 1633 481 mordax
1653 459 1696 481 est
1716 458 1764 480 aut

979 498 1094 525 molesta
1113 499 1240 532 privatio,
1262 499 1369 526 tametsi
1388 499 1515 526 celeriter
1531 499 1673 526 amittatur
1690 499 1762 533 quod

977 551 1044 572 sane
1062 544 1220 576 frequenter
1246 545 1304 572 ﬁeri
1322 545 1403 572 solet.
1421 545 1459 572 Ac
1477 540 1609 579 siquidem
1625 552 1668 572 res
1681 545 1763 578 spiri—

977 589 1057 616 tualis
1073 589 1164 623 fuerit,
1189 590 1246 617 avis
1261 590 1348 618 instar
1368 598 1400 618 ex
1426 590 1519 617 animo
1536 591 1633 624 saepius
1650 590 1760 622 avolat;

976 635 1075 670 quique
1088 643 1141 662 non
1160 643 1218 662 eam
1232 644 1292 663 cum
1307 636 1444 663 desiderio
1458 636 1637 670 comparavit,
1652 643 1686 662 ne
1699 643 1761 662 sen-

978 682 1010 707 tit
1021 680 1129 715 quidem
1144 681 1244 715 aliquid
1258 689 1340 716 grave
1356 681 1406 709 sibi
1424 681 1568 709 accidisse.
1584 681 1653 715 Opto
1671 686 1761 708 autem

976 730 1005 752 Ill
1027 726 1074 753 tibi
1096 726 1175 761 longe
1191 726 1257 753 mihi
1276 727 1449 758 charissimo,
1470 734 1500 753 ex
1518 726 1602 753 animi
1619 732 1681 754 voto
1698 733 1761 754 eve-

977 771 1052 798 niant
1069 779 1128 806 qua:
1146 779 1161 799 a
1183 772 1262 799 nobis
1287 771 1359 799 dicta
1378 777 1451 799 sunt.
1475 771 1529 799 Nos
1550 773 1658 807 quidem
1674 773 1695 799 si
1711 779 1763 800 nec

977 817 1115 845 invenisse
1138 817 1291 844 videbimur
1307 825 1366 852 qua:
1382 818 1415 845 de
1435 818 1487 845 hac
1506 818 1620 844 materia
1645 818 1697 845 dici
1713 825 1764 852 par

975 868 1046 896 «rat,
1065 871 1115 891 nec
1133 864 1242 892 inventa
1263 869 1338 892 recte
1353 869 1573 899 coagmentassc,
1589 872 1638 891 nec
1655 871 1687 892 ea
1700 872 1762 892 Clllll

976 910 1108 944 dignitate
1124 911 1364 946 cuncinnitateqne
1379 903 1553 946 exposuisse,
1571 911 1655 938 robur
1670 917 1699 938 ut
1715 911 1763 938 ali-

976 947 1042 989 quid
1061 955 1179 983 habeant
1203 956 1320 988 scilicet,
1346 957 1372 983 in
1391 957 1490 991 quibus
1507 958 1632 992 equidem
1649 957 1762 984 multum

976 1001 1109 1033 laboravi.
1132 1007 1161 1029 ut
1180 1002 1326 1030 Homerico
1342 1003 1425 1030 verbo
1450 1008 1558 1030 utamur
1576 1012 1583 1030 :
1603 1011 1655 1030 non
1674 1004 1762 1031 solum

978 1048 1004 1074 id
1020 1048 1160 1076 commode
1179 1048 1310 1081 feremus,
1322 1057 1415 1077 verum
1431 1050 1512 1077 etiam
1529 1050 1567 1076 illi
1587 1051 1702 1085 gratiam
1717 1051 1764 1077 ha-

977 1094 1115 1126 bebimus,
1131 1094 1176 1128 qui
1191 1095 1271 1122 talem
1291 1095 1339 1122 tibi
1355 1095 1493 1122 concessit
1508 1096 1634 1130 gratiam,
1647 1100 1676 1122 ut
1689 1103 1763 1123 emo-

978 1140 1128 1167 lumentum
1149 1141 1231 1168 rebus
1254 1149 1284 1169 ex
1306 1141 1432 1169 ontnibus
1448 1149 1547 1174 capere
1565 1142 1667 1175 possis,
1691 1146 1717 1168 et
1731 1141 1764 1169 iis

976 1187 1085 1222 quidem
1104 1188 1175 1216 unde
1189 1188 1255 1215 nihil
1270 1188 1314 1215 alii
1331 1188 1435 1216 fructus
1453 1189 1611 1216 acetisserit.
1625 1188 1764 1216 Caeterum

978 1234 1131 1268 progressis
1146 1234 1224 1262 nobis
1234 1235 1267 1261 ad
1283 1235 1353 1262 banc
1368 1235 1501 1262 orationis
1515 1240 1631 1270 partem,
1649 1235 1765 1263 fonnido

976 1281 1098 1315 quasdam
1113 1281 1282 1309 admirabilis
1295 1289 1325 1310 se
1336 1281 1427 1315 oﬁ‘erl,
1440 1281 1573 1316 quasique
1588 1281 1764 1309 resiliendum

976 1327 1010 1355 ab
1021 1328 1148 1356 instituto
1164 1333 1268 1361 monet,
1285 1329 1420 1363 siquidem
1436 1333 1464 1355 et
1479 1329 1550 1355 vires
1566 1333 1674 1356 nostras
1686 1333 1711 1355 et
1726 1328 1766 1355 rei

979 1375 1194 1409 magnitudinem
1212 1380 1336 1409 spectare
1349 1375 1476 1402 velimus.
1492 1374 1596 1410 Quippe
1612 1379 1685 1401 tanta
1697 1373 1767 1401 dilli-

976 1419 1064 1446 cultas
1081 1419 1126 1447 bic
1142 1420 1292 1454 nimiopere
1310 1424 1406 1454 regnat
1425 1424 1528 1455 quanta
1541 1420 1583 1447 vix
1600 1419 1652 1447 alia
1671 1419 1764 1447 fuerit.

976 1465 1043 1493 Nam
1063 1471 1091 1494 et
1113 1466 1197 1493 animi
1212 1468 1415 1494 contentionem
1433 1467 1515 1499 laxat,
1540 1471 1569 1494 et
1586 1466 1768 1502 cogitationes

135 1513 184 1539 τοῦ
199 1514 386 1549 προσήκοντος
400 1514 544 1550 εἰρηκέναι
554 1509 626 1547 δόξει
639 1522 647 1547 ;
675 1514 758 1542 Οὐδὲν
775 1516 830 1551 γὰρ
846 1514 925 1551 οἶμαι

981 1512 1092 1546 frangit,
1111 1517 1139 1540 et
1164 1517 1282 1540 mentem
1307 1513 1462 1548 languidam
1489 1513 1591 1540 reddit.
1606 1513 1672 1546 Quis
1692 1514 1766 1540 cnim

137 1561 249 1596 σεμνὸν,
266 1561 282 1596 ἢ
296 1561 380 1596 μέγα,
394 1562 411 1597 ἢ
429 1562 566 1597 λαμπρὸν,
587 1562 647 1596 μεθ’
662 1563 727 1598 ὅσης
752 1563 864 1589 δύναται
885 1572 927 1594 τις

136 1607 292 1641 ὑπερϐολῆς
311 1609 410 1640 εἰπεῖν,
423 1608 437 1635 ὃ
454 1608 492 1643 μὴ
503 1608 536 1634 ἂν
550 1609 619 1644 πρὸς
632 1609 792 1635 τούναντίον
810 1610 925 1644 περιστῇ

134 1653 175 1688 τῷ
189 1653 345 1688 βουλομένῳ
353 1653 456 1689 ταύτην
465 1655 591 1689 κοσμεῖν,
605 1654 654 1690 τὴν
668 1655 773 1690 ἀέριον,
787 1655 837 1688 τὴν
852 1655 927 1682 αἰθέ-

136 1708 207 1735 ριον,
225 1700 275 1734 τὴν
289 1700 427 1734 οὐράνιον,
443 1700 494 1734 τὴν
514 1700 726 1736 ὑπερουράνιον,
746 1701 797 1735 τὴν
818 1702 847 1727 ὲν
872 1703 927 1733 τοῖς

135 1746 248 1776 κόλποις
269 1745 316 1772 τοῦ
338 1746 444 1780 [lat-pb;
458 1746 506 1772 νῦν
518 1746 658 1778 οἰκοῦσαν,
683 1746 763 1781 εἴπερ
791 1748 805 1773 ό
832 1739 928 1783 Σωτὴρ

135 1793 213 1827 ἡμῖν,
238 1793 251 1818 ό
273 1791 410 1827 θησαυρὸς
437 1792 546 1826 ἐκείνης
577 1792 698 1828 ἁπάσης,
729 1793 926 1828 ὑπερουράνιος

137 1838 258 1874 ἀληθῶς,
275 1839 323 1865 καὶ
336 1839 365 1865 ὲν
376 1839 433 1870 τοῖς
445 1839 494 1865 τοῦ
511 1839 617 1874 Πατρός
632 1839 691 1865 ἐστι
708 1839 830 1870 κόλποις.
848 1840 928 1866 Ἐστι

136 1886 192 1921 γὰρ
213 1887 288 1912 πᾶσα
310 1885 430 1920 ἀνάγκη,
445 1885 568 1921 ὅπουπερ
583 1885 616 1912 ἃν
631 1886 646 1912 ό
659 1886 777 1920 Χριστὸς
793 1886 848 1921 εἴη,
868 1886 928 1912 ἐκεῖ

137 1933 186 1958 καὶ
197 1931 303 1966 ταύτην
315 1928 386 1957 εἶναι
401 1930 546 1966 διηνεκῶς.
564 1931 619 1957 Καὶ
629 1928 664 1966 ἦν
684 1931 782 1966 ἀμέλει
797 1932 826 1958 ὲν
853 1931 928 1967 αὐτῷ

136 1979 151 2004 δ
166 1968 352 2012 ταύτῆςερως
376 1976 525 2011 ὑπερφυῶς
548 1977 596 2003 καὶ
617 1977 670 2011 πρὸ
694 1977 742 2003 τοῦ
769 1977 830 2004 καθ’
854 1978 928 2012 ἡμᾶς

138 2025 243 2051 ἐκεῖνον
255 2023 394 2058 γενέσθαι.
414 2023 444 2050 Εἰ
457 2023 496 2058 μὴ
513 2023 567 2057 γὰρ
583 2021 663 2049 τοῦτο
688 2022 798 2058 ἀληθὲς.
821 2024 872 2050 οὐκ
895 2024 928 2050 ἂν

138 2071 220 2102 αὐτὸς
232 2070 300 2105 ἡμῖν
315 2069 471 2105 ἐπεδήμησε
488 2070 559 2105 μετὰ
570 2069 619 2104 τῆς
632 2070 744 2104 σαρκὸς,
765 2070 861 2101 κλίνας
878 2071 929 2105 μὲν

138 2115 202 2146 τοὺς
216 2114 451 2150 οὐρανοὺς,κατὰ
480 2114 526 2140 τὸν
554 2115 710 2150 προφήτην,
741 2115 876 2150 μηδαμῶς
900 2116 929 2142 δὲ

137 2161 286 2197 χωρισθεὶς
299 2161 354 2187 ⁴τῶν
368 2160 511 2195 πατρικῶν
527 2160 636 2187 κόλπων
653 2168 660 2175 ⁸
678 2161 734 2187 οὐδ’
759 2161 792 2188 ἂν
806 2161 928 2196 ὑπήνεγ-
942 2176 968 2206 D

138 2216 187 2235 κεν
202 2207 274 2242 ὑπὲρ
287 2207 366 2242 ἡμῶν
380 2208 500 2237 ἅπαντα.
520 2206 538 2233 ἃ
552 2207 598 2234 καὶ
612 2207 668 2238 τοῖς
689 2206 795 2239 δούλοις
826 2208 857 2234 οὐ
882 2216 929 2242 φο.

139 2254 220 2290 ρητά.
237 2254 316 2281 Ὠσθ’
329 2254 398 2288 ὅπερ
413 2251 501 2285 εἷπον,
518 2253 719 2289 ὑπερουράνιον
740 2254 930 2281 ἀποδέδεικται

138 2302 169 2327 τδ
182 2301 278 2336 χρῆμα
293 2301 342 2335 τῆς
355 2299 622 2334 ταπεινοφροσύνης.
634 2300 720 2334 Δῆλον
745 2300 774 2327 δὲ
797 2301 846 2328 καὶ
868 2301 929 2328 κατ’

139 2349 242 2375 ἐκεῖνον
256 2349 301 2374 τὸν
316 2348 427 2383 τρόπον.
446 2347 533 2382 ’Υπὲρ
549 2347 602 2383 γὰρ
622 2347 685 2379 τοὺς
702 2347 836 2382 οὐρανοὺς
862 2350 929 2376 ἀνα-

139 2394 285 2429 ϐεϐηκυῖα,
299 2393 344 2420 τὸν
364 2393 562 2428 ὑπερουράνιον
592 2393 629 2425 ὡς
662 2394 738 2429 ἡμᾶς
763 2395 904 2430 κατήγαγε
920 2402 927 2409 ·

141 2440 242 2475 μᾶλλον
256 2440 285 2466 δὲ
300 2439 375 2474 αὖτῷ
396 2438 684 2474 συμπαρομαρτοῦσα,
703 2440 826 2475 ὅπουπερ
852 2441 928 2467 ἐκεῖ·

138 2493 193 2516 νος,
207 2483 332 2519 κάκείνη.
351 2484 434 2515 Εῖτις
459 2484 509 2518 μὲν
523 2481 571 2510 οὖν
594 2485 757 2519 σιωπήσειεν
792 2485 925 2521 ἀκριϐῶς,

139 2531 186 2558 καὶ
202 2530 256 2558 ἁπδ
268 2531 322 2558 τῶν
337 2530 490 2566 προοιμῐων
508 2530 597 2557 αὐτῶν
611 2530 723 2566 εὑρήσει
747 2530 851 2567 ταύτην
864 2532 927 2567 ἥτις

138 2578 208 2609 ἐστὶ,
218 2578 266 2604 καὶ
283 2578 322 2608 εις
335 2578 396 2604 οἴαν
411 2578 442 2612 γέ
458 2586 518 2604 τινα
528 2577 578 2612 τὴν
590 2577 730 2613 ὑπεροχὴν
743 2578 926 2613 ἀναϐέϐηκεν·

138 2625 220 2658 ἡμεῖς
243 2623 271 2650 δὲ
292 2624 462 2659 μακρότερον
474 2625 540 2659 περὶ
555 2623 641 2659 αὐτῆς
658 2624 709 2658 ἥδη
733 2623 868 2660 λέγωμεν,
886 2625 930 2652 ἵνα

139 2669 186 2695 καὶ
200 2669 245 2695 διὰ
257 2668 390 2696 πλειόνων
401 2669 486 2704 αὐτὴν
496 2669 699 2704 κοσμήσαιμεν.
714 2669 752 2696 Τὸ
762 2671 813 2705 γὰρ
822 2670 928 2699 πλξλοσι

139 2715 224 2748 φανὲν
236 2715 335 2750 μᾶλλον
349 2714 484 2749 φιλεῖσθαι
496 2715 601 2742 δίκαιον
615 2714 717 2750 μᾶλλον
735 2715 781 2742 καὶ
795 2715 926 2750 φιλεῖταλ.

980 1559 1047 1586 adeo
1062 1566 1128 1593 puer
1137 1564 1190 1592 est,
1202 1559 1241 1586 vel
1251 1558 1345 1586 ell‘reni
1354 1561 1470 1593 quadam
1483 1559 1596 1587 audacia
1609 1566 1662 1587 tam
1673 1560 1768 1594 procul

979 1610 1056 1632 extra
1074 1605 1167 1632 decori
1180 1605 1281 1633 limites
1296 1605 1435 1639 abreptus,
1452 1609 1481 1633 ut
1495 1606 1615 1641 linguam
1628 1610 1765 1633 terrenam

979 1650 1013 1677 ad
1035 1650 1197 1678 humilitatis
1216 1650 1410 1678 sublimitatem
1428 1657 1643 1678 conseensuram
1662 1651 1765 1685 putet?

979 1697 1108 1732 quidnam
1119 1697 1153 1725 de
1164 1697 1214 1724 bac
1226 1697 1252 1724 in
1266 1697 1385 1724 medium
1402 1697 1554 1731 proierens,
1563 1704 1622 1731 qua:
1633 1704 1699 1724 sane
1711 1702 1766 1724 tam

980 1743 1123 1778 magniﬁca
1132 1747 1224 1776 est,”
1234 1742 1366 1779 dignitate
1375 1743 1477 1771 dixisse
1485 1743 1618 1770 videbitur
1628 1743 1713 1770 ?Nam
1727 1744 1769 1770 ni-
1803 1738 1811 1744 ’

980 1789 1028 1821 hil,
1043 1789 1149 1824 opinor,
1165 1793 1219 1816 tam
1236 1793 1391 1824 augustum,
1410 1789 1450 1816 vel
1465 1797 1607 1824 magnum,
1624 1789 1666 1817 vel
1677 1789 1768 1824 splen-

980 1836 1071 1863 didum
1094 1836 1143 1864 abs
1160 1843 1296 1871 quoquam
1315 1836 1367 1863 dici
1393 1841 1493 1870 potest,
1517 1835 1590 1870 quod
1610 1836 1635 1863 in
1653 1841 1767 1864 contra—

981 1881 1050 1908 rium
1067 1889 1121 1909 non
1146 1883 1225 1909 cadat
1240 1883 1264 1909 ei
1285 1882 1330 1916 qui
1347 1881 1419 1909 itane
1443 1889 1542 1909 ornare
1559 1882 1635 1915 velit,
1653 1883 1767 1916 aeriam.

980 1928 1134 1960 atlteriam,
1154 1928 1307 1961 caelestem,
1322 1928 1438 1956 ultracae
1450 1934 1548 1963 estent,
1561 1929 1587 1956 in
1602 1930 1665 1957 sinu
1679 1930 1769 1958 Patris

982 1983 1054 2002 nunc
1067 1975 1235 2003 habitantem
1254 1984 1261 2003 :
1277 1975 1411 2010 siquidem
1425 1976 1516 2003 omnis
1532 1977 1695 2004 humilitatis
1711 1976 1769 2005 the.

981 2029 1090 2053 saurus.
1112 2021 1243 2049 Servator
1259 2022 1305 2049 ille
1328 2027 1431 2054 noster,
1457 2030 1550 2050 revera
1575 2023 1769 2050 ultracmlestis

981 2073 1035 2101 est,
1056 2073 1084 2097 et
1096 2069 1123 2096 in
1142 2070 1203 2097 sinu
1217 2068 1308 2097 Patris
1322 2073 1520 2096 commoratur.
1538 2069 1642 2103 Quippe
1658 2077 1769 2097 necesse

981 2120 1024 2143 est.
1042 2115 1155 2142 omnino
1180 2119 1210 2142 ut
1226 2115 1383 2150 ubicunque
1401 2115 1527 2143 Chrisms
1543 2120 1596 2148 est,
1622 2116 1720 2143 ibidem
1741 2120 1769 2144 et

983 2159 1040 2187 haec
1055 2165 1186 2195 perpetuo
1202 2160 1248 2188 sit.
1264 2159 1296 2188 Et
1310 2165 1370 2188 erat
1389 2160 1471 2188 dubio
1486 2160 1579 2195 procul
1596 2161 1623 2187 in
1640 2161 1700 2195 ipso
1716 2162 1768 2188 hu-

978 2206 1024 2241 jus
1046 2214 1124 2234 amor
1141 2206 1258 2234 eximius
1273 2207 1356 2234 etiam
1381 2207 1538 2240 priusquam
1564 2207 1651 2234 nostri
1668 2207 1768 2238 similis

981 2253 1070 2281 ﬁeret.
1081 2252 1148 2280 Nam
1161 2253 1184 2281 si
1198 2253 1301 2288 absque
1313 2253 1365 2281 hoc
1380 2252 1487 2286 fuisset,
1498 2253 1532 2280 ad
1547 2261 1596 2282 nos
1609 2261 1672 2282 cum
1684 2261 1769 2281 carne

981 2306 1035 2326 non
1054 2298 1186 2332 venisset,
1201 2298 1341 2326 inclinatis
1355 2299 1463 2333 quidem
1478 2299 1567 2331 cmlis,
1584 2299 1623 2327 uti
1638 2303 1713 2327 vates
1727 2300 1766 2327 lo.-

980 2344 1084 2379 qnitur,
1103 2351 1130 2372 at
1146 2344 1221 2372 nullo
1237 2345 1317 2372 tuodo
1333 2346 1420 2379 patris
1435 2353 1449 2372 a
1468 2347 1528 2373 sinu
1544 2346 1664 2378 avulsus,
1681 2354 1770 2381 neque

983 2398 1031 2425 pro
1043 2391 1124 2419 nobis
1141 2391 1232 2419 omnia
1245 2391 1412 2425 pertulisset,
1426 2399 1475 2419 nec
1487 2391 1631 2426 mancipiis
1646 2391 1767 2419 toleran-

982 2437 1027 2464 da.
1048 2437 1109 2470 Quo
1133 2438 1162 2465 lit
1181 2442 1210 2465 ut
1228 2437 1424 2469 humilitatem,
1449 2445 1499 2465 ceu
1518 2437 1621 2466 dictum
1640 2444 1691 2470 est,
1712 2446 1767 2466 rc'n

982 2484 1123 2511 coalestem
1147 2491 1218 2517 esse,
1241 2484 1277 2511 sit
1300 2484 1537 2518 demonstratum;
1554 2485 1624 2519 quod
1649 2492 1714 2512 sane
1728 2485 1768 2512 vel

983 2530 1034 2557 ltoc
1049 2531 1131 2558 etiam
1151 2531 1232 2558 modo
1252 2530 1424 2564 perspicuum
1444 2537 1496 2559 est.
1512 2530 1579 2558 Nam
1595 2531 1678 2559 cados
1697 2531 1769 2566 ipsos

980 2584 1170 2611 supergressa,
1187 2577 1257 2604 ultra
1269 2577 1408 2604 caelestem
1426 2577 1502 2605 illum
1518 2577 1553 2605 ad
1574 2585 1624 2605 uos
1638 2577 1749 2604 deduxit
1760 2597 1777 2609 ,,

981 2623 1021 2650 vel
1041 2623 1131 2658 potius
1153 2623 1289 2650 cotnitans
1312 2631 1385 2657 eum,
1409 2623 1566 2658 ubicunque
1581 2623 1686 2651 scilicet
1711 2624 1767 2658 ipse

978 2672 1030 2701 est,
1040 2668 1139 2695 ibidcm
1150 2672 1177 2695 et
1189 2668 1258 2703 ipsa.
1268 2667 1344 2701 Quod
1354 2668 1377 2695 si
1389 2668 1451 2703 quis
1462 2672 1589 2695 accurate
1598 2675 1653 2694 rem
1663 2672 1768 2702 specta-

984 2715 1065 2746 verit,
1084 2715 1118 2741 de
1133 2715 1198 2750 ipsis
1212 2715 1341 2745 exordiis,
1354 2722 1478 2748 quamam
1498 2715 1555 2742 haec
1570 2714 1618 2743 sit.
1635 2713 1767 2745 inveniet,

139 2767 168 2790 et
183 2762 292 2796 qualem
312 2761 345 2789 ad
369 2762 544 2789 eminentiam
562 2761 727 2789 ascenderit.
753 2761 808 2789 Nos
830 2766 921 2789 autem
943 2761 1075 2794 prolixius
1091 2762 1125 2789 de
1146 2769 1178 2788 ea
1195 2769 1267 2788 nttnc
1290 2761 1470 2794 disseram-ts,
1484 2765 1514 2788 ut
1545 2761 1669 2796 pluribus
1704 2767 1764 2789 catu

140 2817 270 2837 ornemus
283 2820 290 2842 ;
308 2809 381 2844 quod
395 2810 468 2838 enim
482 2809 606 2845 pluribus
619 2813 733 2844 apparet
750 2809 848 2837 merito
867 2809 1044 2845 diligendum,
1068 2808 1155 2842 magis
1170 2809 1256 2836 etiam
1269 2809 1404 2843 diligitur.

176 2857 214 2886 Τδ
229 2857 302 2886 θεῖον
317 2857 407 2886 τοίνυν
423 2859 470 2887 καὶ
484 2857 674 2894 πολυύμνητον
683 2857 777 2893 χρῆμα
791 2858 808 2894 ἡ
827 2866 924 2886 ταπειρ

1015 2857 1159 2886 llumilitas
1171 2865 1246 2893 ergo,
1262 2858 1383 2888 divinum
1398 2858 1525 2894 quiddam
1534 2857 1681 2893 multisque
1697 2857 1766 2885 εειοο
