1937 3078
224 131 278 165 539

219 247 327 274 cunque
357 247 528 276 propugnare
561 249 752 278 quamcunque
783 253 838 272 rem
880 254 1005 281 possunt,

217 285 295 311 valde
311 290 415 320 gratam
437 292 632 323 aeceplamque
656 290 866 326 possidentibus,
880 297 906 319 et
929 294 1007 329 cujus

219 331 402 366 adipiscendae
421 341 500 361 causa
519 335 610 361 cmtcri
625 343 719 364 omnes
744 342 854 366 strenue
872 345 1004 374 pugnant.

217 377 386 410 Quinetiam
411 379 433 406 si
464 380 522 407 ﬁeri
545 387 635 416 posset
666 387 695 409 ut
723 384 830 411 animus
859 393 1004 419 purpuram

217 428 441 458 snmerel,atqne
472 425 521 453 hoc
539 426 618 453 modo
644 427 774 456 adversus
806 430 870 456 vitia
894 438 1004 465 regnum

216 469 350 496 obtineret
367 478 373 496 :
391 479 444 498 non
461 472 511 498 hoc
527 473 604 500 aliter
618 473 737 501 futurum
763 476 894 510 arbitror,
923 486 1003 511 quam

215 516 303 549 ipsam
318 517 496 545 humilitatem
526 519 675 548 luduendo.
706 522 886 555 Quamobrem
914 525 1005 553 dicere

215 561 255 588 fa.
273 566 314 590 est
332 563 362 588 ιιι·
378 563 428 590 hac
440 564 598 598 disserenti,
614 574 675 594 csse
701 569 784 595 duhio
802 570 897 602 procul
926 571 1005 607 longe

215 608 353 636 meliorem
371 609 434 643 illis,
451 618 512 645 quae
528 613 561 639 ad
588 614 764 641 securitatem
793 615 933 644 hominum
961 619 1005 646 in-

214 659 292 681 veuta
310 660 382 688 sunt,
398 661 426 683 et
453 658 576 686 eamdem
603 660 734 687 eximium
764 661 791 688 in
820 663 930 691 modum
957 672 1004 692 eos

212 707 323 731 ornare,
335 702 436 735 quibus
451 702 551 737 adest;
577 712 714 740 omneque
741 707 873 736 virtutum
906 718 1003 744 agmrn

213 747 378 781 proprietate
395 756 456 781 sua,
471 750 552 786 vique
567 752 670 784 nativa,
689 753 819 788 singulari
837 762 898 782 cum
919 757 1004 792 maje-

213 795 288 819 state
305 801 337 820 ac
351 794 553 829 magnificentia
568 797 760 826 cohonestarc.
777 799 872 834 Itaque
885 809 938 828 non
955 803 1004 831 abs

213 845 243 865 re
257 839 342 867 virtus
358 840 426 873 haec,
443 849 526 876 quam
557 844 749 878 prrdicamus,
775 847 909 875 iudicatas
939 849 1002 876 hac-

800 140 998 174 MANUELIS
1018 144 1242 177 PALEOLOGI

220 192 348 221 brevibus
361 198 415 225 est,
432 194 458 221 in
475 195 633 223 universum
647 203 755 231 pru‘stat
772 200 909 233 omnibus,
935 207 995 236 quae

1062 205 1162 238 σφόδρα
1180 207 1229 240 μὲν
1242 209 1422 244 περιποθήτου
1440 211 1492 242 τοῖς

1800 151 1852 184 540

1512 221 1592 247 κεκτη
1598 213 1698 247 μένοις,
1725 224 1847 251 περιμα-

1062 251 1145 286 χήτου
1156 252 1184 278 δὲ
1201 253 1296 287 κομιδῆ
1313 255 1394 281 πᾶσιν
1409 256 1509 288 ἄλλοις.
1525 259 1561 284 Οὐ
1577 259 1630 292 μὴν
1642 260 1700 286 ἁλλ’
1723 261 1781 295 εἴγε
1802 262 1847 288 Ev-

1061 305 1118 323 εστι
1130 297 1201 333 ψυχῇ
1219 300 1428 335 περιϐεϐλῆσθαι
1441 303 1593 339 πορφύραν,
1605 306 1651 331 καὶ
1665 307 1749 341 ταύτῃ
1769 307 1848 342 βασι-

1060 342 1153 370 λεῦσαι
1166 344 1235 370 κατά
1252 345 1354 378 παθῶν,
1373 347 1409 381 μὴ
1428 347 1459 373 ἂν
1481 348 1580 383 ἑτέρως
1603 347 1679 384 οἶμαι
1696 351 1775 379 τοῦτο
1799 362 1847 387 γε-

1061 389 1164 420 νέσθαι,
1185 390 1263 425 ῆτὴν
1289 395 1538 428 ταπεινοφροσύνην
1569 395 1653 430 αὐτὴν
1670 396 1844 426 ἐνδύσασθαι.

1062 434 1143 460 Ὥστε
1161 435 1265 467 ἔξεστιν
1283 437 1378 468 εἰπεῖη
1395 439 1459 473 περὶ
1472 439 1574 474 ταύτης
1592 441 1789 477 διαλεγόμενον,
1806 445 1845 476 ὡς

1060 479 1117 505 ἐστι
1133 480 1183 513 μὲν
1195 481 1315 516 ἀτεχνῶς
1332 482 1397 509 πολ-5
1409 492 1434 510 τι
1450 486 1583 518 κρείσσων
1594 487 1703 514 ἐκείνων
1716 489 1763 524 ἥδε
1790 491 1844 516 τῶν

1059 525 1098 556 εἰς
1117 526 1267 560 ἀσφάλειαν
1287 527 1474 563 ἐξευρημένων
1491 531 1654 565 ἀνθρώποις,
1677 533 1734 561 ἔστι
1759 535 1787 561 δὲ
1803 534 1844 567 οἷς

1058 569 1091 596 ἀν
1108 572 1195 606 προσῇ
1207 572 1352 606 ὑπερρυῶς
1368 573 1479 604 τούτους
1494 576 1642 611 κοσμοῦσα,
1658 579 1706 605 καὶ
1730 579 1758 605 τὸ
1788 580 1844 606 τῶν

1058 615 1163 649 ἀρετῶν
1173 616 1245 643 ἅπαν
1260 618 1402 653 σύνταγμα
1419 621 1489 654 μετὰ
1505 621 1604 656 πολλῆς
1620 624 1782 657 σεμνότητος
1795 626 1844 651 καὶ

1060 661 1298 695 μεγαλοπρεπείας
1318 665 1502 700 φαιδρύνουσα
1525 667 1564 701 τῷ
1592 668 1691 702 ἑαυτῆς
1717 669 1842 703 ἰδιώματι

1058 709 1155 744 καὶτῷ
1170 710 1314 743 πεφυκότι.
1326 711 1443 743 Εἰκότως
1460 712 1492 738 ἂν
1505 711 1550 740 οὖν
1562 713 1666 746 δέξαιτο
1682 715 1697 749 ἡ
1715 714 1761 749 νῦν
1777 717 1842 749 ἡμῖν

1058 754 1212 790 ὑμνουμένη
1229 756 1278 787 τὰς
1301 757 1365 791 περὶ
1391 757 1474 792 αὐτῆς
1491 758 1638 793 εἰρημένας
1657 762 1843 795 προσηγορίας

1057 800 1174 832 ἁπάσας.
1192 802 1229 827 Οὐ
1247 801 1299 837 μὴν
1314 802 1370 828 ἀλλ’
1395 804 1419 829 εἰ
1443 804 1555 831 κάκεῖνα
1579 804 1689 831 δυνατὸν
1713 803 1757 841 ἦν,
1777 807 1842 838 Eua;

1058 846 1170 880 σεμνὰς,
1188 847 1254 878 ὅσας
1271 848 1386 881 ἀγαθὰς,
1398 849 1462 879 ὅσας
1480 851 1647 884 προσφιλεῖς,
1664 851 1842 887 ἐξευρηκέναι

212 889 291 912 tenus
314 886 508 920 appellationes
544 895 640 918 omnes
667 891 775 926 recipit.
805 891 862 920 lmo
891 894 914 922 si
946 892 1002 923 lieri

1057 892 1102 917 καὶ
1124 892 1294 926 προσδιδόναι
1313 894 1346 928 τῇ
1373 895 1545 929 μετριότητι,
1570 895 1634 926 ἴσως
1656 895 1705 929 μὶν
1725 897 1739 923 ο
1762 897 1842 923 τοῦτο

212 937 316 964 posset,
349 937 379 959 ιιι
420 933 619 967 appellationes
641 928 834 972 \quarcunque
870 938 1002 974 honestae,

211 984 382 1012 quaecunque
399 978 485 1012 bonze,
513 987 686 1015 quaecunque
701 987 796 1016 gratae,
808 985 1003 1019 excogitaren-

211 1027 266 1054 tur,
282 1029 310 1050 et
323 1024 465 1052 modestia:
481 1026 670 1055 tribuerentur
684 1037 690 1055 :
709 1027 827 1058 fortasse
841 1031 951 1065 quidem
965 1033 1001 1065 is,

209 1070 325 1110 qui_hoc
344 1070 458 1104 faceret,
488 1079 546 1100 rem
573 1081 627 1101 non
667 1074 753 1103 levem
793 1078 946 1112 peregerit;
975 1084 1003 1106 at

210 1115 369 1150 humilitati,
390 1125 451 1153 qum
467 1118 618 1148 Salvatoris
635 1121 720 1156 ipsius
735 1127 776 1150 est
803 1125 881 1158 quasi
900 1125 1002 1152 collac-

210 1167 300 1197 tanea,
330 1165 440 1193 minime
472 1175 601 1202 magnum
634 1169 734 1204 aliquid
751 1171 919 1204 contulerit;
946 1181 1000 1200 non

209 1210 282 1237 enim
311 1212 384 1246 quod
422 1212 504 1241 alicui
533 1221 673 1249 magnum,
703 1216 773 1244 idem
805 1222 832 1245 et
862 1218 1002 1246 universis

210 1263 349 1290 maguum.
374 1257 464 1292 Usque
480 1259 549 1286 adeo
567 1260 651 1288 vincit
667 1262 758 1289 omnia
776 1262 862 1298 ipsius
874 1264 1003 1292 sublimi-

209 1305 253 1330 tas
268 1307 296 1329 et
312 1304 483 1338 magnitudo,
499 1314 672 1341 quzecunque
686 1308 727 1335 vel
754 1309 924 1342 securitatis,
955 1311 998 1338 vel

210 1349 432 1383 pulchritudinis,
460 1352 500 1378 vel
519 1352 669 1393 honestatis
697 1355 926 1390 signiﬁcationem
953 1358 1001 1386 ha-

210 1397 300 1423 bentia
315 1397 445 1424 vocabula
461 1399 501 1425 vel
515 1404 591 1432 sunt,
605 1400 647 1427 vel
661 1406 754 1433 erunt,
781 1402 822 1429 vel
852 1405 1000 1439 excogitari

210 1447 339 1475 possunt.
354 1442 482 1476 Quonam
503 1445 587 1480 igitur
604 1445 675 1474 hanc
709 1447 798 1482 pretio
833 1449 895 1484 quis
928 1451 1001 1478 redi-

211 1495 300 1522 mens,
313 1497 367 1516 non
379 1491 519 1525 egregium
533 1496 668 1527 quaestum
697 1492 813 1521 fecerit?
842 1499 889 1522 aut
917 1504 1000 1530 quam

210 1533 337 1562 virtutem
368 1535 449 1563 aliam
478 1536 539 1571 quis
569 1538 620 1565 ista
650 1538 744 1567 dicere
783 1542 999 1575 praestantiorem

210 1582 318 1616 possit?
333 1582 410 1616 Quod
426 1584 448 1612 si
465 1584 528 1618 quis
544 1584 627 1612 etiam
653 1586 762 1614 cunctis
791 1587 863 1614 hanc
889 1594 1002 1624 antepo-

210 1636 275 1657 nere
290 1629 330 1657 vel
344 1634 362 1662 ι,
380 1630 402 1657 is
419 1637 475 1657 mea
493 1638 560 1660 sane
582 1633 716 1660 sententia
739 1632 800 1668 jure
831 1642 884 1662 non
911 1643 1003 1671 repre-

210 1675 352 1703 hendetur.
372 1675 427 1710 Ego
449 1678 559 1711 quidem
586 1678 658 1706 hanc
682 1679 811 1708 virtutem
840 1685 869 1708 ut
897 1682 1002 1709 caneris

210 1722 372 1756 digniorem,
391 1723 579 1751 itadilectioni
592 1733 684 1759 parem
716 1726 846 1753 arbitror.
873 1727 928 1755 Nec
951 1729 1000 1756 abs
1022 1738 1024 1742 ί

213 1765 368 1795 re'dixerit
397 1770 508 1804 aliquis,
537 1771 585 1798 has
613 1771 683 1798 adeo
709 1778 841 1807 cognatas
869 1781 952 1806 esse,
971 1778 1002 1801 ut

217 1815 414 1849 propemodum
431 1816 502 1844 idem
519 1818 648 1850 quiddam
659 1818 692 1845 iis
703 1826 764 1846 esse
779 1819 865 1846 videri
883 1820 1000 1855 possint,

212 1867 329 1892 quorum
340 1868 417 1887 meus
429 1861 616 1896 perspicacius
626 1871 669 1890 res
680 1863 855 1891 sublimiores
865 1868 999 1898 penetrat.

217 1904 324 1939 Quippe
352 1906 465 1933 dilectio
496 1907 659 1943 principium
683 1913 724 1936 est
753 1909 838 1944 ipsius
871 1910 1001 1937 virtutum

210 1950 331 1977 circuli:
358 1952 493 1979 modestia
519 1960 583 1980 vero
614 1954 686 1981 linis.
724 1955 896 1982 Circulorum
934 1963 1001 1984 vero

212 1997 345 2032 principia
372 2002 401 2025 et
425 1999 490 2026 lines
524 2000 595 2027 idem
623 2006 699 2028 Sunt.
723 2001 794 2034 Quin
824 2003 905 2029 etiam
938 2010 1001 2029 cum

210 2044 374 2079 principium
391 2046 455 2078 sint,
474 2050 500 2073 et
517 2046 589 2079 linis,
609 2053 640 2074 ac
669 2053 812 2082 propterea
838 2049 873 2075 de
901 2049 1003 2076 relato-

210 2098 270 2118 rum
299 2091 332 2118 ad
358 2091 461 2127 aliquid
487 2100 628 2120 numero:
661 2099 771 2129 propter
797 2094 867 2122 hanc
894 2103 1002 2130 quoque

211 2138 343 2165 rationem
358 2139 471 2166 omnino
488 2140 611 2174 separari
644 2148 698 2168 non
732 2146 891 2175 potuerunt,
920 2147 1001 2176 atque

211 2184 255 2211 nhi
272 2185 394 2218 dilectio,
427 2185 527 2213 ibidem
551 2187 602 2214 erit
617 2192 644 2214 et
671 2188 825 2222 modesﬁa;
856 2189 1002 2217 similiter-

1056 938 1171 972 ποιήσας
1189 937 1355 972 κατώρθωκέ
1377 947 1404 965 τι
1423 940 1477 966 τῶν
1494 940 1524 966 οὐ
1540 940 1638 976 ῥᾳδίων
1656 948 1665 957 ·
1684 943 1718 976 τῇ
1744 942 1774 968 δὲ
1803 943 1842 976 τῷ

1057 983 1161 1017 Σωτῆρι
1170 984 1319 1019 συντρόφῳ,
1332 984 1364 1010 ἰν*
1374 985 1433 1011 ἀντὶ
1445 986 1552 1012 πάντων
1560 986 1632 1012 τοῦτ’
1639 987 1753 1022 εἴποιμι,
1764 988 1842 1014 οὐδὲν

1057 1029 1226 1064 προσήνεγκε
1244 1029 1325 1064 μέγα.
1340 1029 1377 1058 Οῡ
1389 1030 1442 1064 γὰρ
1455 1030 1487 1065 δὴ
1498 1030 1528 1056 τὺ
1543 1031 1614 1065 μέγα
1638 1033 1692 1058 τινὶ
1707 1033 1778 1067 μέγα
1807 1033 1842 1059 ἂν

1056 1075 1098 1110 εἴη
1113 1075 1160 1101 καὶ
1170 1076 1262 1102 πᾶτιν.
1287 1075 1379 1106 Οὕτως
1393 1075 1500 1102 ᾶπαντα
1519 1077 1582 1111 νικᾷ
1595 1076 1633 1102 ei}
1646 1077 1739 1112 κείνης
1774 1078 1842 1112 ὓψος

1057 1120 1103 1146 καὶ
1120 1120 1245 1154 μέγεθος,
1260 1120 1310 1146 ὅσα
1327 1121 1394 1156 πρὸς
1409 1121 1566 1155 ἀσφάλειαν,
1591 1122 1639 1148 καὶ
1663 1123 1840 1158 φαιδρότητα,

1057 1167 1103 1193 καὶ
1111 1167 1311 1200 καλοκαγαθίαν
1322 1167 1504 1203 προσρήματα
1516 1168 1534 1203 ἦ
1554 1167 1636 1199 ἐστιν,
1650 1168 1666 1202 ἢ
1684 1169 1839 1204 γενήσεται,

1056 1212 1209 1248 ῆνοηθῆναι
1225 1209 1270 1239 οἷά
1283 1221 1324 1240 τε.
1337 1213 1414 1246 Τίνος
1428 1214 1475 1241 οὖν
1485 1215 1518 1242 ἀν
1533 1223 1574 1245 τις
1582 1215 1684 1250 ταύτην
1692 1215 1840 1250 ὠνησάμεο

1056 1267 1110 1291 νος,
1128 1258 1166 1294 μὴ
1181 1259 1251 1285 πάνυ
1267 1259 1356 1291 καλῶς
1371 1261 1573 1295 ἑμπορεῠσαιτο
1588 1269 1595 1293 ;
1617 1261 1652 1287 Ἦ
1665 1261 1744 1287 πνιίαν
1755 1261 1841 1299 5.3.qu

1055 1305 1109 1332 τῶν
1120 1305 1224 1340 ἀρετῶν
1242 1306 1300 1341 ἐρεῖ
1310 1315 1351 1338 τις
1366 1306 1465 1341 ταύτης
1484 1307 1606 1343 ἀμιίνως
1638 1308 1670 1336 El
1685 1308 1712 1336 ’δε
1726 1311 1773 1336 καὶ
1787 1319 1841 1337 πα-

1057 1352 1110 1378 σῶν
1122 1360 1174 1378 τινι
1190 1352 1265 1387 φίλον
1278 1353 1378 1387 ταύτην
1387 1353 1538 1390 προθεῖναι,
1553 1357 1567 1382 ὸ
1587 1356 1619 1391 δὴ
1642 1355 1760 1387 τοιοῦτος
1789 1357 1841 1383 οὐκ

1056 1397 1089 1424 ἂν
1101 1398 1212 1430 δικαίως
1224 1396 1300 1433 οἶμαι
1311 1399 1416 1432 δέξαιτο
1430 1401 1542 1436 μέμψιν.
1553 1401 1623 1436 Ἐγὼ
1638 1402 1665 1428 δὲ
1677 1402 1778 1436 ταύτην
1788 1402 1841 1436 τὴν

1055 1444 1155 1480 ἀρετὴν
1176 1444 1261 1480 μείζω
1279 1446 1326 1481 μὲν
1341 1446 1394 1473 τῶν
1414 1447 1501 1474 ἄλλων
1527 1447 1720 1482 ὑπολαμϐάνω,
1742 1449 1841 1484 ἀγάπῃ

1055 1490 1083 1516 δὲ
1098 1490 1239 1527 ὁμότιμον.
1259 1492 1336 1519 Εἴποι
1353 1492 1418 1519 δ’ἀν
1432 1501 1474 1524 τις
1489 1493 1590 1525 ταύτας
1610 1494 1659 1520 οὐκ
1685 1494 1840 1525 ἀπεικότως

1055 1536 1126 1564 οὕτω
1139 1546 1195 1570 πως
1212 1538 1282 1573 ἐχειν
1299 1538 1428 1572 γνησίως,
1454 1539 1491 1570 ὡς
1517 1540 1616 1576 μικροῦ
1645 1539 1742 1566 ταυτὸν
1769 1538 1840 1567 εἶναι

1055 1584 1139 1616 δόξαι,
1154 1582 1194 1617 οἷς
1207 1593 1238 1619 γε
1253 1585 1488 1621 θεωρητικώτερον
1504 1587 1518 1613 ὁ
1534 1587 1595 1617 νοῦς
1623 1586 1767 1620 ἐμϐατεύει
1782 1587 1839 1617 τοῖς

1054 1630 1108 1657 τῶν
1124 1632 1294 1666 πραγμάτων
1308 1632 1492 1667 ὑψηλοτέροις.
1513 1633 1596 1667 Ἀρχὴ
1610 1633 1663 1667 γὰρ
1678 1632 1837 1668 δήπουθενη

1055 1677 1149 1712 ἀγάπη
1165 1678 1213 1704 τοῦ
1228 1678 1281 1704 τῶν
1295 1678 1401 1714 ἀρετῶν
1420 1679 1476 1706 ἐστι
1489 1679 1588 1705 κύκλου
1600 1687 1607 1694 ·
1622 1680 1639 1714 ἡ
1651 1679 1679 1705 δὲ
1694 1680 1840 1714 μετριότης

1055 1725 1084 1750 τὸ
1107 1724 1193 1756 τέλος.
1222 1725 1276 1751 Καὶ
1305 1724 1358 1751 τῶν
1371 1723 1479 1751 κύκλων
1504 1726 1532 1751 αι
1549 1724 1642 1759 ἀρχαὶ,
1658 1725 1705 1751 καὶ
1716 1725 1750 1750 τὲ
1763 1725 1839 1757 τέλη,

1054 1771 1160 1797 ταυτόν.
1182 1771 1220 1797 Οὐ
1237 1771 1290 1806 μὴν
1303 1771 1359 1797 ἀλλ’
1373 1771 1520 1806 ἐπειδήπερ
1536 1771 1605 1806 ἀρχὴ
1621 1770 1667 1797 καὶ
1681 1771 1767 1803 τέλος,
1791 1771 1840 1796 καὶ

1053 1817 1096 1843 διὰ
1109 1816 1187 1843 τοῦτο
1201 1816 1254 1853 τῶν
1265 1816 1330 1852 πρός
1348 1825 1385 1848 τι,
1396 1815 1451 1843 εἷεν
1465 1816 1498 1843 ἂν
1509 1817 1554 1843 καὶ
1569 1816 1612 1843 διὰ
1627 1816 1719 1842 τοῦτον
1733 1816 1778 1842 τὸν
1795 1816 1838 1842 λό-

1054 1860 1101 1897 γον
1114 1863 1252 1900 παντελῶς
1263 1863 1413 1898 ἀχώριστα,
1437 1863 1484 1890 καὶ
1509 1863 1552 1890 τνα
1566 1865 1582 1898 ἡ
1606 1863 1710 1898 ἀγάπη,
1738 1863 1785 1889 καὶ
1809 1863 1840 1890 τὸ

1055 1909 1166 1944 μέτριον
1177 1918 1183 1925 ·
1200 1909 1236 1941 ὼς
1252 1910 1280 1936 δὲ
1295 1911 1343 1937 καὶ
1356 1910 1386 1936 τὺ
1401 1910 1536 1937 ἀνάπαλιν
1548 1918 1555 1925 ·
1573 1909 1641 1936 ὥστε
1657 1911 1766 1936 κάκεῖνο
1791 1917 1839 1935 σα-

1054 1955 1112 1990 φές.
1133 1954 1192 1982 Ἰνα
1202 1955 1257 1990 γὰρ
1272 1955 1303 1982 οὐ
1319 1955 1449 1989 πάρεστιν
1469 1956 1485 1990 ἡ
1502 1955 1592 1990 ἑτέρα,
1613 1955 1660 1982 καὶ
1671 1954 1720 1990 τὴν
1743 1955 1839 1989 ἑτέραν

1053 2003 1160 2029 ἀπεῖναι
1170 2003 1225 2029 τῶν
1236 2002 1403 2036 ἀναγκαίων.
1419 2003 1475 2029 Οὐκ
1492 2003 1548 2028 ἔστι
1566 2001 1654 2028 τοίνυν
1670 2001 1782 2036 θάτερον
1794 1999 1841 2028 si—

1053 2056 1107 2079 ναι,
1125 2048 1142 2082 ἢ
1158 2048 1296 2083 νοηθῆναι,
1324 2048 1377 2074 κᾶν
1392 2048 1405 2074 ὃ
1421 2056 1448 2073 τι
1465 2048 1579 2082 γένοιτο,
1608 2048 1721 2082 θατέρου
1741 2056 1772 2081 γε
1802 2047 1839 2082 μὴ

1053 2094 1129 2126 ὄντος
1145 2093 1162 2129 ἦ
1179 2094 1334 2129 νοουμένου.
1351 2094 1400 2120 ‘Av
1410 2092 1456 2120 οὖν
1473 2094 1529 2129 ἀπῇ
1545 2093 1574 2119 τὸ
1594 2093 1731 2125 ταπεινὸν,
1750 2093 1797 2118 καὶ
1810 2092 1840 2118 τδ

1053 2141 1101 2175 τῆς
1118 2140 1230 2175 ἀγάπης
1246 2140 1342 2167 ἄπεστι
1359 2140 1463 2176 χρῆμα.
1480 2140 1588 2175 Ταύτης
1612 2140 1640 2167 δὲ
1653 2140 1704 2175 τῆς
1727 2139 1842 2174 ξυνωρία

1053 2186 1096 2217 Eo;
1107 2185 1241 2221 ἀπούσης,
1254 2186 1308 2212 οὐδ’
1331 2186 1364 2213 ἂν
1379 2185 1440 2212 οὐδὲ
1453 2186 1506 2212 τῶν
1527 2186 1632 2220 ἀρετῶν
1649 2186 1722 2212 ﬂuctv
1739 2184 1842 2218 σύστη-

210 2239 262 2263 que
271 2231 329 2258 vice
342 2239 430 2260 versa.
445 2232 618 2274 Quapropter
627 2234 679 2262 hoc
693 2242 803 2270 qunque
816 2235 999 2269 perspicuum.

1058 2240 1096 2266 μα
1124 2231 1299 2267 προσγένοιτο
1316 2231 1380 2257 ποτὲ
1393 2240 1446 2257 τινι
1460 2231 1514 2258 τῶν
1528 2231 1688 2266 ἀνθρώπων.
1710 2231 1765 2265 Τῆς
1785 2231 1841 2264 γὰρ

210 2276 276 2304 Nam
295 2279 340 2305 ubi
362 2286 414 2306 non
431 2279 508 2307 adest
539 2288 602 2313 una,
635 2280 673 2308 ibi
706 2285 734 2308 et
762 2281 876 2309 alteram
904 2281 1002 2309 abesse

211 2325 366 2352 necessario
378 2326 511 2359 sequitur.
524 2325 642 2360 Ideoque
659 2328 750 2362 nequit
779 2327 875 2355 horum
898 2328 1002 2355 alteru-

211 2375 282 2396 trum
305 2371 347 2398 vel
359 2379 431 2404 esse,
451 2371 491 2399 vel
502 2373 667 2408 cogitatione
694 2374 900 2408 comprehendi,
917 2375 999 2408 quid-

210 2417 275 2450 quid
287 2425 354 2444 sane
370 2418 432 2451 liat,
448 2418 471 2447 si
487 2419 652 2447 alterutrum
668 2420 709 2447 vel
720 2428 774 2447 non
791 2420 836 2452 sit,
853 2421 893 2447 vel
909 2428 1000 2448 mcntc

211 2470 266 2489 non
284 2464 459 2498 percipiatur.
489 2465 580 2498 Quare
592 2466 613 2493 si
644 2465 714 2493 absit
742 2465 892 2498 humilitas,
920 2467 1001 2493 etiam

211 2511 291 2538 abest
307 2510 428 2539 dilectio.
447 2511 476 2539 Si
490 2520 555 2540 vero
573 2520 620 2547 par
633 2513 708 2541 istud
730 2513 813 2546 absit,
830 2520 864 2540 ne
889 2513 1001 2548 quidem

210 2557 368 2584 universum
383 2565 483 2591 corpus
499 2559 630 2586 virtutum
647 2560 774 2595 aquirere
792 2559 854 2594 quis
883 2566 1002 2595 unquam

211 2606 311 2638 potest.
339 2602 408 2630 Nam
451 2604 474 2631 si
500 2612 589 2639 neque
619 2605 797 2640 principium,
828 2612 917 2640 neque
942 2604 1003 2632 linis

1053 2278 1141 2314 ἀρχῆς
1156 2277 1262 2305 καὶτοῦ
1276 2277 1368 2308 τέλους
1390 2277 1522 2312 μηδαμῶς
1544 2277 1638 2307 ὄντων,
1667 2276 1713 2303 καὶ
1740 2276 1774 2302 τὰ
1798 2276 1842 2302 διὰ

1057 2326 1140 2358 μέσου
1154 2323 1243 2350 πάντα
1261 2323 1291 2349 τό
1305 2331 1337 2356 γε
1356 2323 1443 2349 δοκεῖν
1464 2322 1523 2358 μεθ’
1547 2322 1651 2348 ἑαυτῶν
1670 2322 1736 2353 ἴσως
1765 2322 1843 2356 ἔχουν

1056 2379 1109 2402 σιν,
1122 2370 1152 2396 οὐ
1169 2369 1199 2396 τὸ
1214 2368 1320 2404 ἀληθῶς
1331 2365 1410 2396 εἶναι.
1424 2368 1571 2404 Συμσαίνει
1582 2367 1614 2403 δὴ
1631 2367 1680 2402 τὴν
1709 2367 1758 2402 μὲν
1775 2368 1843 2401 ἀγά-

1057 2425 1110 2451 πην
1122 2417 1240 2448 ἀπεῖναι,
1258 2415 1290 2442 ἂν
1304 2416 1341 2450 μὴ
1357 2417 1429 2450 παρῇ
1442 2415 1489 2441 καὶ
1501 2415 1531 2441 τὸ
1546 2414 1653 2450 μέτριον
1666 2422 1674 2430 ·
1697 2413 1801 2447 ταύτης
1815 2414 1843 2439 δὲ

1058 2463 1107 2497 τῆς
1125 2462 1254 2496 συζυγίας
1270 2462 1334 2497 ἡμῖν
1352 2462 1401 2488 οὐκ
1410 2461 1502 2495 οὔσης,
1520 2460 1654 2496 μηδεμίαν
1676 2460 1775 2495 ἀρετὴν
1795 2460 1842 2485 ἀν-

1058 2508 1160 2544 θρώπῳ
1174 2509 1314 2544 προσεῖναι
1335 2514 1342 2522 ·
1369 2507 1416 2534 καὶ
1429 2509 1462 2542 τῇ
1475 2507 1577 2533 τούτων
1588 2506 1621 2533 αὖ
1636 2505 1754 2540 ἀπουσίᾳ
1775 2505 1843 2540 μηδὲ

1057 2555 1158 2591 ἀρετῆς
1174 2555 1297 2590 μετέχειν
1308 2555 1339 2581 τό
1352 2563 1384 2589 γε
1405 2554 1500 2581 δοκοῦν
1521 2552 1677 2588 πεπρᾶχθαι
1697 2551 1758 2578 κατ’
1782 2552 1845 2586 ἀρε-

1058 2602 1118 2637 τήν.

210 2650 358 2682 exsistant,
385 2650 469 2677 etiam
495 2651 656 2679 intermedia
684 2657 783 2680 cuncta
808 2651 933 2679 fortassis
952 2651 1004 2678 hoc
1024 2649 1123 2678 habere
1139 2652 1264 2684 possunt.
1281 2651 1381 2675 utesse
1396 2645 1628 2699 sibividcanlur;
1660 2652 1712 2699 non
1751 2651 1843 2699 autem

211 2701 240 2721 ιιι
255 2703 349 2723 revera
365 2696 429 2724 sint.
450 2696 634 2732 Consequitur
656 2706 732 2734 ergo,
761 2698 934 2726 dilectionem
961 2697 1070 2729 abesse,
1104 2696 1126 2724 si
1155 2693 1498 2746 modestia-nomadsit;
1537 2693 1844 2746 eaque-conjunctione

211 2741 234 2767 si
265 2748 421 2774 careamus,
442 2742 542 2770 nullam
575 2743 678 2771 homini
705 2744 836 2771 virtutem
865 2743 998 2778 reliquam
1019 2749 1079 2770 esse
1095 2751 1103 2770 :
1120 2750 1180 2778 qua:
1201 2747 1266 2769 sane
1282 2740 1304 2768 si
1333 2739 1435 2772 absint,
1473 2747 1524 2768 nec
1550 2739 1659 2767 virtutis
1686 2746 1747 2767 esse
1781 2746 1845 2774 par-

214 2789 310 2823 ticeps,
342 2791 415 2824 quod
448 2791 598 2819 secundum
639 2792 769 2820 virtutem
795 2792 898 2819 {actium
916 2791 1050 2818 videatur.

251 2835 285 2862 Et
300 2836 357 2863 lucc
372 2837 482 2871 quidem
499 2837 525 2864 in
543 2838 614 2866 hunc
628 2840 737 2865 modum
753 2846 812 2866 csse
838 2844 1006 2873 comparata,

213 2879 249 2908 de
261 2880 295 2910 iis
309 2887 413 2911 constat
430 2891 489 2919 qna:
506 2884 574 2912 dicta
590 2890 665 2912 sunt.
684 2885 760 2914 Scire
785 2893 850 2913 vero
866 2885 1006 2917 debemus,

1097 2837 1159 2864 Ὀτι
1176 2836 1225 2871 μὲν
1239 2836 1284 2863 οὖν
1299 2835 1383 2863 ταῦτα
1404 2834 1477 2871 τῇδε,
1498 2835 1575 2861 δῆλον
1590 2835 1640 2870 ἠδη
1668 2834 1780 2869 γέγονεν
1811 2835 1845 2861 ὲκ

1061 2883 1113 2910 τῶν
1127 2883 1296 2919 εἰρημένων·
1309 2882 1386 2910 δεῖδὲ
1401 2883 1475 2918 ἡμᾶς
1493 2882 1543 2917 τὴν
1572 2881 1708 2917 μακαρίαν
1733 2881 1845 2917 ἀγάπην
