1937 3078
112 142 164 177 5H

801 153 946 185 ORATIO
965 155 1032 187 VII.

1701 154 1757 191 542

110 202 234 236 κρηπῖδα
244 202 291 230 καὶ
305 203 431 239 θεμέλιον
452 206 573 241 ἀσφαλὲς
603 207 715 242 εἰδέναι,
743 209 906 245 ἐρηρεισμέ-

964 217 1065 240 beatam
1079 213 1153 242 illam
1175 214 1348 243 dilectionem
1370 221 1432 242 esse
1454 214 1620 249 crepidinem
1641 219 1668 242 et
1688 220 1752 240 tun-

110 255 161 281 νην
176 248 279 284 ἐπὶτῆς
291 251 405 285 πέτρας,
418 251 499 280 αὑτοῦ
529 254 648 290 Χριστοῦ
666 263 674 271 ·
698 255 776 291 ῥίζαν
795 264 825 282 τε
852 257 908 284 τῶν

111 294 224 327 ἀγαθῶν
239 296 302 330 ἑξῆς
317 298 456 332 ἁπάντων,
473 301 664 339 διικνουμένην
678 303 706 334 ὲς
727 302 808 338 βάθος
825 303 907 339 μέγα.

111 341 160 367 καὶ
186 341 254 377 ὕψος
280 343 365 376 ὅντως
386 346 605 384 ἀνεξερεύνητον,
628 349 708 384 εἴπερ
731 349 764 376 τὰ
788 350 839 384 μὲν
861 350 907 376 τοῦ

113 387 181 414 Θεοῦ
200 390 312 416 τοιαῦτα
328 399 334 406 ·
353 392 368 427 ἡ
384 392 411 419 δὲ
424 394 549 421 τοσοῦτον
574 395 603 422 ὲν
623 395 661 430 τῷ
677 396 748 431 Θεῷ,
772 397 834 423 ὅσον
861 396 909 424 καὶ

113 434 294 470 αὑτοαγάπην
309 437 414 465 ἐκεῖνον
427 439 565 473 λέγεσθαι.
593 442 649 468 Καὶ
664 443 688 469 εἰ
700 442 742 469 δεῖ
755 443 785 469 τὸ
798 443 853 470 πᾶν
868 444 908 470 εί-

113 482 185 510 πεῖν.
202 484 281 518 σειρᾷ
295 483 343 517 μὲν
353 484 442 511 ἔοικεν
453 486 582 521 ἄντικρυς
594 487 624 515 τδ
637 488 691 515 τῶν
702 490 808 523 ἀρετῶν
818 489 910 524 ἀθροι-

113 535 181 560 σμα,
195 529 241 554 καὶ
256 529 378 564 ἀλλήλων
394 531 500 566 ἔχονται
523 533 621 566 πᾶσαι,
638 534 754 569 ταυτησὶ
772 535 799 561 δὲ
826 535 910 570 μόνης

113 573 280 608 ἑξήρτηνται
292 576 341 609 τῆς
351 577 470 612 ἀγάπης.
485 579 567 606 Ὥστε
580 580 671 607 πάντα
683 580 716 608 ἂν
727 581 859 616 ἁρμόσειε
874 582 909 608 τὰ

117 619 246 653 μέγιστα,
260 621 307 647 καὶ
325 622 460 657 βέλτιστα,
475 625 522 652 καὶ
537 626 680 659 κάλλιστα,
691 627 738 653 καὶ
754 627 845 662 τίμια,
862 628 910 655 καὶ

116 666 215 701 σεμνὰ,
233 668 312 700 εἴτις
325 670 440 704 ἀγείρας
455 671 503 698 καὶ
517 672 645 705 συνελὼν,
669 673 738 708 αὐτῇ
766 682 798 706 γε
824 673 909 701 ταῦτα

115 714 267 747 προσοίσει.
284 715 367 742 Οὐδὲν
383 717 438 752 γὰρ
455 715 545 753 οἶμαι,
562 719 639 746 οὐδὲν
648 719 703 746 τῶν
718 719 828 754 ἀγαθῶν
846 719 910 754 ἑξῆς

116 759 240 792 πάντων,
254 761 322 797 ὅπερ
340 763 373 789 ἂν
389 763 492 798 ἀπᾷδον
509 765 552 799 εἴη
565 765 620 791 τῶν
634 766 727 800 ἐκείνῃ
748 774 780 800 γε
796 766 911 801 προσόν-

114 810 172 832 ⁷ιεων
184 807 338 841 ἰδιωμάτων
356 817 363 824 ·
379 809 474 845 ὥσπερ
486 810 541 837 οὐδ’
558 810 616 837 ἐστι
631 812 686 838 τῶν
702 812 839 845 ἀπάντων,
851 813 909 847 εῐγε

117 852 166 886 τῆς
187 854 295 889 μερίδος
308 855 363 881 τῶν
383 855 493 889 ἀγαθῶν
509 857 592 889 ἐστιν,
608 857 676 893 ὅπερ
698 858 737 893 μὴ
752 848 823 885 πάνυ
839 867 910 893 συμ-

119 899 234 934 ϐήσεται
251 901 284 935 τῇ
309 900 358 934 τῆς
373 903 627 938 ταπεινοφροσύνης
653 904 796 939 ἀκρότητι.
817 905 909 939 οὔσης

116 944 164 973 οὖν
178 947 284 982 ἐκείνης
300 948 313 974 ὅ
329 956 410 984 τιπερ
421 950 569 983 κεφάλαιον
585 951 638 976 τῶν
651 950 751 984 καλῶν,
767 951 842 977 οὐδέν
856 960 908 978 που

117 993 309 1028 ταπεινότερον
325 994 398 1027 ὅμως
414 995 445 1021 τδ
457 995 507 1027 τῆς
524 997 701 1031 μετριότητος
727 996 841 1031 μέγεθος
860 997 908 1024 τοῦ

116 1038 168 1072 τῆς
180 1039 290 1073 ἀγάπης
306 1038 390 1074 ὕψους
407 1040 454 1068 καὶ
468 1040 631 1076 ἀξιώματος.
648 1041 701 1068 Καὶ
718 1041 771 1077 γάρ
792 1043 849 1069 ἔστι
862 1041 910 1069 καὶ

117 1084 182 1111 καθ’
201 1085 286 1120 αὐτὴν
300 1085 428 1120 ἀγαθδνὴ
445 1087 693 1122 ταπεινοφροσύνη,
712 1088 758 1114 καὶ
774 1088 910 1124 Θησαυρὸς

117 1130 311 1159 ἀποδέδεικται
323 1132 378 1158 τῶν
394 1132 610 1167 συνειλεγμένων
625 1135 691 1169 ἡμῖν
708 1134 801 1161 καλῶν
812 1135 844 1162 ἐκ
862 1134 909 1161 τοῦ

116 1177 168 1211 τῆς
179 1178 290 1213 ἀγάπης
307 1179 407 1205 εὑθέων
422 1180 556 1215 πτόρθων.
587 1181 668 1207 Ὥστε
686 1181 715 1213 ἐξ
731 1181 832 1215 ἀμφοῖν
849 1181 910 1214 ἀρί-

119 1230 180 1257 στη.
199 1223 262 1250 Εῐτε
276 1223 330 1258 γάρ
343 1223 381 1255 ὡς
402 1224 478 1256 τέλος
503 1225 588 1259 αὐτὴν
615 1225 816 1260 Θεωρήσαιμεν,
835 1226 910 1253 οὐδὲν

118 1268 204 1303 αὐτῆς
217 1268 330 1302 ἄμεινον
346 1276 354 1284 '
368 1268 420 1296 εἷθ’
436 1269 474 1301 ὡς
495 1271 563 1305 πρὸς
577 1270 607 1296 τὸ
620 1271 696 1302 τέλος
710 1271 779 1306 αὐτῇ
796 1271 910 1306 χρησαί-

120 1313 201 1347 μεθα,
217 1314 268 1340 οὐκ
284 1314 357 1341 ἐστιν
372 1316 518 1350 ἀποτυχεῖν
531 1315 577 1342 τοῦ
592 1315 707 1343 σκοποῦ.
727 1317 829 1352 Ἀγαθὴ
855 1317 910 1351 γάρ

119 1361 177 1387 ἐστι
190 1361 252 1388 καθ’
265 1361 360 1395 αὐτὴν,
378 1361 415 1393 ὡς
425 1362 549 1397 εἰρηνική
564 1371 593 1388 τι
609 1362 657 1389 καὶ
669 1362 822 1398 πραοτάτη,
849 1362 862 1389 ὃ
877 1363 909 1399 δὴ

118 1405 186 1432 Θεοῦ
200 1406 273 1432 ἐστιν
283 1405 361 1433 ἴδιον.
379 1406 482 1441 Ἀγαθὴ
494 1406 522 1433 δὲ
533 1404 566 1433 αὖ
578 1408 625 1433 καὶ
637 1407 724 1434 ἄλλων
737 1407 816 1434 ἕνεκα
836 1406 909 1434 πλεί.

119 1460 190 1478 στων
207 1460 214 1468 ·
231 1452 278 1478 καὶ
294 1451 338 1478 διὰ
362 1451 442 1479 τοῦτο
463 1452 598 1487 θησαυρὸς
631 1453 739 1479 πάντων
768 1452 832 1486 ἑξῆς
856 1452 910 1479 τῶν

119 1497 211 1525 καλῶν
226 1501 273 1525 καὶ
290 1498 410 1534 εἴρηται,
424 1499 471 1526 καὶ
486 1499 560 1526 ἔστιν
574 1508 581 1515 ·
598 1499 694 1535 ἐπειδὴ
707 1499 809 1536 ταύτης
825 1501 910 1535 χωρὶς

119 1544 260 1577 παντελῶς
269 1545 400 1571 ἀδύνατον
415 1545 431 1580 ἢ
445 1544 587 1580 διαρκέσαι
600 1545 719 1581 χρηστόν
733 1555 793 1573 τινα
805 1546 910 1581 ἄνθρω-

120 1599 172 1618 πον
187 1591 262 1623 ὂντα,
276 1590 293 1625 ἢ
310 1590 364 1617 καΥ
373 1589 423 1624 τὴν
443 1589 531 1625 ἀρχὴν
542 1589 694 1624 γεγονέναι.
712 1589 806 1625 Ἴσμεν
819 1589 848 1616 δὲ
865 1590 913 1616 αὑ-

120 1637 170 1672 τὴν
184 1637 232 1664 καὶ
253 1636 333 1664 τοῦτο
347 1636 519 1672 χορηγοῦσαν
532 1637 598 1671 ἡμῖν
611 1636 640 1663 τὸ
654 1635 746 1663 καλόν.
763 1635 834 1670 Πρὸς
858 1635 911 1670 γὰρ

119 1683 166 1710 τὸν
183 1682 393 1719 είρηνικώτατον
417 1682 463 1709 καὶ
477 1683 629 1718 πραότατον
654 1682 790 1717 κηδεμόνα
813 1690 843 1708 τε
865 1682 913 1708 καὶ

119 1729 255 1763 δεσπότην
269 1729 343 1764 ἡμᾶς
371 1728 422 1764 τὴν
442 1728 573 1762 ταχίστην
605 1727 774 1760 ἀναόιὸἀζει.
805 1728 913 1763 Ταύτην

120 1777 175 1811 γὰρ
192 1777 294 1808 ἐκεῖνος
309 1776 456 1810 ὑπερφυῶς
471 1775 610 1807 διανύσας,
626 1775 656 1808 ἐξ
671 1775 783 1810 ἀγάπης
801 1775 911 1810 ἁμηχά-

121 1831 168 1850 νου
180 1822 311 1857 κινηθεὶς,
325 1822 399 1856 ἡμᾶς
414 1822 446 1848 ὲκ
456 1821 502 1848 τοῦ
516 1820 654 1856 βαράθρου
666 1821 715 1856 τῆς
735 1822 785 1856 γῆς
811 1821 914 1856 ἀνήγα-

121 1879 170 1904 γεν
185 1871 224 1901 εἰς
237 1870 282 1896 τὴν
296 1869 421 1904 οὐρανὸν,
436 1869 587 1904 ἑπομένους
604 1868 678 1903 αὐτῷ
692 1869 749 1894 κατ’
777 1869 859 1903 ἴχνος.
882 1869 913 1895 El

121 1916 176 1952 γὰρ
191 1916 241 1951 τὴν
254 1915 339 1949 αὐτὴν
354 1914 452 1948 ἐκείνῳ
476 1914 597 1949 χωρήσει
620 1923 662 1945 τις
689 1914 829 1949 ἀσφαλῶς,
854 1914 913 1946 πῶς

121 1963 152 1990 οὐ
174 1962 272 1999 ῥᾳδίως
288 1961 367 1988 αὐτὸν
381 1960 568 1995 καταλήψεται
585 1969 593 1994 ;
619 1958 648 1987 οὗ
664 1961 690 1986 τί
707 1960 913 1996 μακαριώτερον

121 2010 220 2045 γένοιτ’
231 2009 284 2042 diu;
302 2009 349 2035 καὶ
362 2008 405 2034 διὰ
419 2008 515 2039 ταῦτα,
533 2008 580 2034 ἐὰν
598 2007 713 2042 παραδῶ
732 2008 780 2039 τὰς
809 2008 914 2042 σάρκας

123 2065 186 2091 μου,
207 2055 250 2081 ἵνα
284 2054 480 2089 καυθήσωμαι,
508 2054 619 2087 ἀγάπην
650 2053 727 2088 δὲμὴ
753 2053 816 2088 ἔχω,
837 2053 914 2080 οὐδὲν

121 2101 290 2137 ὠφελοῦμαι.
311 2101 365 2128 Καὶ
381 2100 525 2134 γινώσκειν
543 2101 618 2135 παρὰ
632 2100 678 2127 τοῦ
694 2101 821 2135 Σωτῆρος
844 2100 914 2127 δεδί-

120 2150 234 2183 δαγμαι.
254 2147 301 2174 τοῦ
313 2147 404 2182 ἔργοις
426 2156 459 2182 με
481 2147 511 2172 τδ
533 2146 644 2182 μέτριον
664 2146 764 2181 μᾶλλον
785 2147 801 2182 ἢ
826 2147 914 2180 λόγοις

120 2194 286 2226 διδάξαντος,
304 2193 396 2219 δοῦλον
420 2192 529 2226 ἀχρεῖον
564 2192 693 2227 ἐμαυτὸν,
719 2193 783 2218 ὅταν
809 2192 914 2227 εὑρεθῶ

121 2240 236 2275 πληρῶν
257 2239 303 2266 καὶ
322 2239 409 2265 πάντα
424 2238 458 2264 τὰ
473 2238 575 2264 ἐκείνου
610 2238 819 2273 προστάγματα.
851 2239 912 2266 Ὀτι

121 2287 171 2320 μὲν
188 2283 235 2313 οὖν
249 2284 334 2316 οὕτως
350 2283 405 2319 ἔχει
421 2284 454 2311 τὰ
465 2284 513 2318 τῆς
528 2283 639 2319 ἀγάπης
657 2284 705 2310 καὶ
722 2285 910 2319 μετριότητος,

118 2333 208 2370 δῆλον.

158 2467 190 2493 Εἰ
205 2467 234 2493 δὲ
250 2466 282 2501 δὴ
295 2467 341 2493 καὶ
361 2466 440 2492 τοῦτο
454 2465 543 2501 χρεών
563 2466 630 2497 ἐστι,
651 2465 809 2497 συνελόντας
837 2465 912 2500 ἡμᾶς

120 2514 211 2540 εἰπεῖν
225 2513 346 2548 ὡσπερεὶ
359 2512 636 2547 κεφαλαιωδέστερον,
651 2512 784 2548 ἑκατέρας
798 2510 912 2547 τοῦργον

119 2560 167 2586 καὶ
181 2558 212 2585 τὸ
229 2559 294 2586 ἰδιον
307 2558 365 2585 ἔστι
383 2558 433 2594 μὲν
450 2559 466 2594 ἡ
483 2558 591 2593 ἀγάπη.
620 2559 712 2594 μήτηρ
725 2567 754 2584 τε
773 2557 844 2590 ἅμα,
865 2557 912 2584 καὶ

118 2604 230 2640 τροφὸς,
247 2605 294 2631 καὶ
309 2604 384 2641 ῥίζα,
400 2605 446 2631 καὶ
462 2605 567 2639 κρηπὶς
577 2603 709 2639 ἄντικρυς
723 2603 762 2639 τῷ
778 2603 832 2630 τῶν
848 2604 913 2638 ἁρε-

119 2651 175 2678 τῶν
190 2652 355 2686 συστήματι,
371 2651 443 2687 ἀρχή
459 2660 488 2678 τε
504 2652 559 2683 τοῖς
571 2650 694 2677 ὁδεύουσι
717 2650 786 2686 πρὸς
811 2650 912 2685 ἀρετὴν

121 2697 220 2728 ἅπασι,
236 2697 283 2723 καὶ
298 2696 432 2732 πλάστης,
454 2697 501 2723 καὶ
512 2696 654 2730 ἀλείπτης,
668 2695 705 2726 ὡς
721 2695 755 2722 ἀν
771 2704 812 2726 τις
825 2695 909 2727 εἴποι,

123 2741 174 2767 καὶ
190 2740 361 2773 ἁπαξαπλῶς
378 2741 433 2768 πᾶν
451 2740 583 2777 τοιοῦτον,
599 2737 629 2767 οὒ
647 2741 731 2776 χωρὶς
745 2741 797 2767 οὐκ
823 2740 910 2768 ἔνεστι

119 2785 247 2819 γενέσθαι
263 2794 288 2813 τι
304 2786 359 2813 τῶν
377 2786 504 2822 χρηστῶν
527 2788 588 2818 ταῖς
617 2786 767 2821 ἡμετέραις
786 2785 885 2822 ψυχαῖς
901 2796 909 2802 ο

120 2831 178 2858 last
190 2831 219 2858 δὲ
232 2832 248 2866 ἡ
265 2831 500 2867 ταπεινοφροσύνη
514 2831 647 2863 οἷονείτις
659 2831 729 2864 ὁδὸς,
752 2833 797 2859 καὶ
811 2833 908 2868 πέρας,

121 2877 171 2904 καὶ
182 2876 195 2903 ὅ
207 2885 290 2913 τιπερ
302 2877 333 2904 ἂν
345 2877 450 2913 γένοιτο
465 2877 482 2913 ἦ
507 2879 594 2905 νοοῖτο
618 2876 737 2913 ἔρεισμα
759 2878 806 2904 καὶ
823 2879 907 2914 φυλα-

961 257 1118 285 damentum
1135 262 1251 291 certum,
1277 259 1399 286 innixum
1426 262 1521 293 petrae,
1553 259 1680 285 nimirum
1703 257 1753 292 ipsi

960 303 1080 336 Christo,
1111 304 1289 340 radicemque
1306 305 1439 332 bonorum
1457 298 1769 339 οιιιιιῑιιιιι,ρει-ιίιιειετιι-Γ

960 355 1015 377 tem
1052 350 1087 378 ad
1113 359 1238 385 magnam
1269 351 1494 386 profunditatem,
1525 356 1551 378 et
1579 351 1750 378 altitudinem

960 403 1056 430 reapse
1074 403 1127 423 non
1141 396 1379 430 perscrutahilem.
1398 397 1534 431 siquidem
1550 404 1610 431 qua:
1627 395 1675 422 Dei
1688 399 1754 422 sunt

961 442 1024 469 talia
1038 447 1101 469 sunt
1116 451 1123 476 ;
1137 448 1165 470 et
1178 442 1236 476 ipsa
1260 451 1348 477 usque
1363 443 1430 470 adeo
1446 443 1472 469 in
1498 443 1551 470 Deo
1562 447 1614 474 est,
1638 441 1698 468 utis
1714 443 1755 476 lp—

960 488 1068 516 sissima
1084 496 1193 522 quoque
1213 489 1322 516 dilectio
1339 494 1520 523 nuncupetur.
1538 489 1578 516 Ad
1605 495 1752 520 summam,

960 539 1063 562 catena:
1075 535 1227 562 consimilis
1242 540 1282 562 est
1297 535 1430 562 virtutum
1446 541 1533 563 cretus
1551 543 1559 568 ;
1576 540 1603 563 et
1615 539 1644 561 ut
1658 541 1754 561 omnes

963 580 1078 609 invicem
1099 581 1248 614 cohaerent,
1279 582 1417 609 sicasola
1447 582 1594 610 dilectione
1623 582 1756 615 pendent.

961 627 1144 660 Quamobrem
1159 628 1220 656 huic
1245 628 1337 656 omnia
1372 628 1547 663 congruerint
1574 626 1705 656 maxima.
1728 630 1756 653 et

962 675 1077 708 optima,
1094 678 1122 702 et
1134 674 1330 709 pulcherrima.
1345 678 1370 701 et
1382 673 1549 706 veneranda,
1563 677 1589 700 et
1613 676 1725 707 augusta
1746 680 1755 704 ς

964 721 986 748 si
1003 720 1067 755 quis
1078 727 1110 748 ea
1126 720 1252 752 collecta,
1269 723 1465 755 censestaque,
1496 719 1560 746 huic
1588 718 1756 747 attribuerit.

961 766 1071 793 Nullum
1081 766 1168 798 enim,
1200 767 1309 801 opinor,
1335 766 1440 793 nullum
1457 766 1568 792 omnino
1586 764 1685 791 bonum
1703 768 1756 796 est,

962 813 1034 848 quod
1047 813 1081 841 iis
1094 820 1107 838 a
1117 811 1550 847 proprietatibusdiscrepet.quae
1561 809 1623 836 huic
1636 809 1755 836 adsunt:

962 858 1043 887 sicuti
1064 865 1114 885 nec
1124 857 1237 885 omnino
1254 857 1401 892 quidquam
1419 859 1471 888 est,
1494 855 1575 882 modo
1594 853 1726 882 bonorum
1741 861 1756 879 a

962 905 1093 933 societate
1105 911 1158 932 non
1177 903 1342 936 excluditur,
1355 903 1427 938 quod
1454 910 1506 929 non
1532 901 1673 937 insigniter
1702 900 1757 928 ltu-

963 951 1087 979 militatis
1098 951 1254 978 eminentiae
1268 957 1400 984 suprcmte
1413 949 1571 977 conveniat.
1582 948 1651 976 Cum
1669 948 1757 984 igitur

963 999 1022 1033 ipsa
1041 1001 1124 1032 caput
1142 1001 1168 1024 el
1185 1001 1280 1024 vertex
1306 997 1384 1030 quasi
1410 995 1519 1030 quidam
1549 986 1683 1023 bonorum
1711 995 1757 1027 sit,

963 1050 1018 1070 non
1037 1047 1128 1069 tamen
1145 1041 1276 1069 humilior
1284 1046 1325 1069 est
1340 1041 1479 1068 modestia
1491 1041 1658 1076 magnitudo,
1675 1047 1756 1074 quam

964 1087 1275 1116 dilectioniseminenlia
1292 1087 1326 1114 sit
1337 1092 1420 1121 atque
1433 1086 1562 1120 dignitas.
1578 1085 1626 1112 Est
1640 1085 1714 1113 enim
1729 1089 1757 1113 et

964 1142 1013 1170 per
1028 1142 1056 1162 se
1071 1133 1170 1161 bonum
1184 1133 1320 1168 quoddam
1334 1133 1485 1164 humilitas,
1498 1137 1525 1160 et
1543 1139 1685 1160 ostensum
1703 1135 1756 1164 est,

964 1181 1036 1208 hanc
1064 1187 1126 1208 esse
1146 1180 1304 1208 thesaurum
1336 1180 1469 1207 bonorum
1485 1187 1499 1206 a
1524 1179 1602 1207 nobis
1616 1179 1649 1206 de
1678 1178 1759 1206 rectis

963 1225 1119 1254 dilectionis
1139 1225 1223 1252 ramis
1236 1225 1429 1252 collectorum.
1444 1224 1629 1258 Quamobrem
1643 1227 1760 1258 utraque

964 1272 1069 1300 ratione
1085 1271 1312 1306 praestantissima
1328 1275 1380 1299 est.
1395 1271 1462 1298 Nam
1477 1271 1534 1299 sive
1549 1271 1622 1298 illam
1636 1274 1666 1297 ut
1678 1270 1758 1297 linem

964 1317 1244 1355 consideraverimus,
1254 1316 1324 1343 nihil
1341 1324 1372 1344 ea
1388 1317 1485 1345 melius
1497 1324 1504 1343 :
1516 1316 1574 1344 sive
1585 1320 1714 1350 tanquam
1725 1315 1758 1342 ad

965 1364 1046 1391 linem
1061 1370 1092 1390 ea
1108 1362 1243 1390 fuerimus
1257 1362 1308 1395 usi,
1321 1362 1450 1390 aberrare
1462 1370 1476 1389 a
1490 1370 1573 1397 scopo
1590 1370 1644 1389 non
1661 1368 1760 1395 possu-

964 1417 1038 1437 mus.
1056 1404 1103 1438 Est
1116 1409 1189 1437 enim
1203 1413 1230 1436 et
1244 1416 1294 1444 per
1308 1416 1338 1436 se
1348 1409 1430 1441 bona,
1448 1413 1576 1443 tanquam
1598 1407 1709 1443 paciﬁca
1733 1411 1761 1433 et

964 1455 1121 1486 mitissima,
1133 1454 1205 1489 quod
1223 1461 1289 1481 sane
1314 1453 1369 1481 Deo
1395 1453 1534 1489 proprium
1552 1457 1615 1481 est:
1640 1457 1669 1480 et
1688 1452 1760 1480 bona

965 1505 1071 1530 rursus,
1086 1497 1154 1524 alias
1169 1497 1302 1533 plurimas
1314 1497 1350 1525 ob
1366 1504 1464 1525 causas
1481 1506 1489 1531 ;
1507 1497 1623 1532 ideoque
1648 1497 1761 1525 thesau-

925 1544 948 1576 C
965 1552 1012 1572 rus
1023 1545 1156 1571 bonorum
1175 1544 1297 1571 omnium
1312 1550 1339 1571 et
1349 1544 1513 1579 appellatur.
1524 1549 1602 1572 etest
1618 1545 1756 1579 :quando—

964 1590 1073 1626 quidem
1086 1589 1190 1624 absque
1217 1589 1269 1617 hac
1292 1589 1350 1617 ﬁeri
1373 1590 1446 1617 nulla
1474 1590 1580 1617 ratione
1603 1595 1703 1625 potest,
1731 1595 1760 1618 ut

964 1636 1046 1664 homo
1066 1636 1107 1663 vel
1120 1636 1208 1663 bonus
1222 1643 1284 1663 esse
1296 1640 1464 1671 perseveret,
1479 1636 1520 1662 vel
1546 1636 1631 1663 bonus
1649 1636 1761 1664 omnino

965 1683 1022 1710 ﬂat.
1042 1681 1172 1710 Eamdem
1186 1682 1289 1710 scimus
1300 1682 1353 1710 hoc
1369 1689 1477 1717 quoque
1490 1682 1555 1709 boni
1573 1682 1653 1710 nobis
1663 1689 1761 1717 suppe-

964 1728 1063 1756 ditare.
1091 1727 1156 1755 Nam
1179 1727 1213 1755 ad
1232 1735 1339 1756 summe
1366 1727 1511 1763 pacificum
1531 1727 1761 1762 mitissimumquc

965 1779 1120 1802 curatorem
1141 1781 1174 1801 ac
1199 1774 1341 1801 dominutn
1373 1778 1497 1801 nostrum
1514 1781 1595 1809 quam
1615 1773 1760 1801 celerrime

965 1829 1014 1850 nos
1026 1820 1155 1849 sustullit.
1170 1820 1258 1854 Hujus
1270 1820 1342 1848 enim
1361 1820 1406 1848 ille
1420 1827 1532 1847 cursum
1568 1827 1630 1846 cum
1648 1820 1761 1847 mirifice

965 1867 1139 1902 complesset,
1154 1874 1247 1894 amore
1262 1871 1351 1894 motus
1366 1866 1513 1899 immenso,
1530 1873 1580 1893 nos
1591 1874 1606 1893 e
1618 1870 1698 1894 terrae
1709 1866 1760 1894 ba-

965 1914 1059 1941 rathro
1073 1913 1202 1940 subduxit
1215 1914 1247 1940 ad
1259 1913 1369 1946 cmlum,
1381 1913 1500 1948 vestigiis
1512 1912 1570 1947 ejus
1583 1913 1759 1941 inhaerentes.

964 1957 1031 1985 Nam
1043 1959 1065 1985 si
1081 1958 1141 1992 quis
1151 1958 1246 1986 eodem
1263 1966 1323 1985 cum
1356 1954 1410 1985 illo
1426 1965 1523 1986 secure
1539 1964 1633 1993 pergat
1650 1959 1759 1993 itinere,

965 2012 1019 2040 quo
1033 2009 1112 2040 pacto
1129 2013 1184 2032 non
1200 2005 1233 2032 ad
1255 2013 1317 2033 eum
1339 2005 1419 2033 facile
1432 2007 1599 2040 perveniet?
1619 2014 1672 2041 quo
1694 2014 1761 2033 sane

965 2051 1030 2086 quid
1051 2051 1176 2080 accidere
1200 2051 1308 2079 beatius
1337 2052 1439 2079 homini
1458 2051 1566 2086 possit?
1593 2052 1707 2086 ideoque
1737 2052 1760 2079 si

966 2097 1069 2125 tradam
1084 2104 1183 2125 carnes
1201 2105 1286 2130 meas,
1298 2101 1327 2124 ut
1337 2098 1498 2129 eomburar,
1513 2097 1684 2126 dilectionem
1696 2105 1761 2125 vero

965 2152 1018 2172 non
1035 2145 1149 2172 habeam
1166 2153 1175 2178 ;
1193 2144 1259 2172 nihil
1273 2145 1336 2172 inde
1347 2152 1500 2179 consequor
1514 2144 1703 2173 emolumenti.
1728 2145 1762 2172 Et

966 2192 1079 2219 edoctus
1108 2199 1122 2219 a
1147 2191 1290 2220 Salvatore
1322 2199 1393 2225 sum,
1425 2192 1470 2227 qui
1502 2191 1660 2219 modestiam
1681 2191 1761 2219 factis

965 2237 1055 2272 potius
1085 2245 1166 2272 quam
1187 2238 1278 2266 verbis
1294 2245 1337 2266 me
1350 2238 1455 2270 docuit,
1474 2241 1502 2264 ut
1519 2237 1650 2273 mcipsttm
1675 2245 1761 2273 agno-

963 2290 1038 2310 scam
1054 2283 1178 2310 inutilem
1193 2291 1315 2315 servum,
1329 2283 1412 2310 etiam
1426 2290 1488 2310 cum
1516 2282 1643 2309 mandata
1672 2283 1759 2318 ipsius

962 2329 1054 2357 omnia
1096 2338 1140 2357 me
1170 2330 1299 2364 implesse
1329 2329 1493 2357 constiterit.
1522 2328 1666 2356 Enimvero
1693 2330 1762 2356 hanc

963 2380 1018 2401 ιιιιιι
1028 2374 1194 2407 dilectionis,
1213 2379 1268 2401 ttun
1283 2375 1424 2403 modestia:
1440 2375 1573 2402 rationem
1605 2381 1676 2407 esse,
1703 2382 1762 2401 ma-

965 2422 1066 2449 nifesto
1085 2427 1174 2456 paret.

997 2466 1074 2500 Quod
1083 2467 1106 2493 si
1119 2471 1209 2494 autem
1220 2474 1233 2492 ιι
1245 2466 1322 2494 nobis
1331 2465 1420 2494 ethoc
1433 2467 1592 2502 requiritur,
1603 2473 1632 2494 ut
1642 2467 1737 2495 breviti
1749 2476 1761 2494 r

962 2514 1098 2548 quasique
1125 2514 1281 2540 suumtatim
1302 2513 1444 2548 utriusque
1459 2517 1513 2541 tant
1529 2513 1663 2546 cilicium,
1675 2522 1759 2549 quam

967 2559 1162 2594 proprietatem
1179 2566 1373 2594 exponamus;
1397 2560 1505 2588 dilectio
1534 2561 1644 2595 quidem
1673 2566 1760 2587 tnaler

965 2611 1007 2634 est
1023 2606 1138 2641 pariter.
1152 2611 1179 2633 et
1191 2606 1294 2640 nutrix,
1322 2612 1350 2634 et
1377 2607 1466 2640 radix,
1483 2612 1510 2634 ct
1534 2607 1647 2640 crepido
1677 2606 1760 2634 totius

966 2651 1099 2678 virtutum
1115 2651 1250 2684 corporis.
1287 2656 1369 2686 atque
1395 2652 1557 2687 principium
1583 2652 1759 2687 pergentibus

965 2695 997 2722 ad
1017 2695 1145 2722 virtutem
1158 2695 1305 2729 universis,
1317 2702 1344 2724 et
1359 2696 1515 2729 formati-ix,
1532 2703 1558 2724 et
1575 2697 1693 2730 unctrix,
1718 2697 1758 2724 liti

964 2742 1027 2777 quis
1041 2741 1152 2774 dixerit,
1168 2746 1195 2770 et
1209 2742 1370 2777 simpliciter
1386 2743 1452 2770 nihil
1468 2751 1521 2770 non
1534 2743 1679 2777 ejusmodi.
1692 2743 1758 2771 alis-

964 2795 1018 2822 que
1033 2795 1087 2822 quo
1101 2787 1165 2814 boni
1179 2788 1318 2823 quidpiam
1338 2789 1438 2817 nostris
1453 2789 1479 2817 in
1499 2790 1599 2817 animis
1624 2789 1758 2819 exsistere

965 2833 1069 2868 nequit.
1089 2832 1235 2861 llutuilitas
1250 2842 1315 2862 vero
1331 2835 1409 2869 quasi
1433 2835 1477 2863 via
1506 2834 1631 2870 qumdam
1658 2840 1711 2868 est,
1727 2839 1756 2863 et

951 2880 1026 2908 -liuis
1038 2885 1064 2908 ct
1085 2880 1266 2917 quodcunque
1294 2881 1336 2910 vel
1355 2889 1428 2916 csse,
1458 2882 1499 2910 vel
1529 2883 1642 2918 cogitari
1670 2885 1759 2918 possit

930 2222 952 2250 D
