1937 3078
153 134 206 166 ί43

738 134 937 164 MANUELIS
955 135 1176 166 PAL/EOLOGl

1722 139 1775 169 5¹ς4

151 183 498 224 fnierum,aceuratumque
513 189 669 224 praesidium
698 189 832 217 bonorum
851 189 938 217 omni-

1002 191 1104 226 ιτήριον
1121 191 1235 227 ἀκριὸὲς
1251 193 1360 220 πάντων
1381 194 1445 229 ἑξῆς
1461 194 1513 220 τῶν
1531 193 1634 226 καλῶν,
1647 193 1721 228 λῆξις
1745 203 1776 220 τι

153 245 208 269 tuin,
223 237 409 270 virtutumque
440 235 583 268 terminus,
615 240 641 263 et
657 236 777 271 requies,
797 241 822 263 et
845 241 939 270 portus

151 282 291 315 salutaris,
323 286 350 308 et
379 281 455 308 locus
486 286 571 315 tutus,
606 281 675 308 ultra
703 289 782 315 quem
812 280 938 316 progredi

151 328 258 362 longius
285 327 399 354 minime
411 327 452 354 fas
475 332 527 360 est,
558 328 604 354 sed
627 328 745 354 victores
767 327 810 355 bic
828 327 941 355 ﬁrmiter

153 376 324 408 insistentes,
356 382 403 409 spe
437 375 640 402 reconditorum
678 374 730 402 sibi
769 374 940 408 prmmiorum

153 426 239 448 semet
256 420 402 447 oblectent.
417 420 486 453 Quin
506 420 586 447 etiam
613 421 662 447 hac
679 420 784 447 ratione
817 420 890 446 velut
914 419 941 446 in

153 466 306 499 aequilibrio
324 473 373 498 par
389 466 461 493 istud
479 470 532 493 est.
555 466 788 498 Quemadmodum
819 465 890 492 enim
919 464 941 491 si

155 511 264 538 dilectio
278 519 329 538 non
353 511 435 545 adsit,
458 512 525 538 nihil
544 511 606 538 boni
642 511 699 538 ﬂeri
729 515 817 545 p0test
834 519 841 538 :
860 510 896 538 ita
918 509 942 537 si

156 558 226 584 absit
246 557 395 590 humilitas,
416 557 488 584 nulla
499 556 650 584 dilectionis
673 557 742 584 bona
767 556 846 583 nobis
867 555 942 584 salva

156 603 314 635 manebunt,
331 603 376 630 sed
401 603 543 630 confestim
572 602 651 638 quasi
675 602 778 637 dilapsa
805 601 942 637 peribunt,

156 647 243 674 instar
265 648 442 675 hibernorum
472 647 581 679 ﬂorum,
610 655 726 682 quorum
753 646 879 680 splendor
896 646 943 673 diu

157 699 210 718 non
230 691 363 724 durat,et
377 692 525 727 fragrantia
543 691 622 720 exilis
646 696 698 724 est,
727 696 753 719 et
776 691 881 718 fructus
906 691 945 716 ἰη-

158 737 345 772 tempestivus.
361 738 382 765 si
411 738 527 765 maxime
556 737 698 773 proveniat
713 744 744 764 ac
767 740 943 768 maturescat,

157 784 422 818 perexignuseslae.
441 784 573 818 ingratus,
594 791 682 817 neque
709 784 809 810 durare
840 786 943 818 potest.

159 829 233 862 ll.ec,
268 829 443 865 mequidem
474 831 583 864 opinor,
611 829 825 867 proprietatibus
849 829 943 855 barum

990 236 1044 263 τῶν
1056 237 1173 270 ἀρετῶν,
1189 238 1235 266 καὶ
1259 239 1423 271 ἀνάπαυσις,
1447 240 1494 267 καὶ
1522 240 1654 274 σωτήριος
1680 240 1775 274 λιμὴν,

991 283 1036 308 καὶ
1047 283 1146 318 χωρίον
1164 283 1293 317 ἀσφαλὲς,
1305 281 1335 312 οὗ
1347 293 1379 317 γε
1388 286 1429 312 δεῖ
1443 286 1479 320 μὴ
1496 285 1651 320 περαιτέρῳ
1665 287 1775 320 χωρεῖν,

991 328 1048 354 ἀλλ’
1077 329 1201 363 ἑδραίους
1223 330 1384 364 ἱσταμένους
1409 331 1525 357 ἐνταῦθα
1555 333 1619 362 τοὺς
1646 331 1777 366 ἀριστέας

992 374 1186 408 εὐφραίνεσθαι
1202 376 1261 407 ταῖς
1277 376 1368 402 ἐλπίσι
1392 377 1445 403 τῶν
1470 376 1660 410 ἀποκειμένων
1685 376 1779 407 αὐτοῖς

992 420 1092 455 γερῶν.
1109 420 1164 447 Καὶ
1182 421 1236 456 μὴν
1252 421 1384 449 καὶκατὰ
1408 422 1468 449 τόδε
1497 423 1639 458 ἰσόρροπός
1663 423 1736 448 ἐστιν
1760 423 1777 457 ἡ

994 465 1108 501 ξυνωρὶς
1119 465 1198 500 αὕτη.
1221 467 1265 498 Ὠς
1278 467 1333 501 γὰρ
1356 466 1405 501 τῆς
1420 467 1532 502 ἀγάπης
1547 467 1680 501 ἀπούσης,
1703 467 1778 493 οὐδὲν

993 511 1026 539 ἂν
1036 511 1124 546 δήπου
1143 511 1196 538 τῶν
1215 512 1325 545 ἀγαθῶν
1337 513 1452 546 γένοιτο,
1469 512 1541 539 οὕτω
1556 513 1602 539 καὶ
1616 513 1665 547 τῆς
1684 521 1779 539 ταπει-

993 555 1161 591 νοφροσύνης
1181 556 1387 590 ἀφεστηκυίας,
1421 556 1497 582 οὐδὲν
1531 556 1596 589 ἡμῖν
1624 556 1781 589 παραμενεῖ

995 603 1049 628 τῶν
1074 602 1126 636 τῆς
1154 601 1264 636 ἀγάπης
1290 601 1393 633 καλῶν,
1418 601 1485 628 ἀλλά
1510 601 1610 627 αὐτίκα.
1637 600 1780 635 οἰχήσεται

996 647 1186 682 καταρρυέντα
1211 648 1276 682 περὶ
1293 647 1372 680 αὐτὰ,
1397 647 1466 674 κατὰ
1496 646 1530 672 τὰ
1558 646 1702 681 χειμερινὰ
1725 645 1780 672 τῶν

995 692 1107 724 ἀνθέων,
1120 689 1157 719 ὧν
1172 693 1221 719 οὐκ
1251 693 1290 724 εἰς
1311 692 1413 728 μακρὸν
1436 693 1451 726 ἡ
1473 692 1643 726 λαμπρότης,
1671 691 1718 717 καὶ
1749 692 1780 717 τὺ

996 739 1095 770 εὑῶδες
1109 739 1224 773 ἀδρανὲς
1237 747 1243 753 ·
1258 739 1304 766 καὶ
1320 739 1334 765 ὁ
1350 738 1387 773 μὴ
1403 738 1451 764 σὺν
1479 737 1537 772 ὥρᾳ
1555 737 1667 772 ’καρπὸς
1683 737 1710 763 εί
1729 737 1781 762 που

996 795 1028 821 γε
1042 787 1089 813 καὶ
1112 786 1225 820 γένοιτο,
1241 787 1287 812 καὶ
1310 784 1512 818 τελεσφορήσει,
1538 782 1659 817 ἑξίτηλός
1675 791 1715 815 τις
1734 781 1804 809 καὶ·

997 831 1093 866 ἀηδὴς,
1107 830 1154 857 καὶ
1173 830 1294 864 διαρκεῖν
1311 829 1348 865 μὴ
1360 829 1517 863 δυνάμενος.
1545 828 1629 854 Ταυτὶ
1661 828 1710 861 μὲν
1735 827 1782 853 οὖν

159 875 345 909 congruerint.
371 875 440 909 Quid
457 881 548 902 autem
566 876 606 903 eis
621 883 767 903 commune
783 874 829 906 sit,
843 882 945 909 cogno-

1002 877 1143 912 ippéaatev
1157 876 1190 903 ἂν
1204 875 1281 910 οἶμαι
1291 877 1350 906 ταῖς
1365 875 1478 902 ἐκείνων
1492 874 1620 909 ἰδιότησιν
1635 881 1642 888 ·
1659 874 1673 900 δ
1685 874 1712 900 δὲ
1726 882 1783 899 κοι-

159 926 236 946 scere
248 920 270 946 si
285 920 378 953 cupias
394 929 401 947 :
418 920 446 947 id
469 928 526 948 mea
545 928 609 948 sane
634 921 768 948 sententia
787 920 838 948 hoc
859 919 946 954 ipsum

162 965 295 1000 imprimis
315 965 407 993 fuerit.

197 1055 263 1082 Esse
279 1055 342 1081 mihi
361 1055 489 1082 videntur
505 1050 553 1082 alae
566 1054 643 1083 illius
670 1054 784 1090 egregiae
804 1054 947 1088 Columbae,

163 1101 291 1128 nimirum
310 1101 437 1136 Spiritus,
453 1108 520 1136 quas
533 1106 558 1128 et
572 1101 689 1128 Davides
701 1100 815 1135 optavit,
835 1105 863 1127 ut
875 1108 946 1126 avo-

163 1147 232 1174 laret
253 1156 284 1174 ac
307 1148 500 1182 requiesceret.
525 1147 578 1175 Sed
609 1147 807 1182 reprehendent
834 1146 949 1174 fortasse

164 1201 212 1221 nos
228 1194 348 1228 quidam,
367 1194 454 1228 utqui
474 1199 574 1221 metum
600 1193 738 1221 dilectioni
768 1201 820 1220 non
839 1201 946 1228 prrepo-

164 1240 310 1266 st-erimtts.
337 1238 421 1265 Aiunt
448 1239 519 1266 enim
551 1238 634 1270 divini
650 1239 786 1271 doctores,
804 1238 860 1272 pios
877 1238 950 1265 viros

164 1284 323 1318 im-ipientcs
339 1285 371 1311 ad
391 1284 516 1312 virtutem
545 1285 666 1317 tendere,
683 1291 698 1311 ει
725 1289 795 1311 metu
813 1283 948 1319 supplitii,

164 1335 292 1364 tanquam
310 1338 323 1356 a
346 1330 512 1364 carceribus,
535 1329 676 1365 progredi;
695 1330 789 1357 deinde
818 1336 864 1364 per
884 1329 950 1356 alias

165 1376 303 1412 pergendo
322 1377 510 1411 cogitationes,
541 1376 574 1403 ad
594 1383 714 1403 amorem
741 1376 885 1410 quemdam
904 1375 951 1402 ad—

166 1422 316 1449 mirabilem
331 1422 531 1449 reconditarum
547 1421 707 1449 fruitionum
729 1423 870 1456 pervenire
881 1441 889 1455 ,
905 1427 950 1449 at-

166 1475 219 1501 que
235 1469 306 1494 inure
323 1468 348 1494 in
363 1468 473 1495 modum
493 1467 615 1502 deposito
634 1473 718 1500 metu,
745 1475 865 1495 amorem
886 1475 950 1504 erga

169 1514 250 1540 Deum
266 1515 479 1548 apprehendere.
492 1513 598 1549 Quippe
613 1519 751 1550 nequeunt
765 1516 844 1541 ambo
871 1516 945 1550 pari-
963 1528 986 1561 ρ

167 1566 208 1586 ΙνΓ
220 1560 323 1592 aulesSe,
344 1560 390 1587 sed
408 1568 439 1588 ex
459 1561 497 1588 eis
512 1561 628 1588 alterum
644 1561 703 1588 loco
727 1560 824 1589 cedere
840 1568 950 1588 necesse

167 1610 220 1638 est,
245 1607 380 1640 siquidem
398 1607 513 1634 alterum
542 1608 637 1635 adesse
664 1607 771 1634 debeat.
793 1607 855 1635 lla‘c
872 1607 952 1643 igitur

167 1652 216 1683 illi,
232 1653 265 1679 de
281 1653 356 1680 hisce
367 1653 472 1680 duobus
486 1654 661 1685 disserentes,
672 1653 878 1688 adeoqueloage
896 1653 954 1687 plu-

168 1707 196 1725 ra
213 1699 421 1734 pulchrioraque
438 1701 557 1728 tradunt.
576 1700 632 1735 Ego
657 1708 722 1728 vero
742 1700 954 1735 reprehensuros

168 1746 228 1773 illos
248 1747 396 1773 orationem
434 1746 550 1774 fortasse
598 1752 731 1779 nostram,
759 1746 848 1773 verbis
864 1746 955 1780 lmjus.

169 1792 240 1818 nindi
255 1792 464 1826 compellavero.
493 1791 565 1819 llens
596 1796 634 1824 tu,
653 1793 723 1820 bone
748 1793 797 1825 vir,
814 1793 863 1819 hoc
873 1791 954 1819 etiam

169 1839 393 1865 considerandqu
410 1840 492 1866 venit.
508 1839 570 1866 Mihi
588 1839 755 1874 propositum
772 1843 830 1865 erat
845 1839 879 1865 ab
905 1834 957 1864 itii-

170 1886 219 1917 tio,
244 1886 277 1912 de
308 1885 463 1917 vi-tutibus,
481 1890 507 1912 et
525 1894 618 1923 ear-um
643 1886 715 1913 inter
744 1892 773 1912 se
792 1884 955 1919 cognatione

169 1931 296 1966 quiddam
313 1932 388 1966 quasi
405 1932 586 1967 perfunctorie
600 1932 742 1963 disserere,
765 1939 817 1958 non
830 1931 862 1958 de
872 1929 956 1957 affec-

171 1979 242 2005 tibus
253 1978 336 2013 loqui.
352 1978 454 2011 thuia
465 1982 565 2005 metum
575 1977 631 2005 scio
651 1985 701 2004 non
720 1977 879 2004 lattdabilem
891 1976 957 2004 ama-

170 2031 244 2051 ctum
261 2031 322 2052 esse
334 2032 381 2058 per
392 2031 432 2056 se,
447 2024 510 2052 licet
536 2025 568 2050 ad
583 2023 685 2058 optima
696 2030 810 2058 quaeque
826 2029 956 2057 coepere-

171 2076 225 2102 tur,
240 2071 262 2098 si
279 2071 425 2098 secundum
453 2070 535 2097 Deum
559 2069 619 2103 sit;
645 2070 757 2097 minime
783 2068 955 2096 referendum

171 2117 242 2143 inter
255 2116 368 2143 virtutes
383 2117 489 2148 censui,
510 2119 677 2151 quapropter
692 2123 747 2142 non
762 2114 809 2141 abs
826 2122 856 2142 re
872 2114 957 2141 silen-

171 2163 208 2189 tio
226 2163 377 2197 prmteritus
392 2168 442 2190 est.
459 2163 551 2197 itaque
565 2163 622 2189 Deo
634 2166 660 2189 te
687 2161 799 2196 iuvante
827 2162 852 2188 in
869 2161 958 2188 susci-

998 924 1042 950 v6v
1058 924 1130 949 ἐστιν
1154 922 1256 954 αὐτοῖς,
1283 922 1341 955 εἴγε
1372 921 1483 955 ζητοίης
1505 920 1613 955 μαθεῖν,
1636 920 1723 947 ὲκεῖνο
1749 920 1783 946 ἂν

998 968 1039 1002 εἴη
1065 968 1180 1003 μάλιστα
1197 968 1321 1001 πάντων,
1351 967 1388 999 ὡς
1406 968 1499 1002 ἔμοιγε
1520 967 1687 1002 παρίσταται
1720 966 1784 1001 περὶ

997 1014 1093 1042 τῶνδε.

1033 1060 1147 1088 Δοκοῦσί
1176 1069 1220 1095 μοι
1245 1060 1381 1095 πτέρυγες
1410 1056 1479 1086 εἶναι
1507 1059 1609 1085 ἐκεῖναι
1622 1059 1671 1092 τῆς
1697 1057 1785 1092 καλῆς

1000 1107 1176 1142 περιστερᾶς,
1193 1106 1294 1142 δηλαδὴ
1306 1106 1353 1133 τοῦ
1370 1106 1538 1140 Πνεύματος,
1553 1102 1590 1131 ὧν
1606 1107 1619 1131 ὁ
1632 1104 1713 1131 Δαῆζδ
1735 1105 1787 1130 sit.

1000 1152 1150 1187 εθὺμησεν,
1170 1152 1208 1184 ὠς
1238 1152 1405 1186 πετασθῆναι
1432 1152 1477 1178 καὶ
1503 1151 1692 1178 καταπαῦσαι.
1715 1149 1777 1176 Ἀλλ

1001 1198 1065 1229 tam;
1080 1197 1111 1232 γέ
1124 1206 1195 1229 τινες
1209 1197 1287 1232 ἡμῶν
1302 1197 1492 1232 ἐπιλήψονται,
1510 1196 1547 1227 ὡς
1562 1196 1598 1232 μὴ
1612 1195 1661 1230 τῆς
1675 1195 1786 1230 ἀγάπης

1001 1244 1214 1280 προτεθεικότων
1225 1244 1270 1270 τὸν
1286 1244 1376 1278 φὸῧον.
1394 1243 1503 1277 Ἐπειδή
1518 1251 1599 1276 φασιν
1617 1242 1640 1268 οἱ
1657 1241 1723 1267 θεῖοι
1746 1240 1788 1267 δι-

1002 1290 1140 1323 δάσκαλοι,
1168 1290 1205 1321 ὠς
1237 1290 1262 1316 ot
1286 1290 1407 1320 εὐσεϐεῖς
1433 1290 1527 1323 ἄνδρες
1543 1288 1688 1324 ἀρχόμενοι
1718 1289 1788 1322 πρὸς

1003 1337 1103 1372 ἀρετὴν
1119 1336 1278 1370 ἀνάγεσθαί,
1301 1335 1355 1363 ἀπὸ
1381 1334 1428 1362 τοῦ
1455 1335 1504 1368 τῆς
1531 1335 1666 1364 κολάσεως
1689 1333 1787 1367 φόϐου,

1001 1383 1038 1415 ὡς
1054 1383 1108 1410 ἀπὸ
1121 1382 1253 1418 βαλϐῖδος,
1266 1381 1415 1417 ὁρμῶνωι.
1432 1379 1498 1408 Εἶτα
1514 1380 1546 1407 δι’
1566 1380 1653 1406 ἄλλων
1680 1379 1788 1405 ὁδεύον-

1003 1437 1048 1460 τες
1070 1427 1218 1462 λογισμῶν,
1253 1426 1427 1454 καταντῶσιν
1463 1427 1502 1458 εἰς
1537 1425 1695 1459 θαυμσστόν
1725 1433 1789 1451 τινα

1003 1473 1092 1508 ἔρωτα
1104 1473 1157 1499 τῶν
1171 1473 1359 1506 ἀποκειμένων
1370 1471 1557 1498 ἀπολαύσεων.
1584 1471 1639 1497 Καὶ
1654 1470 1740 1506 ταύτῃ
1756 1479 1789 1505 γε

1002 1519 1047 1546 τὸν
1058 1519 1138 1552 φόϐον
1153 1518 1324 1553 ἀποθέμενοι,
1342 1519 1391 1553 τῆς
1412 1519 1481 1552 πρὸς
1512 1517 1558 1544 τὸν
1585 1517 1653 1544 Θεὺν
1676 1517 1788 1551 ἀγάπης

1003 1565 1243 1599 ὲπιλαμὸάνονται.
1257 1564 1295 1591 Οὐ
1315 1564 1369 1598 γὰρ
1387 1563 1461 1590 ἔστιν
1474 1564 1566 1598 ἄμφω.
1574 1563 1713 1597 παρεῖναι,
1730 1562 1789 1589 ἀλλ’

1003 1612 1151 1645 ἀναγκαῖον
1169 1610 1344 1645 ὑποχωρῆσαι
1360 1609 1390 1635 τὸ
1401 1609 1507 1643 ἕτερον,
1529 1610 1553 1634 εί
1586 1608 1677 1642 μέλλει
1701 1617 1791 1642 παρα-

1004 1657 1126 1692 γίνεσθαι
1143 1657 1266 1692 θάτερον.
1284 1656 1368 1682 Ταυτὶ
1392 1655 1442 1690 μὲν
1461 1654 1507 1682 οὖν
1531 1655 1641 1687 ἐκεῖνοι,
1664 1655 1697 1681 τὰ
1724 1656 1791 1690 περὶ

1004 1703 1090 1730 τοῖνδε
1109 1702 1331 1736 φιλοσοφοῦντες,
1347 1702 1394 1728 καὶ
1407 1701 1493 1728 πλείω
1511 1701 1559 1728 καὶ
1583 1701 1686 1728 καλλίω
1699 1700 1791 1735 πολλῷ

1005 1749 1043 1783 τῷ
1059 1749 1180 1783 περιόντι
1195 1748 1365 1775 διδάσκουσιν
1384 1756 1390 1764 ⁸
1408 1748 1465 1781 ἐγὼ
1488 1747 1510 1773 δ’
1528 1747 1561 1773 ἂν
1581 1748 1686 1780 εἴποιμι
1704 1746 1792 1772 ταῦτα

1006 1797 1074 1831 πρδς
1087 1797 1149 1827 τοὺς
1169 1795 1383 1830 ἐπιληψομένους
1400 1795 1466 1826 ἴσως
1481 1794 1528 1821 τοῦ
1552 1794 1640 1828 λόγου.
1674 1794 1744 1821 Ἀλλ’
1769 1791 1791 1820 ὧ

978 1872 979 1877 η
1005 1844 1065 1873 τᾶν,
1080 1843 1190 1869 σκοπεῖν
1204 1842 1313 1868 κάκεῖνο
1327 1841 1390 1876 χρή.
1415 1841 1444 1867 ’0
1457 1841 1510 1876 γὰρ
1530 1840 1591 1875 ὲμοὶ
1616 1839 1716 1870 σκοπὸς
1745 1838 1792 1871 ἐξ·

1006 1888 1094 1923 ἀρχῆς
1111 1889 1176 1922 περὶ
1192 1887 1296 1921 ἀρετῶν
1311 1887 1358 1912 καὶ
1369 1886 1417 1920 τῆς
1435 1886 1475 1917 εἰς
1486 1885 1600 1920 ἀλλήλας
1613 1885 1792 1919 γνησιὸτητος

1006 1935 1092 1960 εἰπεῖν
1104 1943 1140 1966 τι,
1158 1934 1203 1960 καὶ
1215 1932 1420 1966 ἀφοσιώσασθαι
1437 1930 1481 1968 ἦν,
1499 1932 1529 1958 οὐ
1547 1932 1609 1966 περὶ
1638 1931 1731 1958 παθῶν
1749 1931 1794 1956 λέ-

1007 1989 1074 2015 γειν.
1092 1981 1146 2007 Καὶ
1161 1980 1310 2015 ἐπειδήπερ
1321 1973 1462 2013 τὸνῄφόϐον
1481 1978 1566 2009 πάθος
1581 1978 1631 2004 οὐκ
1650 1977 1793 2003 ἐπαινετὸν

1007 2024 1066 2053 οἶδα
1076 2026 1106 2053 τὸ
1121 2025 1182 2052 καθ’
1192 2025 1282 2058 αὑτὸν,
1297 2025 1320 2051 εί
1332 2025 1379 2051 καὶ
1396 2024 1524 2059 συνεργεῖ
1538 2023 1605 2058 πρὸς
1621 2024 1654 2049 τὰ
1665 2023 1793 2057 βέλτιστα

1007 2073 1078 2100 κατὰ
1088 2072 1155 2098 Θεὸν
1165 2072 1317 2106 γινόμενος,
1336 2070 1386 2097 οὐκ
1403 2071 1432 2096 ὲν
1448 2070 1487 2105 τῷ
1502 2069 1575 2104 χορῷ
1604 2069 1658 2095 τῶν
1688 2068 1794 2102 ἀρετῶν

1007 2118 1103 2145 τοῦτον
1117 2117 1221 2152 ἠξίωσα
1250 2117 1340 2149 τάξαι.
1372 2117 1491 2147 Εἱκᾶτως
1522 2113 1569 2141 οὖν
1586 2115 1726 2150 σεσίγηται
1752 2114 1796 2140 διὰ

1010 2163 1107 2190 ταῦτα.
1128 2162 1196 2190 Θεοῦ
1217 2171 1257 2189 σοι
1290 2163 1381 2189 τοίνυν
1412 2162 1610 2196 συναιρομένου
1639 2161 1707 2195 πρὸς
1731 2160 1796 2190 τοῦς

171 2209 275 2242 piendis
291 2217 338 2244 pro
354 2210 450 2237 virtute
475 2209 673 2236 certaminibus
688 2208 842 2244 (namillum
857 2207 950 2234 venire

1006 2209 1077 2244 ὑπὲρ
1093 2209 1193 2244 ἀρετῆς
1208 2209 1306 2239 ἄθλους
1318 2207 1369 2243 (δεῖ
1379 2207 1433 2243 γὰρ
1448 2208 1552 2234 ἐκεῖνον
1581 2206 1697 2241 μερίτην
1724 2203 1796 2232 εἶναι

171 2261 260 2283 tecum
273 2256 298 2282 in
318 2262 419 2290 partem
435 2256 556 2283 laborum
571 2263 682 2283 necesse
695 2259 747 2287 est,
761 2255 782 2281 si
801 2254 865 2289 quid
879 2262 956 2289 egre-

172 2303 215 2337 gie
242 2303 279 2330 sis
305 2301 492 2336 pra-staturus)
516 2301 622 2328 czeteris
638 2301 766 2336 prmditus
799 2299 956 2331 virtutibus,

171 2354 197 2376 ei
213 2356 327 2376 exorsus
349 2357 362 2375 a
388 2349 533 2375 dilectione
546 2347 681 2374 mordicus
706 2347 837 2374 intuereto
867 2347 958 2373 tnnde-

172 2396 247 2429 stiae;
264 2404 323 2430 qua:
338 2395 445 2430 quidem
461 2394 512 2421 hnc
530 2393 576 2420 tibi
599 2393 709 2424 tribuet.
736 2397 764 2419 ttt
782 2400 844 2419 vere
871 2392 958 2419 bonus

172 2441 270 2473 factus,
293 2443 319 2469 in
335 2442 413 2469 bonis
434 2448 606 2477 perseveres,
623 2439 740 2473 talisque
756 2439 793 2466 sis
806 2446 837 2465 ac
865 2438 958 2465 ridea-

173 2490 219 2520 ris,
235 2488 281 2522 qui
294 2488 381 2522 capite
396 2496 443 2514 suo
471 2487 592 2520 recipere
612 2485 708 2521 dignus
735 2486 769 2513 sit
783 2490 809 2512 et
839 2491 948 2511 servare

174 2542 290 2561 coronas
306 2533 384 2560 bonis
407 2533 471 2560 viris
486 2533 631 2568 repositas,
654 2537 680 2559 et
696 2532 806 2566 quidem
823 2535 951 2566 expertes

174 2581 301 2607 interitus
316 2589 323 2612 ;
336 2588 450 2614 quarum
469 2579 611 2606 materiem
640 2578 828 2605 laudatissima
847 2576 957 2604 dilectio

174 2625 337 2659 suppeditat,
353 2631 380 2652 et
396 2633 463 2659 qttas
479 2631 585 2651 camerae
600 2624 713 2651 virtutes
724 2627 884 2655 contexunt,
903 2630 961 2649 tuo-

175 2670 315 2705 ili-stiaqnc
347 2671 483 2706 rapit2bus
512 2670 578 2702 illis,
596 2670 697 2705 quibus
722 2669 960 2701 cottreuiunt,itu-

175 2716 261 2748 ponit.
284 2717 342 2749 Qun
357 2716 398 2750 fit,
419 2721 447 2743 ιιι
465 2716 549 2743 solam
577 2716 647 2743 inter
663 2717 774 2742 virtutes
787 2723 881 2742 omnes
906 2722 964 2740 Ino-

175 2761 289 2788 destiam
314 2762 527 2789 demonstratum
550 2762 585 2789 sit
605 2770 662 2788 eam
684 2769 755 2793 esse,
783 2769 842 2796 quzc
860 2768 960 2788 corona

176 2815 227 2834 nos
243 2808 358 2835 redimit.
370 2807 529 2835 Modestiam
540 2817 604 2835 vero
617 2808 730 2843 appello,
742 2808 766 2834 in
779 2808 894 2834 sublime
906 2807 964 2841 qui-

173 2855 238 2881 dem
252 2854 400 2882 attolleu'ia
429 2855 528 2888 facere,
547 2855 591 2882 sed
612 2855 719 2882 interim
737 2854 814 2881 \‘aldc
839 2852 961 2879 modeste

1009 2264 1049 2282 σοι
1077 2255 1160 2281 τῶνδε
1180 2255 1234 2282 τῶν
1248 2255 1347 2287 πόνων,
1374 2255 1399 2280 εί
1420 2253 1529 2288 μέλλεις
1545 2262 1571 2279 τι
1585 2251 1795 2287 κατορθώσειν),

1003 2299 1077 2334 ἔχων
1091 2300 1140 2331 τὰς
1154 2299 1237 2326 ἄλλας
1251 2299 1363 2332 ἀρετὰς,
1379 2299 1410 2323 ἐκ
1426 2298 1476 2332 τῆς
1492 2298 1603 2332 ἀγάπης
1632 2296 1795 2332 ἀρχόμενος,

1008 2346 1093 2378 ἀπρὶξ
1111 2346 1173 2381 ἔχου
1187 2346 1236 2380 τῆς
1255 2344 1442 2380 μετριότητος,
1463 2343 1497 2370 δι’
1511 2344 1544 2378 ἢν
1575 2343 1607 2370 ἂν
1636 2342 1730 2378 σχοίης
1758 2343 1796 2374 ὡς

1008 2392 1119 2427 ἀληθῶς
1130 2391 1232 2426 ἀγαθὸς
1243 2392 1388 2426 γενόμενος
1403 2390 1579 2423 ὲναττομεῖναι
1594 2389 1650 2421 τοῖς
1672 2388 1796 2422 ἀγαθοῖς,

1009 2437 1078 2466 εἷναί
1096 2447 1124 2464 τε
1139 2436 1258 2468 τοιοῦτος
1271 2437 1316 2462 καὶ
1329 2433 1497 2469 δοκεῖν,⁷οῗος
1508 2435 1541 2461 ἃν
1558 2434 1684 2466 δέξασθαι
1699 2434 1732 2468 τῇ
1753 2442 1799 2460 κε-

1010 2485 1082 2520 φαλῇ
1100 2482 1147 2510 καὶ
1162 2482 1281 2517 τηρῆσαι
1293 2482 1356 2512 τοὺς
1370 2483 1426 2512 τοῖς
1442 2480 1555 2515 ἀγαθοῖς
1568 2479 1698 2514 ἀνδράσιν
1724 2479 1797 2504 ἀπο-

1010 2530 1149 2565 κειμένους
1166 2527 1326 2562 στεφάνους,
1339 2527 1495 2562 ἀφθάρτους
1507 2526 1586 2558 ὖντας
1598 2534 1605 2542 ‘
1619 2523 1656 2554 ὧν
1666 2527 1715 2562 τὴν
1729 2526 1797 2561 ὓλην

1012 2577 1061 2612 μὲν
1080 2576 1194 2610 παρέχει
1208 2573 1238 2600 τὸ
1255 2574 1303 2608 τῆς
1318 2573 1428 2607 ἀγάπης
1449 2572 1667 2607 πολυθρύλλητον
1688 2573 1796 2607 χρῆμα,

1011 2611 1039 2650 αἱ
1055 2623 1082 2649 δὲ
1094 2621 1172 2649 ἄλλαι
1188 2621 1284 2656 ἀρεταὶ
1298 2618 1409 2648 τούτους
1425 2618 1564 2651 πλέκουσι,
1590 2618 1620 2644 τὸ
1645 2618 1673 2645 δέ
1695 2611 1741 2652 γέ
1751 2618 1799 2652 μὲ-

1011 2665 1252 2703 τριονὲπιτίθησιν
1268 2662 1310 2696 αἷς
1334 2664 1367 2691 ἂν
1394 2664 1523 2699 ἁρμόσειε
1548 2664 1688 2697 κεφαλαῖς.
1713 2664 1797 2690 Ὥστε

1013 2715 1059 2740 καὶ
1080 2713 1147 2747 μόνη
1173 2711 1228 2738 τῶν
1252 2709 1357 2746 ἀρετῶν
1378 2709 1542 2744 στεφοθὲτης
1555 2709 1689 2735 δέδεικται
1714 2709 1729 2743 ἡ
1751 2717 1798 2743 με-

1012 2757 1209 2793 τριοφροσύνη.
1230 2756 1310 2787 Λέγω
1331 2755 1362 2781 δὲ
1385 2755 1619 2790 μετριοφροσύνην
1649 2755 1678 2781 τὸ
1709 2756 1797 2781 ποιεῖν

1015 2804 1065 2838 μὲν
1079 2804 1112 2828 τίι
1129 2801 1258 2836 ὑψοῦντα,
1274 2801 1382 2836 φρονεῖν
1397 2800 1424 2826 δὲ
1443 2800 1515 2826 πάνυ
1531 2800 1626 2835 μέτρια
1645 2808 1651 2815 ·

1015 2850 1083 2884 γάλα
1102 2848 1264 2883 πράττοντα,
1280 2845 1410 2881 μηδαμῶς
1423 2845 1585 2880 ἐπαίρεσθαι
1607 2854 1613 2861 ·

1677 2800 1725 2826 καὶ
1749 2809 1782 2834 με
1789 2814 1797 2819 -

1637 2847 1682 2872 καὶ
1697 2846 1744 2880 τὴν
1761 2846 1798 2877 εἰς
