1933 3075
187 107 244 140 οιι

788 105 814 135 Μ
821 103 990 136 ANUELIS
1011 103 1240 136 PAL/EOLOGI

1777 109 1829 141 548

187 164 342 196 continent,
366 161 525 190 clanculum
559 160 642 194 subit,
671 159 809 196 taciteque
846 161 938 190 lolium
962 161 989 188 iu

1043 161 1087 197 ἄρ’
1102 162 1179 189 οὐδὲν
1197 162 1227 189 ὲν
1247 162 1341 195 αὑταῖς
1361 163 1544 198 ὑπερήφανον,
1563 165 1657 200 ἐπειδὴ
1682 166 1732 201 τὴν
1745 167 1830 204 ὑπερ-

191 210 234 238 eis
248 209 326 241 serit,
338 209 455 236 fortasse
467 207 678 235 dorntilautibus
690 207 724 235 ob
738 207 819 235 nimis
844 207 985 235 assiduam

193 257 370 292 vigilantiam.
392 255 496 282 Lolium
513 245 601 281 autem
623 261 694 282 nunc
718 253 836 288 appello,
853 254 924 288 quod
940 261 986 282 se-

194 311 254 331 cum
272 302 323 337 ipsi
347 306 485 336 reputant,
505 301 606 328 nullam
629 300 719 327 inesse
736 300 788 327 sibi
811 300 986 334 superbiam:

162 347 171 358 '
193 348 425 384 quandoquidem,
444 346 598 381 superbiam
615 345 773 380 repulerint.
804 344 860 372 Hoc
882 349 987 378 autem,

194 394 237 422 vel
253 394 281 421 in
307 393 403 435 primis
435 393 580 427 superbum
606 392 734 427 quiddam
758 395 819 419 est:
851 399 988 426 propeque

193 441 307 477 gravius
322 439 451 473 arbitror,
467 447 548 474 quam
566 443 594 466 ut
613 439 705 467 sanari
718 438 812 473 possit.
828 438 898 472 Quid
913 438 985 466 enim

195 489 326 521 deterius,
343 495 421 522 quam
446 487 467 514 si
480 487 608 514 humilem
622 493 652 514 se
682 490 767 521 putet,
784 485 830 520 qui
853 485 988 520 superbia:

195 536 292 563 morbo
309 533 502 562 laboratiAut
518 541 572 568 quo
587 538 668 568 pacto
688 532 854 560 medicinam
869 536 986 567 quaret,

194 581 242 616 qui
260 580 323 608 mali
341 579 407 607 nihil
422 587 452 607 se
470 580 525 614 pali
543 578 717 613 suspicatur?
735 578 794 611 Quo
809 577 838 605 ﬁt
850 581 990 605 utlamet-

193 628 217 655 si
247 628 298 655 sim
326 627 412 654 factus
435 626 558 658 humilis,
591 633 698 653 rursum
731 629 820 652 tamen
853 623 987 656 extollar;

193 673 410 708 quandoquidem
424 680 466 700 me
486 673 613 700 humilem
638 671 741 699 factum
760 671 834 698 novi.
858 670 988 704 Adeoque

192 729 229 748 ne
245 721 334 748 sentio
349 720 457 754 quidem
470 719 539 746 elato
554 726 597 746 me
622 719 714 746 animo
740 725 810 746 esse.
826 716 902 744 Licet
931 715 988 743 ela-

193 767 295 794 tionem
312 766 405 793 statim
416 771 698 800 agnoscam,eamque
710 763 788 790 valde
801 769 915 797 perosus
933 762 990 789 abi-

195 819 267 845 gam,
286 818 318 838 ac
338 811 471 845 meipsum
492 813 602 844 propter
618 810 688 836 hanc
713 808 931 843 reprehendam:
949 811 990 835 ta-

1039 208 1159 243 ηφανίαν
1177 208 1392 242 ἀπεκρούσαντο.
1411 210 1492 236 Τουτὶ
1506 210 1535 238 δὲ
1561 211 1737 247 ὑπερήφανον
1753 214 1832 248 μάλι-

1037 255 1116 281 λιστά
1132 264 1163 289 γε
1180 256 1228 282 καὶ
1248 255 1348 291 μυιροῦ
1368 256 1424 283 δεῖν
1446 258 1570 292 κρεῖττον
1588 255 1675 293 οἶμαι,
1690 259 1706 293 ἣ
1722 259 1832 294 ίαθῆναι

1037 300 1094 328 οἷόν
1122 310 1151 328 τε
1181 299 1260 328 εἶναι.
1279 301 1332 328 Τοῦ
1355 303 1409 337 γὰρ
1431 303 1625 330 ταπεινοῦσθαι
1649 305 1770 339 νομίζειν
1787 306 1832 333 τὸν

1039 347 1230 383 ὑπερηφανίαν
1245 347 1376 375 νοσοῦντα
1397 348 1423 375 τί
1437 350 1527 384 χεῖρον
1541 358 1548 382 ;
1565 350 1599 376 Ἢ
1629 350 1688 381 πῶς
1720 351 1833 386 ζητήσει

1039 393 1087 429 τὴν
1102 393 1173 420 ῐασιν
1186 395 1200 420 ὁ
1214 394 1283 429 μηδὲ
1299 394 1414 429 πάσχειν
1428 394 1630 430 ὑπολαμϐάνων
1644 405 1650 428 ;
1678 397 1761 423 Ὥστε
1780 398 1833 424 κᾶν

1039 440 1212 474 ταπεινωθῶ,
1227 440 1307 467 πάλιν
1318 440 1431 476 αἴρομαι
1443 449 1450 456 ’
1462 441 1552 473 εἰδὼς,
1562 441 1600 472 ὡς
1608 443 1813 479 τεταπείνωμαι
1825 453 1832 460 ·

1040 486 1087 512 καὶ
1100 486 1322 522 ὑπερφρονήσας,
1338 487 1398 513 οὐδὲ
1418 487 1599 521 αἰσθάνομαι·
1620 488 1675 515 κᾶν
1693 490 1751 523 γνῶ
1784 491 1834 525 τὴν

1040 532 1231 567 ὑπερηφανίαν
1244 532 1336 564 εὐθὺς.
1351 533 1399 559 καὶ
1416 534 1583 568 ἀποσοϐήσω
1614 535 1689 569 μάλα
1712 536 1835 571 μισήσας

1039 578 1088 604 καὶ
1099 577 1150 612 τῆς
1170 578 1359 613 ὑπερηφανίας
1375 578 1495 609 ἐμαυτὸν
1509 579 1671 614 μέμψωμαι,
1684 581 1741 608 οὔτ’
1754 582 1835 615 ἀγνο-

1039 625 1098 660 ήσω
1123 623 1204 650 πάλιν
1234 624 1429 656 ταπεινωθεὶς,
1462 625 1509 651 καὶ
1548 625 1685 653 ἐπαινέσω
1714 628 1834 661 ἐμαυτὸν

1040 669 1235 705 κατορθοῦντα.
1251 670 1285 696 ’Δ
1300 669 1331 702 δὴ
1346 669 1452 701 πιθὼν,
1469 671 1506 701 ὡς
1523 671 1560 706 μὴ
1572 671 1688 705 ὤφελον,
1702 673 1765 700 ὅθεν
1783 663 1834 709 ὴρξ

1042 716 1130 752 ξάμην
1146 716 1241 751 ὥσπερ
1258 717 1286 742 ὲν
1301 716 1394 751 κύκλῳ
1415 717 1582 751 κατήντηκα.
1612 719 1692 745 Ὥστε
1710 721 1834 755 τρίόολός

1040 762 1115 788 ἐστιν
1131 762 1211 795 αὕτη,
1233 763 1280 787 καὶ
1295 761 1324 788 τὸ
1342 763 1453 797 κέντρον
1466 762 1557 796 ὄρθιον
1574 763 1641 798 ἔχει,
1654 765 1703 792 καὶ
1715 766 1834 800 χαλεπὸν

1040 807 1183 841 διαφυγεῖν
1195 806 1317 838 καὶτοὺς
1337 807 1404 834 πολύ
1424 816 1450 833 τι
1469 808 1549 843 βάρος
1563 809 1609 836 νοῦ
1634 812 1832 846 κεκτημένους.

195 866 257 886 men
275 865 368 885 rursus
393 857 564 884 humiliatum
588 865 631 884 me
649 865 702 885 non
727 857 868 892 ignorabo,
894 864 989 891 meque

1043 854 1098 880 Καὶ
1126 852 1240 884 πολλοὺς
1261 853 1294 878 ἂν
1312 850 1386 887 εἶχον
1409 854 1550 889 μάρτυρας
1576 843 1728 890 ἀναστῆσαι
1757 843 1833 885 τοῦδε

195 908 268 931 recte
294 908 417 938 agentem
445 903 614 930 collaudabo.
643 903 733 938 Atque
753 903 811 929 hanc
834 902 901 929 mihi
927 909 988 929 cum

196 950 323 978 accidunt
345 950 461 983 (utinam
481 950 588 984 quidem
608 957 641 976 ne
655 949 772 984 fierent),
794 950 865 976 unde
884 948 987 976 fueram

195 1003 320 1028 exorsus,
333 995 406 1022 velut
423 995 449 1022 in
463 995 567 1024 circulo
587 999 721 1022 revertor.
739 995 921 1032 Quamobrem
938 996 988 1023 tri-

194 1041 274 1068 bnlus
293 1044 335 1068 est
353 1039 493 1074 Superbia,
520 1039 714 1075 stimulutnque
739 1047 847 1067 rursum
864 1045 987 1068 erectum

195 1086 288 1120 habet,
302 1093 381 1121 quem
405 1085 551 1113 difficulter
572 1086 674 1113 evitare
702 1091 826 1121 possunt,
845 1087 927 1114 etiam
943 1087 989 1122 qui

195 1140 294 1167 magno
307 1132 405 1159 mentis
419 1130 538 1167 pondere
562 1135 626 1159 sunt
643 1132 759 1166 praediti.
783 1131 867 1166 Cujus
880 1132 989 1167 quidem

195 1178 327 1206 orationis
345 1182 427 1206 testes
445 1177 596 1212 producere
619 1178 721 1205 multos
733 1178 812 1205 exiis
842 1178 908 1211 ipsis
929 1186 990 1212 pus-

195 1231 264 1256 sem,
281 1224 326 1258 qui
347 1223 420 1250 hunc
442 1223 584 1251 stimulum
596 1223 702 1258 experti
732 1223 819 1251 fuere.
849 1224 903 1252 Sed
926 1232 988 1251 cum

1041 899 1088 926 τοῦ
1118 900 1210 932 λόγου,
1227 899 1323 931 αὐτοὺς
1337 900 1458 932 ἐκείνους
1478 901 1541 932 τοὺς
1556 902 1740 937 βεδλημένους
1766 905 1834 938 τῷδε

1040 945 1081 980 τῷ
1095 945 1210 980 κέντρῳ.
1228 945 1316 979 Σαφὲς
1333 945 1361 972 δὲ
1375 945 1404 972 ὃν
1426 947 1456 973 τὸ
1472 948 1588 981 πρᾶγμα
1614 948 1661 975 καὶ
1686 951 1833 985 πρόδηλον,

1039 992 1071 1018 οὺ
1089 991 1323 1018 κατασκευαστέον
1343 989 1412 1018 εἶναι
1426 992 1507 1024 δοκεῖ,
1518 994 1605 1026 ἄλλως
1619 1003 1647 1021 τε
1660 997 1707 1022 καὶ
1724 997 1791 1031 πρὸς
1804 997 1835 1023 σὲ

1039 1037 1220 1072 δυσπόριστόν
1235 1046 1295 1064 τινα
1308 1037 1421 1064 πλοῦτον
1437 1038 1485 1073 τὴν
1501 1041 1751 1076 ταπεινοφροσύνην
1768 1051 1837 1078 προ-

1045 1083 1185 1118 ειρηκότα.
1211 1083 1323 1110 ’Διιτὲον
1338 1083 1370 1118 δὴ
1383 1084 1429 1110 τὸν
1450 1084 1526 1119 λόγον
1545 1086 1591 1112 επὶ
1609 1086 1653 1113 τὸν
1677 1088 1789 1122 τρόπον,
1813 1085 1838 1123 ᾧ

1045 1131 1077 1156 ἄν
1089 1138 1130 1161 τις
1146 1128 1253 1165 πράξας
1269 1130 1297 1156 τδ
1309 1129 1423 1164 ἀγαθὸν,
1435 1130 1561 1166 διαφύγοι
1575 1131 1605 1158 τδ
1616 1133 1680 1168 περὶ
1696 1134 1778 1160 αὐτοῦ
1793 1135 1838 1161 60-

1044 1176 1124 1210 ξασαι
1140 1185 1167 1202 τι
1188 1176 1270 1211 μέγα,
1286 1176 1377 1203 καὶτὰ
1389 1176 1486 1211 μέτρια
1499 1178 1647 1213 φρονήσας,
1665 1179 1703 1214 μὴ
1725 1180 1839 1216 ὑψωθῆ-

1043 1231 1098 1255 ναι,
1118 1221 1132 1248 δ
1146 1221 1194 1248 καὶ
1208 1221 1397 1257 χαλεπώτερον
1411 1221 1544 1249 δέδεικται
1559 1223 1605 1250 τοῦ
1616 1225 1763 1262 προτέρου.

195 1279 240 1300 res
256 1273 313 1307 ipsa
336 1271 478 1307 perspicua
510 1271 544 1299 sit
559 1277 586 1299 et
610 1273 766 1304 manifesta,
788 1272 887 1300 nullius
905 1280 985 1307 egere
1019 1270 1188 1307 probationis
1218 1269 1336 1303 videtur,
1373 1271 1524 1305 praesertim
1543 1272 1615 1306 apud
1632 1277 1678 1305 te,
1713 1275 1759 1308 qui
1787 1282 1840 1301 au-

197 1329 238 1352 tea
266 1321 385 1353 dicebas,
406 1320 584 1348 humilitatem
612 1327 672 1348 esse
696 1320 805 1348 divitias
832 1321 967 1356 acquisitu
988 1320 1120 1349 difﬁciles.
1159 1319 1255 1354 Itaque
1287 1318 1454 1346 traducenda
1471 1320 1524 1347 erit
1553 1320 1587 1348 ad
1603 1321 1713 1349 modum
1736 1324 1839 1359 oratiu,

197 1376 251 1403 quc
267 1368 326 1403 quis
345 1368 466 1395 eftieiens
481 1368 553 1402 quod
569 1367 672 1395 bonum
686 1373 739 1401 est,
767 1368 870 1396 evitare
890 1368 986 1403 possit,
1002 1375 1035 1395 ne
1047 1375 1174 1402 magnam
1187 1367 1222 1394 de
1237 1373 1267 1394 se
1291 1366 1429 1400 concipiat
1450 1367 1625 1401 opinionem;
1655 1373 1683 1396 et
1706 1374 1736 1396 ut
1771 1378 1836 1398 mo-

197 1417 275 1444 deste
291 1416 324 1443 de
351 1423 380 1443 se
407 1415 540 1449 sentiens,
563 1422 616 1443 non
646 1415 797 1449 efferatur;
812 1419 884 1452 quod
911 1416 993 1444 etiam
1007 1424 1068 1445 esse
1080 1415 1294 1443 demonstratum
1310 1419 1350 1442 est
1363 1414 1409 1441 illo
1420 1415 1512 1450 priore
1529 1415 1677 1444 difﬁcilius.

231 1464 369 1492 Arbritror
383 1464 475 1498 igitur,
490 1471 569 1490 unam
586 1464 731 1499 quamdam
747 1464 818 1492 hanc
828 1464 898 1492 viam
913 1472 986 1498 esse,

198 1518 260 1546 qua
275 1518 325 1538 nos
357 1510 390 1537 ad
413 1509 594 1538 humilitatem
623 1510 742 1538 evehat:
762 1515 792 1547 ut
821 1516 894 1538 recte
917 1510 988 1538 facta

1043 1511 1088 1537 επὶ
1106 1510 1155 1546 τὴν
1171 1509 1422 1545 ταπεινοφροσύνην
1442 1509 1660 1542 ἀναῦιῆάξουσαν
1679 1519 1687 1527 ο

199 1555 300 1583 scilicet
311 1554 344 1581 ad
357 1553 440 1581 Deum
455 1555 543 1589 ipsum
555 1555 717 1583 referamus.
731 1555 830 1591 Nequit
844 1555 927 1589 enim,
945 1563 992 1583 ne-

197 1601 257 1636 quit
267 1600 380 1628 omnino
396 1599 466 1632 ﬁeri,
480 1600 558 1628 nobis
572 1605 600 1627 ut
612 1600 690 1635 ipsis,
702 1608 762 1635 quae
773 1602 843 1628 facta
857 1604 932 1634 sunt,
944 1601 993 1628 ad-

198 1647 362 1679 scribentes,
378 1645 590 1680 cogitationibus
604 1646 657 1674 hoc
670 1646 737 1674 vitio
760 1647 917 1681 superiores
930 1654 993 1675 eva-

198 1693 304 1721 damus.
335 1692 434 1728 Opinio
460 1699 578 1726 namque
613 1692 646 1720 de
682 1697 757 1720 recte
791 1693 871 1721 factis
910 1693 992 1721 dubio

198 1740 292 1775 procul
308 1739 334 1766 in
362 1739 441 1766 nobis
463 1739 582 1766 maxima
596 1739 732 1773 superbiae
746 1740 855 1767 occasio
885 1743 936 1772 est,
953 1739 990 1767 uti

195 1786 250 1820 jam
278 1791 339 1813 ante
364 1786 523 1813 docuimus.
552 1784 668 1813 Tantum
700 1793 765 1813 vero
797 1786 901 1814 malum
938 1788 989 1815 hoc

197 1838 249 1866 est,
278 1839 307 1860 ut
334 1832 416 1860 etiam
449 1832 662 1866 Chrysostomus
681 1832 783 1860 alicubi
805 1833 991 1865 docnerit,ci-

199 1885 241 1906 tra
269 1879 483 1906 controversiam
514 1878 713 1912 melius‘esse,
738 1886 790 1906 non
807 1878 898 1907 facere
929 1880 991 1908 boni

198 1922 337 1957 quidpiam
354 1929 494 1957 prensaque
510 1930 539 1950 se
555 1922 681 1950 maximae
697 1930 771 1950 reum
785 1923 895 1958 ducere,
911 1931 991 1959 quam

199 1974 282 2002 opera
298 1968 429 2002 prreclara
443 1967 589 1995 facientem
613 1972 721 2003 putare,
735 1976 766 1996 se
793 1977 874 2004 supra
898 1977 993 1998 omnes

199 2021 260 2041 esse
275 2014 403 2048 positum.
421 2013 607 2047 Quamobrem
624 2014 747 2042 actiones
764 2015 850 2042 bonas
875 2015 992 2050 imputet

199 2060 266 2094 Deo,
283 2068 336 2088 non
353 2060 415 2094 sibi,
432 2061 477 2096 qui
495 2061 634 2088 modestus
651 2068 712 2088 esse
724 2062 837 2096 cogitat.
857 2062 921 2090 llaec
932 2062 992 2097 opi-

199 2107 247 2134 nio
263 2107 391 2134 immunis
406 2112 448 2134 est
465 2108 499 2134 ab
517 2107 591 2134 omni
609 2115 714 2140 errore,
730 2115 761 2134 ac
778 2108 887 2136 veritati
918 2115 992 2135 sum-

200 2161 244 2181 me
257 2153 396 2186 innititur,
411 2153 498 2188 posita
513 2154 617 2188 pariter
631 2158 709 2181 extra
744 2154 865 2188 pericula
883 2159 910 2182 et
939 2155 991 2182 tela

1078 1464 1155 1491 Δοκῶ
1169 1463 1259 1491 τοίνυν
1277 1472 1320 1498 μοι
1333 1464 1397 1498 μίαν
1424 1464 1485 1490 τινὰ
1515 1464 1563 1498 τὴν
1596 1465 1655 1491 ἁδὺν
1683 1465 1766 1499 εἶναι,
1789 1468 1840 1502 τὴν

1717 1513 1748 1539 τὸ
1768 1513 1841 1548 πρὸς

1044 1556 1090 1583 τὸν
1104 1556 1171 1582 Θεὸν
1190 1555 1310 1589 δηλονότι
1329 1555 1364 1582 τὰ
1381 1555 1470 1587 καλῶς
1487 1556 1662 1591 πραττόμενα
1677 1557 1838 1592 ἀναφέρειν.

1045 1601 1083 1628 Οὐ
1101 1601 1248 1635 γὰρέστιν,
1263 1601 1315 1627 οὑκ
1331 1601 1404 1628 ἐστιν
1424 1601 1529 1633 ἑαυτοῖς
1550 1610 1580 1628 τε
1610 1592 1780 1638 ἀναγράφειν
1805 1605 1842 1631 τὰ

1045 1647 1240 1682 πεπραγμένα,
1257 1646 1305 1673 καὶ
1315 1646 1454 1681 λογισμοῖς
1467 1648 1604 1682 κρατῆσαι
1625 1647 1701 1674 τοῦδε
1715 1648 1761 1675 τοῦ
1786 1651 1841 1677 πά-

1045 1692 1119 1722 θους.
1135 1692 1172 1718 Τὸ
1184 1691 1236 1727 γὰρ
1251 1691 1424 1727 κατορθῶσαι
1450 1693 1559 1728 νομίσαι
1589 1693 1712 1727 γίγνεται
1744 1695 1841 1729 σαφῶς

1046 1739 1111 1774 ἡμῖν
1135 1739 1325 1774 ὑπερηφανίας
1351 1739 1468 1774 μεγίστη
1495 1740 1642 1774 πρόφασις,
1659 1740 1698 1771 ὡς
1722 1741 1736 1767 ὀ
1760 1741 1841 1775 λόγο;

1045 1786 1095 1820 ήδη
1107 1785 1215 1817 διδάξας
1229 1785 1309 1819 ἔφθη.
1323 1785 1408 1811 Τοῦτο
1423 1785 1451 1812 δὲ
1465 1785 1584 1820 τοσούτῳ
1597 1786 1692 1819 κακὸν,
1705 1786 1775 1813 ὥστε
1791 1788 1843 1814 καὶ

1044 1832 1091 1858 τὸν
1107 1831 1326 1867 Χρυσορῤἡμονά
1344 1840 1395 1858 που
1416 1832 1520 1865 διδάξαι
1538 1832 1642 1867 βέλτιον
1655 1834 1749 1868 σαφῶς
1766 1832 1839 1861 εἶναι

1045 1877 1084 1912 μὴ
1098 1877 1198 1912 πρᾶξαί
1208 1885 1234 1904 τι
1250 1876 1304 1904 τῶν
1319 1877 1421 1910 καλῶν,
1435 1878 1479 1904 καὶ
1496 1878 1548 1905 ὑπὸ
1559 1878 1636 1913 δίκην
1650 1880 1747 1906 ἑαυτὸν
1760 1881 1840 1915 μεγί-

1046 1930 1111 1957 στην
1124 1921 1337 1956 ύπολαμδάνειν,
1354 1921 1370 1957 ἦ
1387 1922 1572 1957 κατορθοῦντα
1597 1924 1702 1950 οἴεσθαι
1729 1924 1840 1952 πάντων

1045 1965 1108 2000 ὲξῆς
1122 1966 1311 2002 ὑπερκεῖσθαι.
1334 1966 1416 1993 Ὥστε
1428 1967 1584 2001 λογίζεσθαι
1602 1968 1655 2004 χρὴ
1668 1970 1716 2001 τὰς
1729 1969 1838 2004 ἀγαθᾶς

1044 2012 1158 2048 πράξεις
1173 2013 1213 2048 τῷ
1232 2013 1302 2048 Θεῷ,
1325 2013 1372 2039 καὶ
1387 2014 1436 2049 οὐχ
1459 2014 1560 2049 ἑαυτῷ,
1580 2015 1605 2040 εί
1623 2015 1715 2050 μέλλει
1730 2024 1771 2047 τις
1790 2024 1839 2050 με-

1044 2060 1176 2095 τριάζειν.
1197 2060 1271 2095 Αὕτη
1284 2061 1300 2096 ὴ
1314 2060 1377 2093 δόξα
1392 2061 1541 2096 καθαρεύει
1565 2061 1616 2096 μὲν
1637 2062 1740 2098 πλάνης
1766 2063 1840 2089 ἁπά-

1046 2115 1106 2142 σης,
1119 2106 1209 2142 ἔχεται
1224 2107 1253 2134 δὲ
1267 2107 1316 2142 τῆς
1329 2106 1458 2142 ἀληθείας
1484 2108 1512 2140 ἐς
1531 2108 1626 2143 ἄκρον,
1651 2109 1782 2135 κινδύνων
1811 2110 1840 2136 δὲ

1045 2154 1124 2185 ἐκτὸς
1156 2153 1258 2188 ἕστηκε
1283 2155 1330 2180 καὶ
1348 2153 1446 2189 βελῶν,
1472 2153 1490 2180 ἃ.
1517 2154 1576 2180 καθ’
1602 2154 1681 2189 ἡμῶν
1697 2155 1839 2190 ἀφίησινὴ

200 2206 261 2233 quae
275 2204 370 2226 contra
388 2207 437 2226 nos
450 2204 559 2226 versuta
585 2204 694 2234 torquet
704 2200 799 2229 elatio.
828 2201 885 2229 Nec
918 2203 989 2230 enim

1043 2199 1234 2235 πολυμήχανος
1249 2199 1376 2235 ἔπαρσις.
1394 2199 1463 2226 Οὔτε
1478 2200 1532 2234 γὰρ
1557 2200 1745 2235 ἀπατηθῆναι,
1777 2201 1839 2227 οὔτε

201 2245 316 2280 decipit,
335 2253 384 2273 nec
394 2246 420 2272 in
435 2245 588 2280 periculum
603 2247 698 2274 venire
709 2253 809 2282 potest,
821 2248 866 2282 qui
879 2249 991 2276 cuicun-

200 2299 254 2327 que
267 2299 329 2319 vero
347 2292 436 2319 fretus
465 2297 518 2320 est.
544 2292 614 2325 Quid
645 2297 735 2320 autem
769 2294 854 2328 magis
884 2302 989 2327 verum,

199 2346 280 2372 quam
297 2339 466 2369 existimare.
485 2338 568 2366 Deum
582 2346 643 2366 esse
672 2339 828 2374 largitorem
858 2340 990 2368 bonorum

200 2385 333 2417 omnium,
350 2390 378 2412 ct
395 2385 430 2412 ab
440 2386 533 2413 eodem
546 2385 689 2412 universos
704 2387 832 2413 mortales
846 2387 914 2413 bona
927 2395 992 2414 con-

201 2431 298 2467 sequi?
316 2432 485 2465 Argumenlo
502 2436 555 2463 est,
569 2431 641 2466 quod
658 2439 672 2458 a
693 2430 835 2460 Salvatore
848 2433 990 2468 discipulis

200 2482 243 2505 est
260 2478 362 2505 dictum
383 2486 388 2504 :
407 2476 470 2503 Sine
493 2486 532 2504 me
557 2477 623 2504 nihil
645 2479 754 2510 potestis
779 2478 878 2512 facere.
912 2479 991 2512 Quod

201 2533 268 2552 sane
284 2523 397 2551 verbum
421 2528 451 2550 ιιι
486 2531 547 2551 esse
569 2525 744 2551 verissimum
775 2526 990 2558 demonstretur,

202 2572 253 2599 hoc
272 2577 354 2597 unum
390 2569 481 2597 dicere
503 2570 613 2603 sufﬁcit,
640 2578 656 2598 a
683 2570 824 2598 Salvatore
857 2572 992 2606 prolatum

201 2624 272 2645 esse.
288 2617 346 2645 Non
364 2616 515 2644 rationibus
528 2623 597 2650 opus
608 2616 661 2643 erit
674 2616 740 2643 mihi
764 2624 814 2644 nec
829 2618 992 2651 priscorum,

201 2671 252 2691 nec
265 2663 434 2696 recentium;
455 2663 553 2698 quibus
585 2663 656 2690 hanc
669 2663 846 2696 sententiam,
873 2671 922 2692 ceu
950 2672 993 2691 ve-

204 2717 273 2741 ram,
292 2709 529 2744 prohareliceret.
547 2708 604 2735 Non
619 2709 751 2744 exemplis
773 2714 844 2743 utar,
865 2718 918 2736 non
936 2711 992 2745 syl-

203 2754 335 2790 logismis.
352 2755 425 2782 Nihil
448 2755 560 2783 omnino
591 2755 763 2790 perquiram,
792 2757 864 2792 quod
891 2758 941 2784 hac
967 2757 992 2784 in

204 2805 281 2835 parte
295 2802 361 2829 mihi
376 2802 606 2836 patrocinaretur,
619 2802 642 2829 si
659 2810 705 2829 res
720 2803 754 2829 ita
768 2809 904 2838 posceret.
925 2803 992 2830 ham

204 2846 250 2876 ubi
268 2847 368 2876 veritas
379 2848 437 2883 ipsa
451 2847 524 2876 velut
540 2847 653 2876 oraculo
665 2849 730 2883 quid
748 2850 884 2884 decernit,
919 2858 993 2878 lucra

1043 2246 1214 2272 κινδυνεῦσαι
1231 2243 1286 2272 οἷόν
1300 2254 1342 2277 τε,
1360 2245 1405 2272 τὸν
1421 2246 1464 2280 ἐφ’
1485 2246 1586 2281 ὁτῳοῦν
1613 2246 1708 2281 ἀληθεῖ
1737 2247 1841 2283 0αρρή-

1043 2300 1139 2319 σαντα.
1155 2292 1229 2319 Τίδέ
1246 2292 1429 2327 ἀληθέστερον
1456 2292 1503 2318 τοῦ
1533 2292 1656 2325 δοξάζειν
1687 2290 1758 2320 εἶναι
1790 2293 1840 2328 μὲν

1043 2338 1153 2364 πάντων
1173 2337 1227 2363 τῶν
1245 2337 1354 2371 ἀγαθῶν
1367 2337 1466 2372 δοτῆρα
1480 2338 1524 2364 τὸν
1542 2338 1619 2370 Θεὸν,
1638 2337 1709 2365 εἶναι
1726 2338 1755 2365 δὲ
1772 2339 1840 2366 πάν-

1043 2393 1091 2416 τας
1110 2385 1270 2419 ἀνθρώπους
1286 2384 1391 2411 ἐκεῖθεν
1407 2385 1566 2420 δεχομένους
1578 2385 1704 2419 τὰγαοἁ;
1723 2385 1776 2412 Καὶ
1793 2386 1840 2419 δηε

1044 2432 1085 2457 λοῖ
1111 2431 1142 2457 τὸ
1159 2430 1196 2466 τῷ
1211 2431 1318 2466 Σωτῆρι
1348 2431 1416 2466 προς
1445 2432 1508 2463 τοὺς
1529 2431 1652 2466 μαθητὰς
1671 2432 1816 2467 εἰρημένον
1833 2440 1839 2445 ·

1044 2479 1138 2513 Χωρὶς
1153 2479 1225 2514 ἐμοῦ
1242 2481 1278 2506 οὺ
1303 2480 1437 2507 δύνασθε
1454 2480 1553 2507 ποιεῖν
1580 2481 1681 2508 οὐδέν.
1718 2482 1840 2517 Ἀπὸχρη

1045 2527 1132 2551 εἰπεῖν
1147 2526 1221 2561 ἡμᾶς
1235 2527 1266 2552 τὸ
1284 2526 1329 2552 τὸν
1347 2526 1463 2561 Σωτῆρα
1487 2526 1560 2552 τοῦτ’
1590 2527 1740 2562 εἰρηκέναι,
1772 2529 1840 2562 προς

1045 2572 1075 2598 τὸ
1090 2571 1275 2606 ἀληθέστατον
1296 2573 1342 2599 τὸν
1354 2572 1432 2606 λόγον
1448 2572 1650 2600 ἀποδεικνύναι.
1675 2572 1714 2600 Οὐ
1731 2573 1763 2608 δὴ
1776 2573 1840 2608 δεὴι-

1046 2627 1087 2644 σει
1105 2627 1150 2654 μοι
1165 2618 1261 2652 λόγων,
1282 2618 1344 2645 οὔτε
1360 2619 1492 2651 παλαιῶν,
1505 2619 1566 2646 οὔτε
1590 2619 1668 2652 νέων,
1696 2616 1738 2651 οἷς
1754 2619 1788 2646 ἂν
1807 2617 1841 2655 ἧν

1047 2664 1181 2699 συστῆσαι
1197 2664 1276 2691 τοῦτο
1292 2665 1322 2690 τὸ
1337 2665 1436 2699 δόγμα,
1452 2665 1489 2696 ὡς
1506 2664 1617 2700 ἀληθές.
1636 2665 1673 2691 Οὐ
1689 2665 1841 2700 παραδεξγ-

1048 2718 1111 2745 μασι
1127 2709 1277 2745 χρήσομαι,
1293 2710 1324 2736 οὑ
1339 2709 1529 2745 συλλογισμοῖς
1545 2718 1552 2725 ·
1580 2710 1657 2736 οὐδὲν
1681 2709 1841 2745 ὲπιζητήσω

1046 2757 1101 2783 τῶν
1118 2757 1238 2791 πάντων,
1252 2756 1266 2783 ὃ
1280 2756 1468 2792 συνηγόρησεν
1484 2757 1517 2783 ἄν
1537 2766 1582 2792 μοι
1598 2756 1665 2792 πρδς
1688 2756 1767 2783 τοῦτο
1780 2757 1842 2791 δεῆ-

1048 2812 1108 2831 σαν.
1121 2804 1207 2831 Ὅπου
1222 2804 1277 2840 γὰρ
1292 2805 1308 2840 ἡ
1325 2803 1507 2839 αὺτοαλήθεια
1523 2806 1698 2840 χρηματίζει,
1713 2805 1842 2839 ἄντικρυς

1049 2850 1221 2886 βλασφημεῖν
1239 2852 1312 2878 ἑστιν
1330 2850 1482 2886 ἐπιχειρεῖν
1496 2850 1611 2886 ἀμύνειν
1626 2851 1665 2886 τῷ
1677 2850 1784 2886 ἐκείνης
1796 2850 1841 2876 λό-
