1933 3075
89 155 142 187 549

786 140 931 173 ORATIO
945 140 1010 171 VII.

1670 136 1722 166 350

92 219 144 246 γῳ.
165 209 294 241 Ἐκείνοις
319 207 373 241 γὰρ
403 204 550 241 βοηθητέον
576 203 642 239 ἡμῖν
667 200 752 232 ἐστιν,
777 199 824 231 οὓς

948 194 1102 229 ιιιιεριιοιιιία
1116 197 1167 224 est.
1179 194 1328 221 oralionem
1343 193 1402 228 ejus
1417 192 1485 220 tncri
1502 192 1577 220 velle.
1587 192 1721 220 Nimirum

92 244 226 292 γνοίημεν
238 254 383 290 δεομένους
402 254 450 287 τῆς
464 252 530 287 παρ’
542 250 624 287 ’ἡμῶν
648 245 818 292 συμμαχίας,
839 244 881 292 ιι-

92 302 180 333 λιπῶς
197 301 258 328 καθ’
269 300 358 327 ὁτιοῦν
370 299 479 334 ἔχοντας
491 297 558 333 πρός
571 305 602 330 γε
616 295 646 322 τδ
669 293 759 328 σφίσιν
791 291 883 321 αὐτοῖς

93 349 237 382 ἐπαρκεῖν,
255 346 315 380 Θεῷ
331 346 359 372 δὲ
372 346 413 376 τίς
427 343 565 374 ἀσθένεια,
594 341 631 372 ὡς
644 337 746 366 δεῖσθαί
764 346 816 363 που
832 336 882 370 τῆς

94 380 162 429 map;
176 392 254 428 ἡμῶν
270 391 398 427 βοηθείας
413 399 420 424 ;
449 389 529 416 Ἀλλὰ
543 388 596 422 γὰρ
612 387 659 414 καὶ
679 385 758 412 τοῦτο
778 380 884 429 hapsi-

94 427 144 466 κον
160 427 250 473 οἶμαι,
261 438 291 464 τδ
308 437 357 464 καὶ
375 437 429 467 τοῖς
447 435 547 468 ὀλίγοις
567 432 671 463 τούτοις
686 429 802 457 ὶνταῦοα
814 427 882 473 χρῄ-

96 471 195 510 σασοαι
207 483 310 515 λόγοις,
322 481 370 511 Τίς
386 479 439 514 γὰρ
452 479 502 505 οὐκ
519 475 601 507 οἶδεν,
618 476 655 507 ὡς
670 476 694 501 εἰ
707 474 755 509 μὲν
776 471 882 507 ἀνθρώ-

94 537 184 566 πινον,
198 528 228 554 οὐ
242 527 323 554 καλόν
338 535 346 560 ;
365 526 388 552 εί
406 525 434 551 δὲ
455 524 533 555 Θεοῦ,
560 522 606 549 καὶ
621 521 721 553 κα).όν;
752 518 830 552 Λέγω
854 517 883 543 δὲ

95 564 266 610 ἀνθρώπινον
281 573 331 608 μὲν
352 571 382 597 τὸ
403 570 452 604 τῆς
467 568 514 596 τοῦ
530 568 597 596 Θεοῦ
614 566 700 603 ῥοπῆς
725 564 883 592 παντάπασι

95 621 173 655 ψιλὸν
187 619 310 647 trem-3
322 618 351 644 δὲ
367 616 415 651 τὴν
432 615 537 643 ἐκείνου
560 613 628 649 πρὸς
657 612 730 647 ἡμᾶς
751 609 884 655 εὐδοκίαν.

95 667 134 692 Τὸ
145 665 198 700 γὰρ
212 662 463 699 ἐγκαταλελεῖφθαι,
482 661 529 687 καὶ
549 660 597 693 τῆς
624 658 708 693 ὀργῆς
723 654 807 682 αὑτοῦ
827 663 887 680 πει-

97 712 223 746 ραθῆναι,
239 710 385 745 ἡμέτερον.
396 709 462 735 Οὐδὲ
478 708 532 742 γὰρ
552 705 633 742 ἔργον
651 703 728 731 Θεοῦ.
751 702 885 734 Ἐκεῖνος

96 758 152 792 γὰρ
164 755 346 790 ἀπείραστός
357 755 422 782 ἐστι
437 752 549 785 κακῶν,
569 749 698 785 πειράἄει
712 749 747 776 δέ
765 748 886 779 οὐδένα,

98 804 170 831 κατὰ
184 803 228 829 τὸν
237 800 421 834 ’Δδελφόθεον.
433 800 514 826 Ὥστε
529 799 558 825 τὸ
571 798 660 829 καλῶς
670 797 755 823 ποιεῖν
767 794 887 829 ἀτεχνῶς

936 240 974 268 illi
989 240 1068 267 nobis
1084 239 1245 267 defendendi
1263 244 1339 272 sunt,
1355 247 1422 274 quos
1448 239 1624 274 intelligimus
1655 240 1724 266 indi-

935 294 998 323 gere
1013 292 1105 315 nostro
1118 287 1232 320 auxilio,
1242 288 1347 315 viribus
1367 288 1456 321 aliqua
1471 292 1545 321 parte
1554 288 1723 318 deficientes,

935 343 989 370 quo
1007 335 1096 362 minus
1110 342 1186 368 opem
1206 335 1256 368 ipsi
1267 335 1317 361 sibi
1335 334 1407 361 ferre
1420 333 1535 367 possint.
1563 333 1597 360 At
1618 333 1644 360 iu
1667 333 1722 360 Deo

936 389 1060 416 quzenam
1075 387 1116 409 est
1132 381 1317 413 imbecillitas,
1337 386 1434 408 nostrze
1457 386 1486 407 ut
1500 380 1557 415 opis
1585 380 1725 414 indigeat?

937 428 1086 455 Enimvero
1118 435 1348 462 supervacaneum
1364 432 1391 454 et
1407 427 1472 453 illud
1495 426 1624 458 arbitror,
1652 426 1723 460 quod

935 473 1019 500 etiam
1051 474 1193 508 perpaucis
1209 473 1284 500 hisce
1300 472 1389 499 verbis
1410 473 1460 499 hoc
1481 471 1539 499 loco
1553 471 1639 499 simus
1670 473 1724 499 usi.

937 519 1005 552 Quis
1019 520 1090 546 enim
1107 519 1225 554 ignorat,
1244 519 1266 546 si
1283 518 1346 553 quid
1365 518 1514 545 humanum
1539 519 1584 549 sit,
1597 525 1650 544 non
1664 525 1726 544 esse

939 566 1113 593 bonumlsin
1135 565 1194 598 Dei,
1222 565 1322 592 bonum
1349 564 1427 591 esse?
1453 563 1608 590 Humanum
1634 569 1725 590 autem

938 612 964 639 id
980 612 1095 647 appello,
1114 612 1184 646 quod
1198 611 1298 638 auxilio
1324 610 1372 637 Dei
1391 611 1470 644 plane
1485 608 1644 636 destituitur
1661 617 1668 636 :
1688 610 1728 635 di-

938 658 1032 684 vinnm
1049 665 1123 688 vero,
1139 657 1226 691 ipsius
1242 663 1304 690 erga
1323 663 1372 682 nos
1388 654 1610 689 propensionem.
1624 654 1728 688 Quippe

940 704 1040 736 deseri,
1055 710 1135 737 atque
1149 704 1217 729 iram
1249 702 1335 736 ipsius
1365 701 1494 734 experiri,
1523 705 1644 738 nostrum
1673 705 1728 727 est.

939 748 1120 783 Nequitenim
1136 748 1182 781 Dei
1196 748 1246 775 hoc
1258 755 1325 783 opus
1341 754 1414 774 esse.
1429 746 1495 773 Nam
1511 747 1581 773 Deus
1593 746 1727 772 malorum

939 803 1038 829 expers
1066 800 1118 825 est.
1151 799 1178 821 et
1204 793 1341 820 neminem
1373 796 1470 824 leniat,
1497 791 1726 826 quemadmodum

99 851 176 886 παρὰ
195 848 263 876 Θεοῦ
280 849 337 879 τοῖς
347 846 512 881 ἀνθρώποις,
529 844 560 871 τὸ
574 843 603 870 δὲ
619 843 709 872 κακῶς
733 841 762 874 ὲξ
783 839 887 876 ἀνθρώ-

948 842 1025 868 'rater
1039 840 1083 868 ille
1101 840 1202 867 Christi
1227 840 1359 874 loquitur.
1378 838 1454 865 Unde
1473 837 1620 873 co‘ligitur,
1646 844 1728 871 opera

191 895 237 921 καὶ
248 895 297 929 τῆς
309 876 608 927 πνροαιρέσεωςγμόνης.
634 888 690 915 Καὶ
704 886 728 913 el
743 885 887 913 κάλλιστόν

948 894 1012 914 Jona
1025 885 1107 913 dubio
1124 884 1216 919 procul
1231 884 1258 910 in
1275 883 1430 910 hominibus
1447 890 1461 909 a
1479 883 1532 909 Deo
1567 881 1703 915 proﬁcisci
1719 888 1726 906 :

98 941 198 969 ἔστιτὸ
213 940 259 967 ἐπὶ
283 940 342 970 ταῖς
368 937 484 972 ἀγαθαῖς
512 935 628 971 πράξεσι
653 933 887 968 ταπεινοφρονεῖν,

100 987 195 1022 σαφῶς
215 986 262 1012 καὶ
272 985 344 1012 τοῦθ’
360 985 424 1019 ἡμῖν
440 982 528 1017 πολλῷ
557 989 590 1015 γε
611 981 721 1016 μᾶλλον,
740 980 777 1011 ὼς
803 979 834 1005 δν
859 985 889 1012 γε

100 1033 162 1068 μεθ’
188 1031 340 1067 ὑπερόολῆς
368 1028 481 1063 ἀγαθόν.
508 1028 562 1054 Kal
594 1027 654 1053 Επεὶ
666 1026 744 1053 ταυτὶ
768 1025 890 1058 ξυνδοκεῖ

99 1078 172 1110 (πῶς
186 1077 240 1112 γὰρ
256 1075 286 1103 οὕ
304 1076 337 1111 ;).
351 1075 381 1102 οὐ
396 1075 436 1101 δεῖ
449 1074 494 1100 τὸν
510 1072 696 1106 κατορθοῦντα
714 1070 888 1106 ἐπαίρεσθαι.

100 1124 135 1151 El.
166 1124 221 1158 γὰρ
246 1122 378 1157 ἑφ“ὴμῶν
394 1122 446 1149 τῶν
469 1117 619 1154 ἀνθρώπων
641 1118 730 1148 οὐδεὶς
759 1117 793 1144 ἂν
820 1117 892 1152 μέγα

101 1170 171 1197 ποτὲ
184 1168 343 1204 φρονήσειεν
358 1166 569 1205 ἀριοτεύοαντος
585 1165 679 1199 ἑτέρου
694 1163 806 1198 (πόθενς
829 1162 892 1189 πολ-

101 1214 151 1242 λοῦ
170 1223 201 1248 γε
213 1214 260 1241 καὶ
274 1213 335 1248 δεῖ),
350 1213 408 1244 πῶς
427 1212 460 1239 ἂν
482 1211 525 1245 εἴη
541 1207 644 1238 δίκαιον
661 1209 891 1244 ὐψηλοφρονῆσαι,

102 1261 151 1288 τοῦ
169 1260 236 1287 Θεοῦ
247 1258 461 1294 κατωρθωκότος
481 1257 514 1283 δι’
539 1256 618 1292 ἡμῶν
634 1255 665 1282 τὸ
691 1255 762 1289 ὑπὲρ
793 1253 892 1288 ήμῶνξ

108 1307 183 1334 Ἀλλ’
197 1307 256 1341 ὲρεῖ
269 1313 311 1337 τις
329 1305 393 1336 ἴσως
409 1304 537 1339 αρπάσας
553 1303 594 1335 τὸ,
611 1301 648 1328 Δι’
666 1301 756 1337 ἡμῶν,
776 1301 813 1332 ὡς
840 1300 894 1333 ἄρα

102 1361 133 1380 τι
147 1353 194 1379 καὶ
209 1352 240 1378 τὸ
264 1351 396 1386 ἡμέτερον
421 1348 604 1384 συνεισφέρει.
634 1347 810 1382 Συνεισφέρει
833 1346 892 1380 μὲν,

104 1398 129 1427 ὦ
141 1400 200 1431 τᾶν,
214 1397 309 1425 Οὐδὲν
324 1397 351 1423 δὲ
363 1396 454 1431 ἔχεις,
471 1395 564 1430 φησὶν,
584 1393 599 1420 ὃ
623 1394 679 1420 οὐκ
705 1393 823 1424 ἔλαϐες.
855 1390 893 1417 Τὰ

107 1447 161 1482 γὰρ
179 1445 277 1472 πάντα
293 1444 327 1471 sit
343 1442 427 1470 θεοῦ.
446 1442 499 1469 Kal
510 1441 601 1472 αὑτός
611 1441 697 1467 ἐστιν
723 1441 739 1466 ὀ
763 1438 894 1473 ἐνεργῶν

106 1493 142 1519 ἐν
156 1492 228 1526 ἡμῖν
243 1490 291 1518 καὶ
306 1490 339 1517 τὸ
362 1489 462 1516 θέλειν
481 1488 529 1514 καὶ
546 1487 579 1514 τὸ
595 1486 730 1521 ἐνεργεῖν
748 1485 824 1518 ὑπὲρ
839 1484 893 1518 τῆς

942 931 1013 959 mala
1032 938 1097 958 vero
1136 930 1171 957 ab
1191 929 1357 962 hominibus,
1374 933 1401 956 et
1418 929 1571 956 animorum
1597 928 1731 954 duntaxat

942 977 1079 1005 instituto.
1095 977 1133 1003 Ac
1144 976 1166 1003 si
1184 975 1395 1010 pulcherrimum
1409 974 1535 1009 quiddam
1546 977 1598 1006 est,
1613 973 1638 1000 iu
1653 979 1732 1008 egre-

941 1024 993 1058 giis
1007 1023 1085 1050 factis
1098 1023 1237 1049 humiliter
1255 1028 1316 1049 sese
1331 1028 1447 1056 gerere:
1462 1028 1513 1046 non
1532 1019 1644 1046 dubiqu
1675 1023 1728 1050 est,

943 1070 995 1097 hoc
1012 1070 1100 1102 ipsum
1114 1075 1220 1103 quoque
1243 1067 1321 1095 nobis
1336 1075 1350 1092 ιι
1363 1066 1417 1093 Deo
1432 1065 1515 1092 multo
1532 1065 1617 1099 magis
1634 1071 1732 1091 conce-

943 1116 981 1147 di,
1000 1123 1060 1142 ctnn
1079 1114 1208 1142 eximium
1230 1114 1330 1140 bonum
1346 1112 1392 1140 sit.
1408 1111 1496 1146 Atque
1511 1111 1554 1137 bis
1572 1111 1729 1137 necessario

943 1169 1004 1189 cum
1020 1161 1144 1188 assentiri
1157 1166 1298 1191 cogamur,
1312 1159 1358 1192 qui
1377 1165 1422 1184 res
1433 1156 1578 1191 praeclaras
1592 1157 1658 1190 agit,
1675 1155 1735 1183 ani-

945 1216 989 1235 mo
1005 1216 1057 1235 non
1072 1207 1152 1234 debet
1170 1206 1271 1234 efferri.
1298 1204 1364 1231 Nam
1380 1204 1403 1232 si
1427 1210 1478 1230 nos
1510 1203 1581 1230 inter
1608 1201 1733 1229 homines

945 1255 1036 1281 nullus
1050 1261 1170 1287 unquam
1184 1256 1331 1285 propterea
1352 1249 1494 1284 magnifice
1510 1249 1543 1275 de
1559 1256 1588 1276 se
1607 1246 1734 1277 senserit.

945 1301 1017 1335 quod
1032 1300 1102 1326 alius
1118 1299 1227 1334 egregie
1240 1305 1270 1326 se
1282 1297 1370 1332 gessit
1396 1296 1461 1332 (quo
1482 1296 1553 1322 enim
1569 1294 1653 1329 jure?
1673 1294 1734 1320 nul-

945 1345 971 1373 lo
987 1346 1093 1378 certe);
1109 1344 1219 1379 quinam
1237 1343 1320 1371 fuerit
1345 1350 1452 1377 aequum
1467 1341 1591 1369 sublimia
1619 1347 1670 1367 nos
1700 1340 1735 1367 dc

946 1391 1082 1419 nobismet
1095 1391 1209 1422 sentire.
1224 1397 1286 1418 cum
1315 1389 1388 1416 Deus
1411 1396 1459 1423 per
1492 1395 1542 1415 nos
1567 1387 1633 1414 utile
1658 1387 1735 1413 nobis

945 1446 1013 1473 opus
1024 1438 1129 1465 efﬁcit?
1156 1436 1209 1464 Sed
1223 1437 1296 1464 dicet
1330 1436 1446 1463 fortasse
1474 1435 1622 1470 quispiam,
1653 1438 1733 1468 rapto

946 1485 994 1513 illo
1014 1485 1098 1512 verbo
1111 1489 1215 1514 nostro,
1238 1483 1290 1511 Per
1322 1489 1391 1515 nos;
1416 1482 1468 1508 hoc
1498 1482 1588 1515 ipsum
1619 1480 1734 1511 scilicet,

107 1539 258 1570 εὐδοκίας.
277 1537 340 1569 Kal,
363 1537 415 1563 Ἕν
429 1533 570 1567 αὐτῷκαὶ
588 1532 690 1567 ζῶμεν,
718 1531 768 1558 καί
792 1531 891 1557 κινού-

948 1532 1030 1568 etiam
1049 1535 1170 1558 nostrum
1186 1530 1290 1565 aliquid
1309 1537 1402 1557 secum
1417 1529 1533 1556 inferre.
1568 1528 1641 1555 Sane
1671 1535 1736 1555 vero

105 1586 194 1620 μεθα,
218 1583 267 1610 καὶ
279 1582 384 1617 ἐσμέν.
399 1581 452 1607 Καὶ
469 1580 536 1610 ὅλως
552 1579 582 1605 αῖ
596 1587 625 1605 τε
635 1577 732 1612 ψυχαὶ,
746 1575 780 1602 τά.
798 1584 828 1601 ἰε
843 1575 895 1601 σώ-

109 1639 193 1666 ματα,
209 1631 254 1656 καὶ
269 1629 297 1655 αἱ
316 1628 386 1655 κατὰ
404 1626 470 1653 Θεὸν
484 1625 606 1660 πράξεις,
617 1624 665 1650 καὶ
680 1623 748 1657 ὅπερ
767 1622 799 1648 ἂν
816 1621 897 1657 μετὲ-

108 1685 156 1711 χον
167 1675 210 1711 εἴη
221 1673 341 1711 χρηστοῦ
357 1681 439 1706 τινος,
464 1671 613 1706 οὐδαμόθεν
632 1669 762 1704 ἀτεχνῶς,
784 1669 800 1703 ἢ
823 1667 897 1703 παρὰ

108 1721 177 1748 Θεοῦ
198 1722 253 1752 τοῖς
270 1719 438 1755 ἀνθρώποις.
460 1718 543 1749 Ὥστε
559 1717 607 1744 καὶ
637 1716 668 1742 τὸ
686 1714 898 1749 συνεισφερόμε-

109 1777 166 1801 νον,
186 1767 233 1794 καὶ
246 1766 312 1793 αὐτὸ
324 1765 354 1792 τὸ
372 1764 587 1798 συνεισενεγκεῖν
603 1761 814 1797 προθυμεῖσθαι,
840 1759 898 1786 9εῆ-

107 1814 156 1841 θεν
170 1813 247 1849 ἡμῖν.
263 1812 318 1839 Καὶ
332 1812 372 1838 δεῖ
396 1819 428 1845 γε
454 1809 523 1845 ὑπὲρ
543 1809 656 1836 ,τούτων
681 1807 779 1834 εἰδέναι
807 1806 897 1841 χάριν,

107 1861 172 1896 οὐχὶ
185 1860 392 1895 ὕψηλοφρονεῖν.
410 1857 464 1884 Kal
476 1857 502 1883 τί
522 1855 607 1882 ταῦτα
635 1855 722 1889 λέγω,
748 1855 815 1880 ὃπου
848 1853 894 1879 καὶ

109 1906 158 1933 τοῦ
175 1906 219 1933 διὰ
231 1904 380 1940 μαρτυρίου
396 1903 512 1930 θανάτου
526 1902 572 1929 τδν
584 1901 651 1928 Θεὸν
663 1900 798 1928 αἰτιατέον
827 1899 898 1931 ὲσιὶ,

110 1952 159 1979 καὶ
177 1951 225 1986 τὴν
239 1950 382 1986 μεγίστην,
395 1947 470 1983 αὺτῷ
483 1947 530 1975 καὶ
539 1947 609 1982 ὑπὲρ
626 1945 722 1972 τούτου
736 1945 816 1980 χάριν
829 1943 899 1970 εἰδέ-

110 2005 157 2025 ναι
173 1996 329 2031 όφείλομεν,
346 1995 372 2022 al
383 2003 426 2026 τις
441 1993 563 2028 ἀκριϐῶς
590 1993 749 2027 σκοπήσειε,
773 1992 820 2018 καὶ
849 1991 899 2016 οὐκ

111 2045 218 2080 οἰητέον
231 2043 326 2070 τούτου
338 2042 419 2077 χάριν
431 2041 513 2068 αὐτὸν
527 2040 666 2082 ὀφειλέτην
688 2039 752 2073 ἡμῖν
767 2037 898 2064 καθιστά-

112 2100 169 2118 ναι.
184 2090 226 2117 Τὰ
239 2089 293 2124 γὰρ
310 2089 397 2115 πάντα
417 2087 448 2113 ὲκ
464 2086 544 2118 Θεοῦ,
561 2085 651 2116 καθὼς
665 2085 690 2111 οἱ
706 2083 823 2119 πρόσθεν
835 2083 900 2117 ἡμῖν

114 2138 209 2172 σαφῶς
226 2130 369 2167 ὰιτέδειξαν
384 2134 470 2168 λόγοι.
486 2133 517 2159 Εἰ
532 2132 586 2167 γὰρ
602 2131 641 2167 τῷ
655 2131 750 2166 ῥήτορι
769 2130 843 2157 δοκεῖ
862 2127 902 2156 εἷ-

114 2194 157 2211 ναι
169 2183 221 2210 τῶν
235 2182 340 2216 φύντων
354 2181 440 2207 αῐτιον
455 2179 501 2206 τὸν
524 2177 699 2213 παρασχόντα
726 2177 759 2203 τὸ
776 2177 898 2210 σπέρμα,

114 2233 161 2259 και
174 2232 188 2258 ὁ
202 2214 280 2264 λόγος
297 2227 343 2264 ἦν,
356 2228 386 2254 οὺ
401 2226 464 2262 περι
476 2225 635 2258 Θεοῦνὰλὶά
648 2224 713 2259 περὶ
727 2223 880 2258 ἀνθρώπων
893 2230 901 2237 ·
919 2214 940 2240 ι)

115 2279 174 2309 πῶς
185 2277 245 2312 οὐχὶ
263 2275 317 2302 τῶν
333 2276 362 2301 ὲν
372 2275 438 2309 ἡμῖν
451 2272 562 2307 ἀγαθῶν
573 2272 682 2298 πάντων
708 2269 754 2297 τὸν
770 2268 838 2296 Θεὸν
862 2269 902 2295 αἰ-

115 2323 243 2354 τιατέονξ
264 2322 329 2348 ὄντα
347 2320 396 2356 μὲν
409 2317 585 2354 δημιουργὸν,
616 2317 680 2343 οντα
708 2315 738 2343 δὲ
755 2314 902 2350 κηδεμόνα,

116 2370 163 2397 καὶ
182 2368 295 2404 ταμίαν,
309 2367 356 2393 καὶ
370 2365 471 2400 δοτῆρα
487 2363 594 2390 πάντων
611 2361 673 2396 ἑξῆς
691 2361 745 2388 τῶν
762 2361 802 2392 είς
829 2361 903 2395 ἡμᾶς

117 2416 161 2443 ἀεὶ
175 2411 377 2449 γινομένων.οὐ
396 2412 449 2446 μὴν
464 2409 521 2437 ἀλλ’
541 2409 570 2436 ’ἐν
583 2417 612 2441 γε
628 2408 668 2434 ἐτι
689 2407 812 2434 λείπεται
828 2406 905 2441 βέλος

117 2461 173 2492 τοῖς
197 2457 388 2494 ὑπερηφανίαν
415 2455 544 2482 νοσοῦσι·
569 2454 615 2481 καὶ
638 2453 716 2480 τοῦτό
732 2461 763 2486 γε
788 2452 905 2479 ὕστατον

119 2507 169 2542 μὲν
189 2505 352 2541 (κεκένωται
364 2504 417 2538 γὰρ
433 2502 522 2532 αὐτοῖς
538 2501 555 2535 ἡ
571 2499 705 2534 φαρέτρα)
721 2497 777 2526 οἷον
791 2498 820 2524 δὲ
835 2506 906 2533 παρ-

119 2553 193 2586 έχειν
217 2548 348 2581 ἐλπίζειν,
365 2548 402 2580 ὡς
419 2547 473 2582 ἄρα
501 2545 631 2580 τρώσειεν
660 2544 770 2578 ἁφεθέν.
799 2543 905 2570 Οὐκοῦν

119 2598 170 2624 κᾶν
196 2595 274 2622 τοῦτο
304 2595 359 2626 τοῖς
381 2591 560 2629 προλαϐοῦσιν
597 2590 800 2624 ἁκολουθῆταν,
824 2590 906 2626 μηδὲν

122 2642 235 2678 ἰσχῦσαν
259 2641 342 2675 φανῇ,
367 2638 424 2667 ἀλλ’
449 2638 589 2674 ἄπρακτον
611 2636 736 2672 ἐξενεχθῇ
761 2638 818 2668 τοῖς
845 2636 907 2663 καθ’

120 2687 200 2723 ήμῶν
229 2687 357 2721 ἀφιεῖσιν,
377 2684 420 2719 εἴη
442 2683 474 2711 ἂν
493 2684 508 2710 ό
536 2683 615 2717 λόγος
639 2680 717 2714 οὗτος
733 2683 825 2715 καλῶς
839 2684 907 2718 ἡμῖν

120 2732 397 2767 συμπεπερασμένος.
416 2730 471 2756 Kal
485 2729 517 2764 δὴ
530 2729 561 2756 τὸ
573 2728 649 2764 βέλος
672 2729 798 2760 ἐκείνοις,
812 2728 842 2755 τδ
857 2728 908 2762 φά-

120 2786 197 2805 σκειν
218 2774 295 2812 οἶμαι
321 2775 419 2808 τοιάδε,
440 2775 481 2802 ὅτι
506 2775 541 2801 τὰ
566 2775 615 2809 μὲν
641 2774 794 2809 ἀνθρώποις
820 2774 908 2809 ἐξειρ-

120 2824 256 2860 γασμένα,
274 2823 297 2849 εί
329 2823 379 2857 μιν
402 2821 537 2858 παραθείη
567 2829 609 2853 τις
632 2821 692 2852 ταῖς
714 2821 767 2847 ἀπὺ
780 2820 827 2847 τοῦ
840 2821 908 2847 Θεοῦ

121 2869 240 2906 χάρισιν,
260 2867 334 2894 οὐδὲν
361 2866 424 2894 ὄντα
443 2866 564 2902 εὑρήσει.
582 2864 684 2897 Ἄλλως
707 2864 772 2899 γὰρ,
797 2864 847 2892 οὐκ
875 2864 908 2892 ἂν

948 1578 983 1605 ita
996 1581 1049 1610 est,
1065 1584 1081 1604 0
1097 1577 1178 1604 bone.
1210 1575 1263 1603 Sed
1294 1575 1331 1602 m'l
1349 1575 1437 1607 habes,
1470 1575 1557 1610 inquit
1579 1575 1736 1609 Apostolus.

947 1624 1016 1658 quod
1035 1631 1087 1649 non
1119 1621 1307 1656 accepisti.Ex
1327 1621 1378 1648 Deo
1390 1629 1502 1656 namque
1529 1621 1628 1647 omnia.
1666 1620 1734 1646 Deus

947 1674 996 1698 est.
1009 1669 1053 1703 qui
1068 1668 1142 1702 efﬁcit
1156 1668 1182 1694 in
1197 1668 1283 1699 nobis,
1297 1672 1321 1693 et
1337 1671 1365 1693 ut
1381 1666 1500 1697 velimus,
1529 1672 1552 1693 σι
1569 1670 1597 1692 ιιι
1618 1666 1738 1700 perﬁcia-

949 1723 1017 1748 mus,
1036 1723 1083 1749 pro
1097 1723 1145 1741 sua
1162 1714 1188 1740 in
1210 1722 1256 1740 nos
1270 1714 1454 1748 propensionc.
1473 1712 1540 1739 ltem
1558 1721 1565 1738 :
1585 1711 1618 1738 In
1639 1713 1695 1746 ipso
1714 1715 1738 1738 et

950 1762 1069 1793 uiuimus,
1100 1765 1123 1788 et
1142 1768 1284 1791 movemur,
1301 1763 1325 1785 et
1340 1766 1442 1785 sumus.
1467 1757 1507 1784 Ad
1527 1764 1660 1784 summam
1673 1776 1681 1788 ,
1712 1761 1740 1782 ct

950 1810 1069 1839 animos,
1087 1812 1114 1835 et
1127 1814 1254 1840 corpora,
1271 1810 1298 1833 et
1306 1805 1428 1832 actiones
1437 1803 1491 1831 Deo
1505 1807 1607 1837 gratas,
1621 1807 1646 1830 et
1657 1802 1740 1836 quid-

950 1854 1016 1888 quid
1035 1854 1097 1881 boni
1108 1853 1244 1887 particeps
1260 1856 1312 1883 est.
1329 1857 1462 1884 nusquam
1480 1849 1590 1876 aliunde
1607 1848 1738 1875 mortales

950 1901 1053 1928 habent
1083 1906 1162 1933 quant
1179 1906 1192 1924 a
1211 1898 1276 1924 Dco.
1296 1897 1470 1930 Quapropter
1494 1899 1521 1922 et
1536 1895 1609 1929 quod
1634 1902 1649 1921 a
1663 1894 1741 1921 nobis

951 1947 1104 1978 confertur,
1121 1949 1149 1972 et
1167 1944 1224 1979 ipsa
1240 1942 1378 1977 cupiditas
1401 1942 1575 1975 conferendi.
1610 1941 1742 1969 divinitus

951 1994 1030 2021 nobis
1046 1991 1216 2020 conceditur.
1233 1990 1357 2023 Quorum
1383 1996 1450 2016 sane
1468 1996 1550 2016 causa
1565 1992 1629 2016 sunt
1641 1988 1743 2015 haben-

952 2041 992 2067 ἀρε
1009 2038 1114 2074 gratim.
1134 2045 1186 2065 non
1206 2036 1432 2070 superbiendum.
1450 2035 1564 2069 Etvquid
1580 2035 1637 2062 haec
1652 2034 1743 2068 profe-

954 2094 983 2113 ro
1007 2086 1017 2112 'l
1031 2084 1139 2120 quando
1149 2083 1232 2110 etiam
1245 2081 1341 2108 mortis
1352 2081 1434 2108 obita!
1450 2080 1476 2107 in
1496 2080 1628 2114 martyrio
1658 2086 1741 2106 causa

953 2132 1051 2161 referri
1063 2130 1096 2158 ad
1115 2130 1196 2158 Deum
1226 2128 1320 2160 debet,
1346 2127 1527 2161 maximeque
1553 2125 1590 2152 illi
1612 2125 1744 2153 habenda:

955 2183 1101 2214 propterea
1121 2176 1228 2211 gratiae,
1239 2175 1262 2202 si
1276 2174 1337 2208 quis
1356 2177 1485 2201 accurate
1496 2180 1552 2199 rem
1570 2172 1743 2205 consideret;

957 2233 1008 2252 nec
1021 2224 1123 2251 idcirco
1142 2221 1305 2256 putandum,
1321 2223 1417 2246 nostro
1430 2218 1457 2245 in
1475 2225 1528 2245 mre
1556 2217 1640 2244 Deum
1670 2225 1742 2245 esse.

956 2270 1024 2299 Nam
1040 2278 1056 2298 2.
1077 2270 1133 2296 Deo
1148 2267 1359 2303 proﬁciscuntur
1384 2264 1489 2296 omnia,
1512 2263 1741 2298 quemadmodum

959 2317 1074 2344 antehac
1087 2316 1160 2343 clare
1171 2312 1357 2349 probavimus.
1372 2311 1476 2345 Quippe
1487 2311 1509 2337 si
1524 2309 1626 2337 oratori
1637 2311 1745 2338 videtur

958 2370 1063 2394 eorum,
1082 2369 1140 2396 qua!
1153 2365 1217 2388 nata
1230 2360 1295 2389 sint,
1310 2358 1344 2385 ad
1371 2357 1446 2384 illum
1479 2357 1622 2384 referenda
1650 2364 1744 2390 causa,

959 2409 1004 2443 qui
1020 2415 1112 2435 semen
1128 2406 1320 2441 suppeditarit,
1336 2404 1382 2430 ubi
1410 2403 1519 2438 quidem
1538 2410 1591 2430 non
1622 2404 1656 2431 de
1680 2404 1746 2437 Deo,

959 2455 1005 2482 sed
1024 2453 1180 2481 hominibus
1196 2453 1314 2487 loquitur
1331 2460 1337 2477 :
1355 2458 1410 2485 quo
1438 2455 1518 2484 pacto
1546 2458 1598 2476 non
1621 2450 1745 2477 omnium

959 2501 1093 2528 bonorum
1106 2500 1131 2526 in
1149 2498 1228 2526 nobis
1241 2498 1313 2524 Deus
1327 2502 1424 2523 auctor
1455 2495 1622 2522 habendus?
1648 2496 1693 2530 qui
1721 2501 1747 2522 et

960 2546 1050 2582 opifex
1075 2551 1169 2573 noster
1187 2550 1244 2575 est,
1272 2548 1299 2571 et
1332 2550 1425 2569 curam
1453 2543 1538 2569 nostri
1572 2543 1655 2576 gerit,
1684 2549 1749 2576 sup-

961 2592 1064 2627 peditat
1077 2596 1158 2625 atque
1174 2591 1289 2623 largitur
1303 2589 1406 2619 omnia,
1425 2596 1595 2622 quaacuuque
1609 2593 1746 2622 perpetuo

961 2638 1040 2666 nobis
1060 2635 1389 2665 obveuiutit.lEnimvero
1401 2635 1483 2662 telum
1501 2635 1590 2662 adhuc
1605 2642 1688 2661 unum
1705 2642 1749 2661 re-

961 2687 1016 2711 stat
1049 2682 1183 2716 superbia:
1222 2681 1319 2708 morbo
1349 2680 1550 2712 laborantibus,
1586 2683 1614 2706 et
1644 2683 1751 2714 postre-

962 2735 1037 2757 mum
1049 2728 1076 2755 id
1093 2726 1204 2762 quidem
1222 2728 1296 2762 (nam
1314 2726 1448 2754 exhausta
1466 2725 1588 2759 ipsorum
1609 2729 1651 2752 est
1683 2725 1752 2763 plta-

963 2773 1059 2807 retra),
1078 2773 1150 2808 quod
1164 2778 1255 2800 tamen
1273 2779 1349 2807 spem
1367 2771 1491 2806 aliquam
1511 2771 1641 2805 pra-beat,
1671 2771 1750 2805 quasi

963 2821 1061 2848 vulnus
1073 2819 1109 2847 sit
1123 2819 1302 2852 inllicturum,
1319 2819 1341 2846 si
1354 2818 1509 2846 emittatur.
1525 2816 1621 2853 Itaque
1646 2818 1669 2845 si
1699 2817 1750 2845 hoc

963 2866 1045 2895 etiam
1061 2869 1186 2893 secutum
1197 2864 1392 2901 praecedentia,
1423 2863 1509 2892 nullas
1529 2862 1658 2891 habuisse
1683 2864 1754 2891 vires
