1933 3075
91 143 147 180 5ιῶ

778 143 918 175 ORATIO
937 135 1006 174 vn.

1669 142 1721 176 53$

97 204 152 239 μὴν
164 203 190 230 οῖ
201 188 373 238 σεσωσμένοι
395 202 443 229 καὶ
457 201 504 228 τὸν
516 201 570 228 τῶν
584 200 693 235 ἄστρων
710 199 827 235 ἀριθμὸν
839 199 877 233 τῷ
894 222 897 229 ,

955 198 1092 233 ιιιριίινίιιιιι
1125 203 1223 231 manet,
1244 199 1278 227 ab
1303 199 1379 227 initfo
1405 199 1489 228 malos
1518 201 1634 234 scilicet,
1653 202 1721 230 alios

91 250 189 285 πλήθει
211 247 430 284 παρεληλύθασι.
459 247 514 274 Καὶ
530 247 563 273 σὺ
592 245 673 278 αὐτὸς
699 245 824 281 εἴρηκας,
838 245 875 277 ὼς

91 295 157 326 τοὺς
176 294 227 329 μὲν
239 293 361 328 φαύλους
375 293 392 327 ἡ
404 292 525 323 κόλασις,
547 292 611 323 τοὺς
623 290 645 317 δ’
657 292 672 317 ὁ
694 290 775 326 χορὸς
803 290 880 316 ὲκδὲέ

91 349 171 376 χεται
184 329 240 367 τῶν
260 339 406 375 μακαρίων
429 338 546 374 ἀνδρῶν.
579 337 660 364 ’Ὥστε
682 345 730 363 σου
751 337 799 363 καὶ
817 337 877 368 ταῖς

92 388 186 414 θέσεσι
199 386 374 421 διαμάχεται,
388 382 429 416 οἷς
441 393 472 419 γε
490 385 577 415 δοκεῖς
595 383 691 414 αὐταῖς
706 382 877 417 ἐπαμύνειν,

92 434 141 462 καὶ
163 434 293 468 γίγνεται
322 431 458 460 πάντοθεν
486 430 584 465 σαφὲς,
614 429 651 461 ὼς
677 429 752 456 ἔστιν
777 428 879 463 ἀγαθὸν

93 479 193 510 ποιεῖν,
208 478 256 505 καὶ
272 477 310 512 μὴ
340 476 552 511 ὑψηλοφρονεῖν.
575 473 695 502 Ἀτοπον
711 474 766 509 ἄρα
783 481 824 500 σοι
849 473 879 500 τὺ

94 524 287 559 συμπέρασμα
308 521 441 549 καὶκατὰ
453 521 528 547 τόνδε
541 519 588 547 τὸν
608 519 699 554 λόγον.
715 520 746 546 El
775 519 805 546 δὲ
833 518 881 546 καὶ

96 571 210 602 πολλοὺς
225 569 259 597 ἂν
272 569 345 605 ἔχοις
361 569 425 601 τοὺς
441 567 651 603 συναιροῦντας,
676 566 736 594 ἀλλ’
749 566 825 593 οὐδέν
839 574 881 593 σοι

94 616 167 651 πρὸς
179 615 335 651 βοήθειανή
348 614 455 641 τούτων
469 612 626 648 συμμαχία.
645 612 730 639 Αὐτοὶ
740 612 795 648 γὰρ
807 608 882 639 οὗτοι

94 661 280 696 τυγχάνουσιν
294 661 319 687 οἱ
345 658 544 694 ιγκεκλημένοι
558 658 598 694 τῷ
622 657 682 685 νυνὶ
705 657 789 692 λόγῳ.
805 656 882 684 Ἵλατ’

94 700 146 734 οὐκ
164 707 269 740 ἔξεστιν
297 707 421 738 ἐκείνους
443 704 637 741 συλλήπτοράς
657 713 698 730 σοι
717 704 772 730 τῶν
793 703 882 737 λόγων

96 751 179 781 εἰναι.
192 753 229 779 Τὸ
245 752 332 789 παθος
347 752 451 788 μέντοι,
474 750 590 778 τοιαῦτα
612 749 711 785 λέγων,
735 749 883 785 κράτιστον

98 799 247 834 ἀπέφηνας
260 806 266 814 ·
285 799 352 833 πρὸς
364 798 378 824 ὃ
390 806 420 831 γε
437 797 486 824 καὶ
503 796 585 828 αὐτός
615 805 657 823 σοι
672 795 760 822 ταῦτα
774 795 864 831 φρονῶ
874 803 880 810 ·

100 845 131 871 οὗ
148 845 202 879 μὴν
215 845 351 879 ἀήττητον
367 843 509 874 παντελῶς
523 841 595 869 τοῦτ’
610 842 643 868 ἂν
667 841 757 876 ἔγωγε
787 842 882 876 φαίην,

101 891 148 917 ὅτε
176 890 238 927 μηδ’
267 891 349 922 αὐτὸς
363 889 507 921 ἀπέδειξάς
519 897 551 922 γι
566 889 632 915 αὐτὸ
648 888 751 925 εὑλργῳ
773 887 891 922 κρατοῦν

101 936 236 971 δυνάμει·
248 935 298 962 οὐκ
310 935 355 970 ἄρ’
366 934 428 961 οὐδὲ
442 934 507 966 τοὺς
524 934 571 960 ὑπ’
580 933 662 961 αὐτοῦ
670 933 886 968 κρατουμένους,

102 981 209 1013 ἀθὼους
226 990 258 1016 γε
277 981 357 1013 ὄντας
374 981 424 1007 σὺν
438 979 512 1016 δίκῃ.
524 977 563 1006 Ἦ
576 979 631 1015 γὰρ
644 979 676 1006 ἂν
691 980 805 1022 ἐκράτει
817 979 886 1006 πάν-

100 1035 156 1054 των
167 1027 244 1065 ἑξῆς.

929 248 1017 271 autem
1035 244 1157 272 addictos
1184 245 1289 277 virtuti.
1304 246 1349 280 qui
1369 246 1464 274 deimlc
1493 254 1522 274 se
1538 247 1636 275 virtute
1652 256 1721 283 pra:-

929 290 1001 317 ditos
1023 295 1201 324 agnoverunt,
1217 291 1355 319 humiliter
1374 292 1408 319 de
1426 300 1455 319 se
1470 294 1572 321 sentire
1601 301 1654 321 non
1680 301 1723 322 est

929 336 1067 370 possibile,
1082 341 1164 371 atque
1192 339 1241 364 hos
1258 345 1352 365 rursus
1395 338 1465 366 inter
1492 339 1577 367 malos
1611 341 1721 377 refers:

930 389 979 409 nec
995 381 1110 409 inveniri
1124 382 1261 410 humilitas
1276 383 1301 410 in
1322 384 1374 411 vita
1404 386 1512 418 poterit,
1525 394 1574 413 nec
1588 386 1657 413 inter
1673 388 1724 414 lto-

931 427 1018 454 mines
1033 427 1078 462 qui
1105 427 1195 456 salvus
1211 429 1266 456 ﬁat.
1285 429 1442 458 timuititatc
1466 438 1584 466 namque
1607 433 1722 462 sublata.

931 479 981 500 nec
999 480 1066 500 unus
1094 474 1202 508 quidem
1233 475 1386 502 mortalium
1418 478 1636 509 servarrtnr,utl
1664 485 1727 512 ler-

931 519 1025 553 spieue
1039 521 1072 547 de
1087 521 1162 554 prius
1186 521 1313 548 iudicatis
1345 529 1509 556 cognoscere
1524 523 1597 550 licet.
1614 524 1647 549 At
1662 531 1727 550 vero

932 565 978 601 qui
995 570 1149 599 servantur,
1162 566 1244 593 etiam
1260 567 1378 594 siderum
1393 575 1535 595 numerum
1554 568 1728 598 multitudine

933 619 982 640 sua
999 616 1140 645 superant.
1163 611 1196 638 Et
1210 612 1324 646 ipsemet
1340 613 1443 644 dixisti,
1456 614 1540 640 ma‘os
1555 614 1726 648 supplicium,

933 658 1013 685 saluti
1035 657 1183 684 destinatos
1199 658 1339 685 beatorum
1367 659 1505 685 hominum
1524 664 1625 686 emtum
1654 657 1738 687 caci?

934 711 1008 739 pere.
1022 703 1081 736 Quo
1094 703 1133 734 lit,
1152 709 1181 730 ut
1201 703 1310 731 tuismet
1327 711 1388 731 cum
1409 704 1531 732 thesihus
1550 713 1579 732 ea
1595 713 1726 740 pugnent,

934 750 1035 786 quibus
1057 749 1116 777 illas
1135 749 1203 776 tueri
1226 754 1251 776 te
1267 754 1342 783 putas
1364 754 1411 777 :et
1428 750 1607 785 undequaqne
1624 758 1728 785 pareat,

935 803 1014 831 posse
1036 795 1154 830 aliquem
1174 795 1274 828 facere,
1299 796 1371 830 quod
1393 797 1493 823 bonum
1512 798 1559 830 sit,
1584 802 1611 824 et
1639 803 1728 825 tamen

941 849 994 869 non
1024 848 1087 868 esse
1113 841 1203 868 animo
1223 841 1304 869 elato.
1333 841 1515 874 Quamobrem
1546 843 1596 870 hac
1622 851 1730 878 quoque

943 888 1049 914 ratione
1064 887 1181 914 absurda
1199 892 1241 914 est
1270 892 1315 914 tua
1335 889 1486 916 conclusio.
1500 888 1578 922 Quod
1592 890 1613 916 si
1630 890 1731 917 multos

941 933 1036 964 babes.
1055 933 1100 967 qui
1122 938 1209 960 tecum
1229 934 1351 961 iaciunt:
1382 942 1435 962 non
1452 939 1543 962 tamen
1570 943 1666 963 eorum
1683 943 1725 963 so-

940 980 1025 1006 cietas
1040 979 1087 1006 tibi
1103 979 1230 1013 praesidio
1241 984 1293 1006 est.
1312 979 1379 1006 Nam
1399 980 1436 1008 illi
1455 980 1504 1015 ipsi
1528 987 1602 1014 sunt,
1617 982 1664 1016 qui
1680 982 1731 1009 ILH‘.

939 1017 1063 1052 oratione
1081 1029 1258 1057 accusantur;
1283 1033 1368 1059 quare
1384 1026 1443 1053 lteri
1466 1027 1571 1061 nequit.
1591 1032 1622 1054 ut
1647 1028 1731 1055 dictis

101 1075 155 1104 tuis
167 1075 268 1111 aliquid
281 1074 342 1110 opis
361 1073 485 1102 aﬂerant.
505 1073 638 1102 Caeterum
654 1072 808 1107 huiusmodi
825 1072 978 1107 proferens,
995 1072 1082 1106 ipsius
1117 1079 1182 1099 sane
1206 1072 1263 1099 vitii
1288 1073 1421 1100 maximas
1453 1073 1526 1101 vires
1560 1074 1732 1101 demonstra—

98 1123 135 1151 sti
148 1131 156 1150 :
169 1129 223 1156 qua
241 1122 268 1149 in
278 1126 360 1157 parte
379 1121 428 1148 tibi
444 1126 472 1149 et
489 1120 604 1156 ipsemet
622 1120 768 1148 assentior.
785 1118 844 1146 Non
861 1123 950 1146 tamen
967 1118 1098 1146 invictum
1116 1125 1228 1154 prorsus
1258 1118 1284 1146 id
1315 1119 1438 1154 equidem
1474 1120 1588 1147 dixerim
1624 1121 1733 1155 quando

100 1175 154 1196 nec
167 1168 225 1203 ipse
238 1168 371 1203 probasti,
384 1166 456 1202 quod
476 1167 500 1193 vi
514 1166 590 1202 justa
609 1167 718 1200 vincat;
745 1171 794 1193 nee
816 1165 888 1201 quod
918 1165 953 1192 ab
981 1172 1014 1193 eo
1042 1164 1118 1198 victi,
1151 1164 1248 1192 merito
1275 1164 1360 1199 culpae
1389 1165 1444 1192 sint
1462 1170 1600 1201 expertes;
1616 1166 1683 1194 Nam
1710 1167 1732 1194 si

101 1223 148 1245 res
165 1215 201 1243 lta
227 1218 388 1249 'Comparata
418 1214 499 1252 foret,
532 1220 629 1241 omnes
660 1213 771 1241 oumiuo
804 1213 936 1241 vinceret.

139 1260 213 1289 Εἶεν.
230 1261 266 1288 Σὺ
283 1261 313 1288 δέ
327 1269 370 1295 γε,
381 1260 491 1288 ⁸ιὶέιντων
510 1260 573 1295 δμοὶ
596 1260 721 1294 φίλτατε.
735 1260 760 1286 ει
785 1259 834 1294 μέν
850 1259 892 1290 τίς

105 1308 153 1336 σού
172 1315 237 1335 ποτε
259 1306 314 1334 τῶν
329 1306 455 1341 πλησίον,
473 1306 502 1333 τδ
516 1305 556 1340 τῷ
571 1305 632 1340 Θεῷ
651 1305 730 1340 φίλον
749 1306 831 1338 ποιεῖ,
850 1305 892 1332 σοι

103 1355 133 1382 δὲ
149 1354 187 1389 μὴ
201 1352 280 1380 τοῦτο
300 1352 458 1387 πράττοιτο,
483 1350 695 1386 ταπεινοφρόνει
711 1351 760 1378 καὶ
780 1350 891 1377 πένθει·

106 1400 147 1426 δεῖ
159 1400 214 1435 γὰρ
230 1399 329 1426 εἰδέναι
345 1398 409 1433 τῇδε
428 1397 527 1425 σαυτὸν
540 1397 592 1424 οὐκ
609 1397 736 1424 ἐθέλοντα
751 1396 834 1424 καλὸν
852 1395 892 1423 sl-

107 1452 153 1473 ναι
163 1454 170 1463 ³
183 1445 216 1482 ἢν
228 1445 256 1473 δὲ
269 1445 426 1472 τούναντίον
437 1445 498 1481 δρᾷ,
515 1444 646 1480 ῥᾳθύμως
662 1444 716 1476 ζῶν
729 1444 776 1471 καὶ
790 1443 894 1479 ἠμελη-

111 1492 211 1527 μένως,
229 1491 276 1518 σοῦ
289 1499 321 1526 γε
336 1490 445 1524 τάγαθὰ
459 1490 550 1517 πάντα
565 1489 743 1525 πράττοντος,
767 1489 804 1525 μὴ
826 1489 896 1524 ὑψη-

981 1258 1070 1291 Atqne
1086 1257 1219 1284 hactenus
1236 1256 1305 1284 haec.
1332 1249 1373 1285 Tu
1393 1263 1458 1285 vero
1483 1256 1561 1293 longe
1582 1258 1649 1286 mihi
1668 1260 1736 1288 cha-

945 1303 1057 1331 rissime
1076 1303 1124 1337 tili,
1144 1303 1167 1331 si
1187 1304 1248 1337 quis
1265 1303 1413 1338 aliquando
1438 1305 1580 1340 proximus
1598 1305 1734 1334 mis'rem

946 1349 1003 1377 Deo
1016 1353 1120 1384 gratam
1142 1348 1217 1386 facit,
1235 1353 1259 1376 te
1275 1347 1341 1376 non’
1355 1349 1480 1383 facienle,
1499 1351 1626 1378 humilem
1644 1354 1673 1379 te
1689 1360 1737 1386 ge-

943 1402 1003 1425 .ras.
1025 1403 1057 1423 ac
1068 1395 1173 1423 doleas.
1212 1391 1279 1423 Nam
1306 1396 1369 1423 hinc
1385 1403 1533 1431 agnoscere
1550 1398 1645 1431 debes,
1664 1399 1737 1427 nolle

947 1446 974 1470 te
990 1441 1090 1468 bonum
1106 1448 1177 1469 esse.
1196 1440 1242 1468 Sin
1259 1441 1304 1469 ille
1316 1442 1483 1470 contrarium
1495 1442 1571 1477 facit,
1585 1444 1738 1472 socorditer

948 1495 980 1514 ac
995 1487 1160 1523 negligenter
1183 1487 1288 1520 vivens,
1317 1491 1344 1516 te
1370 1489 1464 1516 omnia
1489 1489 1559 1517 bona
1578 1495 1737 1526 peragente,

111 1536 251 1571 λοφρόνει.
267 1537 305 1563 Οὐ
319 1536 374 1571 γὰρ
388 1535 433 1563 διὰ
446 1536 496 1569 τὴν
513 1535 619 1562 ἑκείνου
637 1535 738 1562 κακίαν
756 1535 897 1566 στιουδαῖος

951 1541 1015 1571 cave
1039 1535 1130 1561 animo
1152 1533 1286 1561 eﬂ'eraris;
1305 1534 1363 1562 Non
1380 1535 1452 1562 enim
1479 1541 1591 1571 propter
1606 1537 1680 1565 illius
1696 1538 1738 1564 vi-

112 1583 195 1614 αὒτὺς
219 1583 345 1616 γέγονας,
364 1582 421 1608 ἀλλ’
436 1581 531 1613 ἁπλῶς
557 1575 601 1608 διὰ
617 1581 667 1612 τὰς
691 1581 819 1616 πράξεις.
843 1581 899 1607 Καὶ

112 1628 192 1655 τοῦτο
207 1629 286 1663 δῆλον
302 1628 429 1655 ἐντεῦθεν
440 1636 449 1646 ⁸
470 1628 500 1655 οὗ
515 1628 570 1664 γὰρ
586 1627 787 1662 στεφανοῦσθαι
806 1627 900 1661 γίγνε-

111 1683 158 1701 ται
173 1674 236 1706 τοὺς
256 1673 417 1710 ἀνθρώπους
433 1674 487 1701 ἀπὸ
507 1674 557 1708 τῆς
574 1668 630 1700 τῶν
650 1673 735 1705 πέλας
754 1672 901 1700 καταπτώ-

115 1727 196 1750 σεως,
211 1717 270 1744 ἀλλ’
293 1718 325 1744 ἐκ
347 1718 401 1745 τῶν
420 1718 496 1746 ἰδίων
517 1718 754 1754 κατορθωμάτων.
771 1718 902 1745 Φαίνεται

114 1765 205 1791 τοίνυν
223 1765 261 1799 μὴ
276 1761 333 1792 οἶόν
347 1765 372 1791 τ’
388 1763 458 1792 εἶναι
474 1763 586 1797 τούτους
600 1765 669 1801 πρὸς
683 1763 817 1798 ἀλλήλους
833 1773 903 1799 παρ-

115 1810 303 1844 εξετάζεσθαι,
317 1811 375 1837 ὅσοι
388 1810 457 1847 πρὸς
473 1810 523 1846 τὴν
540 1811 730 1846 ὑπερηφανίαν
746 1810 903 1838 ἀπεδύσαν-

115 1865 158 1884 το.
174 1851 244 1888 Τοὺς
258 1856 315 1892 γὰρ
334 1850 452 1891 ἀθλητὰς
467 1856 600 1890 ἐκείνους,
623 1854 665 1889 οἷς
681 1856 711 1883 τδ
725 1856 811 1892 γέρας
828 1857 904 1884 κότι-

116 1911 174 1934 νος,
189 1902 236 1929 καὶ
250 1899 287 1929 ὧν
305 1903 323 1937 ἠ
336 1902 410 1937 πάλη
425 1900 495 1937 πρὸς
509 1901 579 1937 αἷμα
594 1902 643 1929 καὶ
661 1902 763 1938 σάρκα,
783 1900 860 1929 εἷπεν
871 1902 905 1929 ἂν

116 1949 132 1974 6
143 1950 216 1981 θεῖος
233 1949 403 1980 Ἀπόστολος,
417 1949 490 1980 alio;
506 1949 564 1975 ἔστι
576 1949 623 1975 καὶ
632 1948 903 1985 παραδληθῆναικα-

118 1993 172 2025 λῶς
185 1993 319 2029 ἀλλήλοις.
336 1993 463 2020 Δείκνυσι
482 1992 538 2029 γὰρ
557 1993 603 2019 τὸν
619 1993 821 2029 εὐδοκιμηκότα
834 1994 905 2027 fuitp

118 2040 183 2071 τοὺς
211 2037 564 2073 ἄλλους’πλεονεκτήματά
591 2046 670 2070 τινα,
697 2039 906 2074 ἔπιδεδειγμένα

118 2086 177 2117 τοῖς
195 2084 347 2119 ὀφθαλμοῖς
359 2084 414 2111 τῶν
429 2084 554 2118 ὁρώντων
564 2092 571 2100 ·
590 2085 669 2119 ῥώμη
685 2084 811 2119 σώματος
824 2086 906 2119 φημὶ.

119 2130 168 2156 καὶ
186 2129 337 2164 γυμνάσια,
354 2128 401 2156 καὶ
422 2129 503 2163 πεῖρα
527 2128 582 2154 τῶν
606 2136 638 2166 γε
662 2127 791 2154 τοιούτων
808 2128 908 2161 ἀγωνι-

121 2174 246 2211 σμάτων.
269 2174 322 2201 Ἦν
337 2174 366 2200 δὲ
391 2173 483 2200 καὶτὸ
507 2172 622 2208 ἀκριϐὲς
643 2173 681 2207 μὴ
698 2172 854 2199 παντάπασι
873 2174 907 2215 τῇ

120 2221 206 2256 ψήφῳ
223 2220 310 2255 παρῇ,
326 2219 357 2246 οὗ
377 2219 438 2245 λίαν
452 2219 624 2246 ιπικίνδυνον
641 2218 671 2245 τὸ
687 2218 855 2254 ἁμάρτημα*
876 2218 907 2244 οὐ

121 2267 178 2301 γὰρ
196 2265 359 2300 λυμαίνεται
382 2265 443 2295 ταῖς
465 2264 578 2299 ψυχαῖς,
592 2263 686 2298 ὀλίγην
703 2263 730 2289 δέ
744 2271 806 2290 τινα
827 2263 907 2296 δόξαν

123 2313 173 2338 καὶ
188 2310 372 2346 σϐεννυμένην
386 2310 485 2346 αὐτίκα
501 2310 517 2345 ἠ
534 2310 676 2345 χαρίζεται
690 2309 810 2341 τοῖς-οὐκ
823 2310 909 2341 ἀξίοις

125 2358 190 2388 ἴσως
205 2343 312 2388 λαϐεῖν,
330 2343 614 2390 ῆ-ὑτξοστερεῖ-τυχυν,
627 2352 668 2386 οἷς
684 2355 829 2381 ἀποδοῦναι
844 2353 910 2381 sati-

123 2407 176 2435 την
192 2401 345 2435 προσῆκεν.
362 2400 456 2432 Ὃσοις
479 2399 503 2426 δ’
525 2397 559 2426 αὖ
580 2399 611 2426 τὸ
627 2399 758 2433 πολεμεῖν
779 2399 847 2434 πρὸς
861 2399 911 2430 τὰς

126 2446 214 2483 ἀρχάς
227 2447 297 2478 ἔστι,
314 2445 362 2472 καὶ
375 2446 424 2476 τὰς
439 2445 576 2478 ἐξουσίας,
587 2445 699 2476 τούτους
709 2444 738 2470 δὲ
753 2445 811 2477 πῶς
826 2445 858 2472 ἄν
871 2453 912 2477 τις

127 2493 196 2528 ἔχοι,
208 2493 255 2518 καὶ
271 2492 338 2527 πρδς
351 2492 428 2523 τινας
438 2491 505 2523 ὅλως
517 2491 703 2527 παραῦαλείν;
717 2491 832 2527 πότερον
844 2493 914 2527 πρὸς

127 2539 192 2569 τοὺς
207 2537 431 2572 ἁποδυσαμένους
445 2538 486 2569 εἰς
510 2537 556 2563 τδν
577 2537 660 2564 αὑτὸν
672 2538 766 2568 αὐτοῖς
785 2536 878 2570 ἆθλον,
895 2539 912 2574 ἢ

129 2585 198 2619 πρὸς
214 2584 330 2610 ταυτασὶ
353 2584 404 2614 τὰς
426 2582 488 2610 καθ’
505 2583 585 2618 ἡμῶν
609 2584 856 2618 παραταττομένας
869 2585 914 2611 δυ-

129 2630 249 2665 νάμεῑς;
273 2629 345 2657 Ἀλλ’
369 2629 465 2664 εμοιγε
488 2629 562 2655 δοκεί
586 2629 648 2664 μηδ’
671 2620 824 2657 ὁπωστιοῦν
844 2629 913 2657 εἶναι

130 2676 185 2703 τῶν
201 2676 383 2711 γιγνομένων,
402 2675 523 2709 Δδοξάσαι
545 2675 659 2710 θάτερον
674 2675 761 2703 τοῖνδε
787 2676 915 2710 γενέσθαι

130 2718 188 2747 οἷόν
199 2727 230 2747 τι
254 2719 334 2748 ιῖναι.
351 2719 508 2753 Ἐχθίστους
524 2719 574 2755 μὲν
589 2721 644 2756 γὰρ
659 2720 766 2752 ὲκείνας
782 2722 857 2756 ἡμῖν,
868 2721 917 2753 τὰς

132 2766 256 2802 πονηρὰς
265 2766 339 2800 λέγω
354 2766 493 2801 δυνάμεις,
510 2765 619 2801 εὔλογον
634 2768 705 2794 νοεῖν
714 2775 743 2793 τε
758 2767 805 2795 καὶ
817 2768 916 2802 λέγειν’

132 2809 342 2846 ἀνταγωνιστῶν
355 2811 384 2839 δὲ
393 2812 474 2838 τόπον
485 2811 595 2847 ἐπέχειν
609 2812 696 2845 αὐτὰς
707 2813 776 2847 πρὸς
784 2814 856 2849 ἡμᾶς
872 2815 919 2841 οὐ-

134 2856 240 2893 δαμῶς,
257 2857 326 2886 οὒτε
342 2858 396 2893 γὰρ
410 2857 489 2891 δόξης
513 2857 622 2892 ἐρῶσιν.
646 2858 708 2886 οὔτε
729 2859 769 2892 εις
787 2860 818 2886 τὸ
832 2859 916 2896 γέρας

291 2905 428 2938 ΡΔτιιοι..
445 2905 505 2935 (in.
529 2903 621 2935 CLVI

952 1579 1099 1606 tiositatem
1118 1580 1243 1615 egregius
1259 1580 1317 1614 ipse
1335 1581 1376 1607 vir
1398 1581 1488 1608 factus
1505 1589 1545 1614 es,
1571 1583 1618 1610 sed
1635 1583 1740 1617 simpli-

951 1624 1072 1663 elter_ob
1089 1624 1159 1651 facta
1177 1629 1233 1651 tua.
1253 1626 1341 1660 Atque
1360 1625 1410 1652 hoc
1423 1626 1465 1652 vel
1483 1626 1546 1653 itide
1564 1628 1737 1662 perspicuum

950 1674 1002 1698 est.
1023 1669 1090 1696 Nam
1107 1672 1209 1697 corona
1223 1678 1276 1697 non
1297 1670 1439 1705 potiuntur
1467 1671 1590 1700 homines
1613 1680 1646 1701 ex
1664 1674 1741 1709 lapsu

951 1715 1079 1750 proximi,
1106 1716 1153 1743 sed
1172 1722 1205 1742 ex
1223 1715 1278 1742 suis
1306 1715 1422 1751 egregiis
1442 1715 1529 1744 fartis.
1558 1718 1676 1752 Apparet
1693 1719 1742 1753 igi—

952 1766 1006 1792 tur,
1024 1768 1077 1787 nou
1095 1767 1176 1796 posse
1193 1761 1260 1793 lleri,
1280 1765 1311 1788 ut
1327 1761 1396 1788 inter
1420 1769 1450 1789 se
1466 1768 1671 1796 comparentur,
1693 1765 1740 1797 qui

953 1811 1091 1835 certamen
1124 1808 1255 1835 adversus
1283 1809 1438 1843 superbiam
1472 1810 1643 1844 suscipiunt.
1679 1811 1743 1838 Illos

953 1854 1024 1881 enim
1050 1851 1178 1886 athletas,
1198 1854 1296 1889 quibus
1324 1854 1383 1882 olea
1402 1856 1553 1890 prmmium,
1572 1862 1599 1884 et
1616 1858 1661 1892 qui
1680 1865 1741 1885 cum

954 1900 1091 1934 sanguine
1107 1907 1247 1935 caraeque
1264 1892 1455 1933 colluctautur,
1471 1905 1501 1928 ut
1518 1902 1664 1936 Apostolus
1678 1911 1744 1935 sane

953 1939 1121 1980 loqueretur,
1138 1945 1275 1973 verismile
1283 1949 1324 1972 est
1333 1950 1405 1973 recte
1415 1947 1484 1974 inter
1492 1955 1522 1975 se
1532 1948 1661 1976 conferri.
1671 1950 1745 1984 Qua:-

955 1991 1017 2018 dam
1035 1991 1107 2018 enim
1124 1993 1200 2019 dotes
1219 1992 1379 2026 singulares,
1398 1994 1531 2028 expositae
1559 2001 1745 2029 spectatorum

956 2037 1054 2069 oculis,
1085 2037 1365 2072 eumdemonstrant,
1386 2040 1431 2073 qui
1459 2047 1541 2074 supra
1567 2046 1682 2069 exteros
1701 2050 1746 2069 ει·

957 2083 1051 2110 cellit:
1073 2087 1102 2109 nt
1115 2083 1239 2118 corporis
1254 2084 1347 2116 robur,
1363 2089 1390 2112 et
1415 2085 1638 2118 exercitationes,
1661 2093 1690 2114 et
1718 2088 1745 2114 in

958 2128 1112 2163 huiusmodi
1129 2129 1324 2168 certaminibus
1337 2131 1518 2165 experientia.
1532 2131 1608 2164 Quod
1624 2133 1647 2160 si
1663 2134 1745 2160 etiam

959 2183 1012 2202 non
1044 2177 1156 2203 omnino
1175 2181 1303 2204 accurate
1333 2176 1387 2204 lata
1419 2179 1554 2205 sententia
1567 2179 1663 2211 tuerit,
1693 2186 1746 2206 non

963 2222 1111 2249 admodum
1125 2222 1297 2258 periculosus
1312 2223 1357 2251 hic
1369 2231 1447 2250 error
1462 2229 1513 2251 est.
1529 2223 1588 2252 Non
1603 2225 1674 2252 enim
1690 2227 1749 2253 aui-
1787 2237 1790 2239 λ

964 2269 1015 2296 mis
1028 2269 1139 2296 exitium
1152 2268 1242 2301 aﬁ'ert,
1272 2269 1320 2297 sed
1337 2269 1461 2303 exiguam
1476 2270 1620 2303 quamdam
1635 2271 1748 2304 gloriam

964 2319 1058 2349 etquae
1073 2316 1164 2342 statim
1175 2315 1368 2350 exstinguitur,
1385 2314 1427 2342 vel
1441 2314 1557 2350 indignis
1570 2316 1685 2343 fortasse
1701 2317 1750 2344 tri-

965 2360 1042 2393 buit,
1073 2360 1114 2387 vel
1145 2360 1179 2387 iis
1213 2360 1318 2392 adimit.
1346 2360 1446 2394 quibus
1473 2365 1533 2387 erat
1563 2360 1749 2389 attribuenda.

965 2405 1016 2439 Qui
1035 2414 1098 2433 vero
1126 2404 1224 2433 bellum
1241 2409 1336 2439 gerunt
1363 2406 1495 2433 adversus
1524 2406 1694 2442 principatus
1722 2413 1752 2436 et

967 2457 1126 2488 potestates,
1145 2459 1194 2480 eos
1206 2459 1327 2487 quonam
1343 2456 1422 2486 pacto
1439 2452 1510 2484 quis,
1532 2457 1559 2480 et
1576 2460 1637 2480 cum
1652 2454 1752 2488 quibus

968 2499 1081 2525 omnino
1094 2497 1285 2532 compararet?
1302 2502 1391 2524 utrum
1414 2505 1474 2524 cum
1492 2497 1556 2531 illis,
1575 2498 1621 2532 qui
1637 2505 1699 2526 cum
1711 2499 1753 2527 eis

969 2545 1040 2571 idem
1062 2545 1088 2571 in
1113 2549 1248 2572 certamen
1267 2543 1446 2579 descendunt,
1470 2551 1505 2571 an
1523 2552 1585 2572 cum
1609 2545 1754 2580 pugnanti-

969 2590 1019 2618 bus
1030 2590 1157 2616 adversus
1168 2597 1217 2616 nos
1232 2588 1436 2623 potestatibus?
1465 2589 1530 2617 Mihi
1556 2597 1622 2617 sane
1638 2590 1753 2623 videtur,

970 2642 1154 2670 nequaquam
1176 2635 1333 2666 convenire,
1364 2640 1393 2662 ιιι
1423 2635 1620 2668 existimemus,
1650 2636 1754 2663 alteru-

972 2685 1042 2708 trum
1057 2681 1156 2708 horum
1171 2679 1258 2707 locum
1272 2680 1374 2708 habere
1386 2688 1475 2715 posse.
1504 2681 1571 2709 Nam
1586 2681 1671 2709 malas
1693 2682 1754 2709 illas

972 2729 1122 2761 potestates
1142 2732 1193 2752 non
1209 2725 1258 2753 abs
1273 2732 1302 2752 re
1324 2726 1401 2754 nobis
1429 2726 1537 2761 quidem
1563 2727 1756 2755 infestissimas

972 2776 999 2798 et
1010 2770 1130 2806 cogitare
1151 2777 1305 2806 possumus,
1318 2776 1345 2798 et
1360 2772 1470 2799 dicere:
1493 2773 1539 2799 sed
1565 2772 1653 2800 aemuli
1669 2773 1755 2800 nostri

974 2816 1047 2844 nullo
1061 2823 1121 2844 esse
1141 2816 1221 2844 modo
1247 2821 1369 2851 possunt.
1388 2816 1443 2845 Nec
1456 2818 1529 2846 enim
1547 2818 1658 2853 gloriam
1674 2827 1757 2854 espe-

975 2866 1045 2896 tunt,
1060 2868 1109 2890 nec
1140 2862 1281 2897 praemium
1309 2867 1456 2899 spectant:
1482 2863 1529 2891 sed
1550 2864 1689 2892 interitum
1705 2873 1756 2894 nco

1495 2911 1542 2941 '18
