1933 3075
87 178 138 209 561
661 176 805 207 ORATIO
827 176 877 206 AD
899 173 1097 216 SUBDITOS.
1659 169 1713 200 5.62

87 233 180 263 αὐτοῖς
197 232 252 263 τοῖς
272 232 434 266 πράγμασιν
456 231 493 262 ὡς
522 231 636 265 τάχιστα
659 231 821 264 ἐπιγνῶναι,
845 230 896 262 τῑΑ

936 230 1097 263 eitouisque
1111 227 1232 255 moribus
1253 227 1358 261 praediti
1381 231 1454 255 sunt.
1489 225 1540 252 Sed
1569 226 1641 252 enim
1667 229 1710 252 ειι

87 287 156 305 ποτε
172 278 262 312 πατήρ
271 278 328 304 ἐστι
344 277 412 312 πρὸς
419 277 483 309 τοὺς
491 277 591 308 παῖδας
601 284 608 292 ⁸
617 276 630 303 ὃ
640 277 687 303 καὶ
697 275 814 308 ἐλπίζω,
827 276 876 302 καὶ

933 275 996 307 scio,
1014 275 1083 301 bene
1097 273 1144 300 libi
1162 277 1253 299 notam
1268 279 1328 299 esse
1342 271 1475 298 rationein
1492 270 1574 304 hujus
1589 269 1712 296 eminen-

88 324 215 359 εὔχομαι,
238 323 287 350 καὶ
299 324 358 355 ταῖς
373 323 481 349 ὲλπίσιν
502 323 698 357 εὐφραίνομαι,
713 322 760 349 καὶ
774 322 822 349 σοῦ
843 330 876 356 γε

933 320 974 349 tite
987 324 1067 354 atque
1080 318 1181 346 throni.
1212 317 1318 352 Quippe
1343 316 1384 343 vir
1413 315 1534 351 prudens
1559 322 1600 347 es,
1625 315 1712 348 dequo

89 370 202 405 μᾶλλον.
212 370 250 400 ὡς
266 367 355 404 οἶμαι.
373 369 423 400 Δὸς
441 369 472 403 δὴ
487 369 602 400 πάντας,
613 365 636 395 ὧ
653 369 776 403 φίλτατε,
789 367 879 394 εὐδαί-

933 366 1030 401 pietate
1041 373 1072 392 ac
1089 371 1182 391 amore
1198 368 1244 391 tuo
1256 371 1320 397 erga
1348 364 1410 394 nos,
1433 362 1479 396 qui
1501 366 1525 388 te
1553 361 1713 395 genuimns.

88 403 158 451 μονά
167 424 201 451 με
215 403 348 450 νομίζειν,
363 414 457 450 ὥσπερ
467 415 507 450 τῷ
515 415 693 450 καλὸνζφῦσαι
707 414 754 441 καὶ
764 414 878 448 ἀγαθὸν,

933 411 1010 439 facile
1025 415 1051 437 te
1066 409 1137 445 quod
1153 415 1258 443 a'quum
1275 411 1328 439 est,
1339 406 1475 434 aestimare
1499 405 1628 445 arbitror.
1641 403 1713 430 Fieri

87 461 159 488 οὕτω
181 461 209 495 δὲ
230 462 277 487 καὶ
293 461 331 495 τῷ
351 460 510 492 παιδεῦσαι,
530 462 577 487 καὶ
603 459 724 487 τοιοῦτον
739 460 880 494 ἀποφῆναι

933 462 1022 483 tamen
1037 454 1142 490 nequit,
1157 455 1196 481 uti
1221 457 1321 486 quanta
1348 460 1391 480 res
1406 452 1444 480 sit
1473 451 1623 486 paternitas
1649 456 1713 483 erga

88 494 206 538 βασιλέα
222 505 268 533 τὸν
280 494 349 538 υιδν,
363 502 418 532 οἷον
431 505 466 533 ἂν
482 506 507 533 oi.
522 507 657 541 νουνεχεῖς
671 505 724 533 τῶν
739 505 785 532 ὕπ’
799 504 880 532 αὖτὶν

933 502 1045 535 liberos,
1060 507 1186 528 accurate
1199 500 1284 540 norit,
1294 499 1339 533 qui
1355 498 1470 525 necdum
1481 497 1567 524 factus
1577 499 1715 530 cstpater.

88 550 231 583 εὔξαιντο.
932 547 998 574 Nam
1008 547 1042 574 de
1053 553 1142 575 rerum
1155 548 1235 580 gustu
1252 543 1354 571 rectius
1365 549 1412 570 eas
1421 541 1624 576 cognoscimus,
1634 546 1714 573 quam

88 596 263 631 indagationc
274 595 484 630 cogitationum.
501 595 617 627 Triltnat
629 600 720 622 autem
741 594 788 621 tibi
801 593 872 621 Deus
893 597 922 620 ut
938 597 996 626 ipsa
1011 599 1042 619 re
1057 590 1257 626 quamprimum
1291 588 1436 622 intelligas,
1463 586 1531 622 quid
1561 586 1598 612 sit
1645 591 1711 631 erga

89 629 189 671 liberos
203 651 264 671 esse
278 629 492 678 patremzquod
518 647 546 670 et
568 642 688 669 futurum
714 648 806 676 spero,
837 646 861 667 et
878 643 954 674 Opto.
986 643 1014 666 et
1048 638 1106 672 ipsa
1133 636 1166 665 de
1183 643 1232 671 spe
1242 635 1421 670 voluptatem,
1435 632 1565 668 majorem
1579 631 1621 666 (ut
1650 629 1709 678 opi-

89 694 151 726 nor)
168 698 248 726 quam
274 677 313 722 tu.
346 677 477 726 percipio.
505 690 569 724 Fac,
592 689 756 718 charissime
768 688 818 720 fili,
844 691 875 715 ut
891 694 986 715 omnes
997 693 1040 714 me
1052 686 1161 714 beatum
1194 683 1362 715 existiment,
1381 688 1442 709 cttm
1470 679 1542 715 quod
1577 677 1714 713 egregium

91 744 117 767 te
129 740 344 775 procreaverim,
368 744 425 767 tum
439 740 533 773 etiam,
549 738 621 774 quod
654 737 842 770 educaverlm,
875 735 1016 772 ﬁliumque
1039 735 1118 763 talem
1144 733 1338 768 imperatorem
1370 729 1494 762 fecerim,
1518 727 1627 763 qualem
1652 732 1714 752 cor-

89 786 146 814 dati
162 785 265 814 subditi
288 786 452 821 optaverint.
1636 789 1639 792 '

106 880 1706 913 W‘m

472 984 542 1028 ΩΣ
572 979 645 1027 ΕΞ
685 979 988 1026 ΕΥΜΕΝΟΥΣ
1017 975 1312 1021 ΑΡΧΟΝΤΟΣ

531 1072 620 1099 ΠΡοΣ
638 1071 775 1099 ΕΥΝΟΥΣ
786 1069 976 1098 ΥῙΠῙΚΟΟΥΣ
991 1067 1082 1096 ΤΟΥΣ
1097 1067 1142 1094 ΕΝ
1162 1066 1275 1097 ΔΚΜΗ.

441 1237 670 1285 ORATIO
732 1227 1009 1284 PBOPlTll
1063 1237 1372 1282 PRINCIPIS

329 1337 382 1368 AD
405 1336 642 1368 BENEVOLOS
664 1334 856 1367 SUBDITOS
875 1333 944 1371 QUI
968 1334 1123 1366 IETATIS
1136 1334 1174 1365 IN
1207 1334 1340 1365 FLORE
1364 1334 1475 1366 SUNT.

127 1500 168 1527 Τὸ
182 1499 247 1534 ὑμῖν
271 1497 393 1524 συνοῖσον
416 1496 567 1532 εὐχόμενός
592 1505 621 1524 τι
649 1497 794 1531 διατελῶν,
825 1499 896 1529 καὶ]

963 1497 1014 1532 Qui
1040 1505 1147 1534 semper
1163 1505 1178 1525 e
1193 1503 1286 1526 vestro
1307 1498 1380 1533 quod
1399 1498 1541 1526 commodo
1561 1499 1606 1533 sit,
1622 1504 1719 1535 optare

93 1546 186 1582 ζητῶν
213 1545 299 1572 ἅπασι
329 1543 454 1578 τρόποις,
480 1544 537 1569 δεῖν
564 1542 659 1578 ᾠήθην
684 1544 728 1570 διὰ
756 1544 881 1580 βραχέων

94 1593 193 1627 ὥσπερ
207 1600 234 1617 τι
250 1590 339 1626 δῶρον
351 1589 469 1616 ταυτασὶ
491 1589 544 1620 τὰς
576 1589 754 1624 παραινέσεις
779 1592 882 1621 εἰπεῖν.

100 1636 213 1671 Ἐπειδὴ
228 1635 323 1663 τοίνυν
342 1633 439 1669 ὥσπερ
456 1634 602 1669 ἐμπέφυκε
615 1635 672 1666 τοῖς
685 1635 841 1671 ἀνθρώποις
852 1637 882 1665 τὸ

94 1683 144 1710 καὶ
155 1683 213 1713 τοῖς
231 1680 351 1716 θύραθεν
368 1679 518 1707 ἐπιδιδόναι
533 1680 636 1715 ζητεῖν·
652 1680 701 1712 τὰς
722 1680 797 1708 ἔνδον
821 1682 882 1709 ἐπι-

93 1728 186 1760 δόσεις
201 1725 342 1763 προῦργου
355 1725 481 1752 τίθεσθαι
494 1725 561 1761 χρή.
574 1725 697 1758 Ταύταις
713 1727 767 1762 γὰρ
778 1728 883 1754 ἐκεῖναι

95 1774 280 1809 παριπονται.
298 1772 331 1799 El
346 1771 413 1806 ,γοῦν
431 1770 536 1804 ἁγαθός
550 1779 593 1803 τις
609 1769 645 1805 σί,
660 1772 708 1798 καὶ
734 1772 883 1808 παρελθεῖν

95 1821 200 1852 ἐθέλεις
217 1819 281 1850 τοὺς
299 1818 397 1854 ἥλικας
417 1817 447 1845 εν
459 1826 491 1844 τε
514 1817 662 1852 δημοσίαις
680 1819 787 1853 τιμαῖς,
806 1818 836 1846 Iv
853 1826 882 1845 τε

95 1867 192 1898 πᾶσιν,
208 1864 248 1896 οῐς
263 1864 385 1899 ζηλωτὸς
401 1863 435 1891 ἃν
446 1863 538 1897 γένοιο
554 1871 562 1879 ·
583 1863 683 1898 θήρευε
699 1864 783 1891 ταῦτα
797 1873 884 1891 σπου-

94 1911 181 1942 δαίοις
199 1909 303 1946 ἔργοις,
316 1909 346 1935 ιν
363 1907 451 1935 ἅπασι
460 1907 590 1943 παρέχων
607 1907 708 1935 σαυτὸν
734 1908 783 1944 οὐχ
799 1906 882 1943 ἧττον

94 1957 240 1993 πρόθυμον
253 1954 390 1995 ἥμισύν.
403 1954 490 1988 Φεῦγι
513 1954 565 1989 μὲν
580 1954 710 1987 νωθείαν,
725 1955 774 1983 καὶ
799 1955 884 1991 ῥᾳθυ-

98 2003 176 2039 μίαν,
192 2001 239 2029 καὶ
252 2001 284 2028 τὸ
295 2000 439 2028 καθεύδειν
461 1999 560 2032 ὕπτιος
579 2000 625 2027 ἰπὶ
650 2000 782 2035 μαλακῶν
794 2009 884 2036 etpu-

97 2048 203 2083 μάτων,
221 2046 307 2074 Θέλων
323 2046 506 2080 εὐδαιμονεῖν.
521 2045 558 2071 Οὐ
573 2046 628 2081 γὰρ
643 2046 729 2078 ἐστιν,
741 2047 792 2073 οὐκ
809 2047 883 2074 ἐστιν

43 2119 46 2121 .
96 2091 128 2121 εὖ
154 2093 288 2126 πράττειν
317 2091 463 2126 ἄνθρωπον
492 2091 677 2126 ῥᾳθυμοῦντα.
711 2091 759 2119 καὶ
780 2092 882 2128 thaps-

44 2162 51 2169 ,
98 2138 242 2171 πτωκότα,
255 2137 304 2163 καὶ
319 2136 517 2172 θρυπτόμενον.
533 2136 620 2163 Δίωκε
633 2136 661 2164 δὲ
672 2137 774 2169 ἐκεῖνα,
785 2137 804 2165 ἃ,
817 2139 882 2164 πολ-

97 2182 162 2214 λοὶις
175 2184 207 2209 ὲκ
224 2181 332 2216 φαύλης
347 2181 433 2216 τύχης
445 2178 515 2208 οίόιν
529 2181 642 2215 ἀνάγειν
667 2183 715 2209 ἐπὶ
738 2182 881 2217 λαμπράν.

96 2228 182 2256 Μίσει
199 2228 248 2254 καὶ
262 2227 293 2254 τδ
305 2226 394 2254 Θὲλειν
405 2227 506 2255 ἐσθίειν
517 2227 602 2262 ἀργός
617 2236 650 2262 γε
678 2227 726 2262 ὢν,
741 2228 820 2260 ιίδὼς
844 2228 883 2261 ὡς

96 2275 179 2310 ἔργον
192 2273 272 2301 τοῦτο
289 2273 433 2308 κηφήνων,
443 2273 492 2304 οὒς
505 2273 554 2308 οὐχ
565 2274 640 2305 ὅπως
653 2270 683 2301 εὖ
695 2275 794 2308 ποιεῖν,
812 2274 884 2301 ἀλλὰ

95 2321 144 2348 καὶ
158 2320 276 2347 κτείνειν
290 2319 401 2354 φύσεως
416 2319 499 2354 νόμος
517 2321 574 2351 τοῖς
587 2319 643 2346 τῶν
657 2319 797 2354 μελισσῶν
812 2320 883 2356 σμή-

95 2374 180 2392 νεσιν.
198 2364 305 2394 οὔκουν
319 2372 352 2399 γε
358 2363 512 2399 λαμϐάνειν
519 2364 652 2399 ἁρμόττει
666 2365 724 2397 τοϊς
735 2366 812 2400 παρὰ
822 2366 884 2400 σφί-

97 2420 143 2439 σιν
159 2411 251 2442 αὐτοῖς
268 2410 324 2440 alet
338 2409 389 2441 τὰς
410 2411 506 2445 χεῖρας
535 2410 695 2446 κατέχουσι.
715 2411 802 2438 Τοῦτο
827 2412 883 2447 γὰρ

96 2455 302 2491 λελωϐημένοις
318 2455 477 2491 ἀνθρώποις
509 2456 558 2484 καὶ
581 2456 760 2491 παρειμένας
776 2458 885 2492 προσήη

96 2511 157 2529 χειν
169 2501 273 2528 ἔοικεν·
286 2499 328 2533 οἷς
347 2501 375 2528 δὲ
392 2501 440 2528 καὶ
455 2501 535 2537 ῥώμη
553 2501 692 2536 σώματος,
712 2503 761 2531 καὶ
775 2503 882 2536 νεότης,

97 2548 145 2574 καὶ
162 2547 264 2581 ὑγίεια,
292 2547 340 2574 καὶ
365 2547 396 2576 τδ
421 2546 514 2580 ἀξιοῦν
540 2547 658 2574 κτᾶσθαι
685 2547 805 2582 μεγάλα,
834 2549 884 2575 καὶ

98 2594 189 2620 σοϐεῖν
204 2593 481 2629 παραπεμπομένους
498 2593 552 2620 ὑπὸ
576 2593 694 2625 πολλῶν.
717 2590 829 2626 τούτους
854 2594 884 2621 δὲ

97 2638 243 2672 γενναίους
257 2639 358 2674 ἄνδρας
380 2639 481 2670 αὐτοὺς
509 2639 647 2666 δεικνύναι
676 2639 748 2675 ὑπὲρ
773 2641 882 2674 γένους,

97 2684 169 2719 ὑπὲρ
183 2683 328 2719 πατρίδος,
350 2683 420 2721 ὑπὲρ
438 2683 484 2711 τοῦ
504 2684 672 2720 κρατοῦντος
691 2685 787 2713 αὐτοῦ.
804 2686 883 2713 οὕτω

96 2738 130 2764 γε
141 2730 271 2765 δρῶντες,
285 2727 307 2759 ὥ
320 2730 451 2765 φίλτατον
462 2732 524 2766 ὲμοὶ
550 2733 657 2767 χρῆμα,
674 2731 723 2758 τοῦ
743 2732 882 2767 ζητουμέ-

97 2783 145 2801 νου
171 2774 270 2809 ῥᾳδίως
298 2776 440 2811 ἐπιτυχεῖς
470 2776 576 2810 losses,
597 2776 666 2803 Θεοῦ
694 2777 881 2812 συλλήπτορας

97 2819 250 2854 γεγονότος.
267 2821 392 2857 Κᾶν.μὴ
417 2821 503 2858 λάϐῃς
530 2823 623 2855 εὐθὺς,
656 2822 785 2858 αίτήσας,
817 2823 880 2858 μήτ’

100 2865 270 2902 ὸγᾳνᾳκτεῖν
287 2866 472 2904 (μικρόψυχον
487 2868 563 2904 γὰρ),
575 2869 642 2904 μήτε
660 2868 822 2904 καθυφεῖναι
831 2869 878 2897 τοῦ

933 1551 986 1572 non
1000 1543 1104 1576 desino,
1119 1549 1144 1572 et
1157 1544 1284 1572 omnibus
1306 1543 1376 1571 idem
1402 1543 1490 1571 modis
1503 1552 1635 1579 qumrere,
1659 1553 1722 1580 [πο⁴

931 1589 1058 1618 ferendas
1074 1590 1170 1624 paucis
1193 1589 1406 1624 admonitiones_
1417 1589 1510 1620 hasce,
1525 1589 1666 1624 cujusdam
1679 1591 1722 1616 in-

932 1639 990 1662 star
1015 1635 1148 1668 muneris,
1162 1635 1270 1670 putavi.
1287 1634 1355 1661 Cum
1371 1641 1435 1669 ergo
1462 1634 1540 1670 quasi
1563 1636 1721 1664 mortalibus

933 1679 1056 1708 innatum
1072 1681 1119 1712 sit,
1135 1685 1164 1708 ut
1187 1680 1272 1708 etiam
1286 1681 1418 1708 bonorttm
1432 1685 1607 1708 externorum
1633 1682 1723 1709 incre-

933 1733 1024 1755 menta
1037 1727 1208 1756 desiderent:
1224 1733 1278 1762 quo
1291 1730 1444 1762 augeantur
1458 1726 1574 1759 interna,
1589 1728 1722 1762 prmeipua

932 1773 1020 1801 danda
1035 1776 1076 1801 est
1092 1779 1190 1808 opera;
1208 1779 1270 1800 nam
1289 1772 1347 1800 haec
1369 1771 1414 1800 illa
1431 1772 1606 1802 comitantur.
1628 1773 1723 1809 Itaque

933 1821 955 1848 si
972 1820 1057 1848 bonus
1072 1827 1112 1852 es,
1129 1824 1157 1846 et
1172 1820 1291 1854 tequales
1308 1826 1437 1853 superare
1469 1819 1559 1855 cupis,
1587 1826 1648 1846 cum
1672 1827 1723 1854 [ιιι.

932 1865 1012 1894 blicis
1027 1865 1052 1892 in
1080 1864 1239 1896 honoribus,
1263 1868 1321 1890 tum
1334 1863 1360 1890 in
1377 1863 1513 1895 omnibus,
1531 1863 1630 1897 quibus
1650 1863 1722 1891 edici

932 1912 1043 1947 poterit,
1061 1915 1091 1937 ut
1108 1910 1200 1945 aliquo
1226 1909 1265 1937 sis
1282 1909 1308 1936 in
1324 1909 1412 1943 pretio
1426 1909 1574 1937 :studlosis
1593 1909 1650 1940 haec
1676 1908 1720 1938 fa-

933 1957 968 1984 tis
983 1956 1098 1988 enitere,
1110 1961 1188 1990 teque
1204 1962 1256 1982 tton
1280 1955 1370 1983 minus
1385 1954 1514 1987 alacrem,
1538 1962 1620 1990 quam
1637 1955 1721 1983 fidum

933 2002 961 2031 in
992 2001 1117 2030 omnibus
1138 2001 1234 2037 gerito.
1249 2000 1304 2029 Fac
1320 2001 1462 2036 segnitiem
1482 2001 1667 2038 desidiamque
1679 2002 1723 2028 fu.

933 2048 1002 2083 gias,
1017 2051 1045 2074 et
1061 2046 1186 2074 mollibus
1203 2046 1229 2074 in
1243 2046 1373 2082 stragulis
1387 2046 1512 2081 supinam
1536 2047 1720 2080 cubationem,

932 2094 956 2122 si
973 2094 1129 2121 beatitatem
1153 2093 1266 2127 adipisci
1283 2093 1397 2128 cogitas.
1429 2092 1528 2127 Nequit
1544 2094 1616 2120 cnim
1633 2099 1719 2129 cum,

934 2140 1028 2175 nequit
1052 2140 1122 2172 fieri,
1135 2139 1263 2168 secundis
1278 2144 1308 2167 ut
1325 2139 1405 2166 rebus
1422 2143 1513 2167 utatur
1527 2139 1607 2167 homo
1622 2139 1724 2167 desidis

934 2186 1047 2222 ingenii,
1074 2186 1199 2220 supinus.
1217 2185 1333 2213 delicate
1356 2185 1460 2212 vivens.
1481 2185 1528 2212 illa
1545 2192 1608 2213 vero
1633 2193 1724 2219 prosx-

933 2240 1027 2268 quere,
1045 2240 1104 2268 qua:
1117 2232 1149 2260 de
1165 2231 1272 2260 fortuna
1288 2232 1361 2260 tenui
1387 2232 1486 2260 multos
1504 2232 1537 2259 ad
1555 2232 1722 2267 splendidam

934 2278 1083 2314 perducere
1108 2278 1208 2306 solent.
1226 2278 1269 2305 Sit
1284 2278 1365 2306 etiam
1382 2278 1444 2306 odio
1467 2278 1529 2311 tibi,
1557 2277 1722 2305 manducare

934 2325 1073 2356 otiosum:
1093 2325 1166 2361 quod
1193 2325 1281 2359 ipsum
1310 2331 1377 2351 sane
1402 2323 1526 2352 fuerunt
1555 2331 1615 2351 esse
1634 2324 1720 2357 noris,

934 2379 1002 2408 quos
1017 2378 1069 2399 non
1089 2371 1200 2399 afﬁcere
1225 2370 1381 2403 beneﬂciis,
1399 2370 1446 2399 sed
1476 2371 1613 2404 occidere,
1637 2371 1720 2398 ductu

935 2423 1039 2444 natura:
1054 2415 1184 2451 qundam.
1198 2422 1279 2450 apum
1298 2415 1424 2443 examina
1436 2420 1649 2443 consueverunt.
1668 2416 1723 2442 Ac-

933 2464 1024 2495 cipere
1038 2461 1148 2496 quidem
1177 2465 1251 2488 certe
1268 2467 1321 2488 non
1345 2465 1388 2488 est
1403 2467 1455 2496 par.
1466 2461 1536 2491 illos.
1556 2461 1601 2497 qui
1626 2468 1724 2488 manus

933 2505 960 2532 in
974 2505 1035 2533 sinu
1065 2511 1174 2540 semper
1196 2503 1324 2532 retinent.
1345 2504 1401 2532 Hoc
1420 2505 1492 2532 enim
1523 2506 1655 2533 mutilatis
1673 2507 1722 2532 hoc

933 2551 1051 2579 minibus
1078 2556 1107 2578 et
1130 2549 1291 2578 eﬂ'eminatis
1319 2550 1466 2579 convenire
1477 2551 1594 2584 videtur.
1609 2551 1720 2586 Atqui-

934 2598 984 2625 bus
1007 2602 1034 2624 et
1054 2596 1175 2631 corporis
1196 2595 1278 2623 robur
1299 2595 1384 2629 adest,
1400 2601 1426 2624 et
1446 2596 1572 2630 juvenilis
1601 2602 1667 2624 tetas
1695 2602 1723 2625 et

934 2642 1073 2673 valetudo,
1098 2645 1126 2668 et
1153 2647 1313 2676 magnorum
1349 2642 1586 2676 acquirendorum,
1601 2649 1720 2676 cumqtte

934 2687 1052 2721 plurium
1066 2686 1195 2713 comitattt
1214 2686 1354 2714 incedendi
1369 2686 1502 2721 cupiditas
1527 2694 1534 2713 :
1550 2693 1598 2714 eos
1618 2694 1666 2722 par
1679 2691 1722 2715 est

932 2733 1048 2768 probare
1058 2739 1088 2759 se
1111 2732 1184 2759 viros
1199 2737 1326 2760 strenuos
1346 2737 1428 2767 atque
1443 2732 1537 2765 fortes,
1550 2740 1598 2767 pro
1611 2733 1721 2761 natione

933 2786 993 2810 sua,
1010 2785 1058 2813 pro
1071 2778 1168 2812 patria,
1188 2786 1236 2813 pro
1253 2778 1312 2813 ipso
1332 2778 1505 2813 imperatore.
1522 2778 1550 2806 Si
1566 2779 1617 2807 boc
1635 2778 1719 2807 faeie—

936 2824 980 2855 tis.
993 2823 1144 2851 cbarissimi
1160 2823 1272 2856 subditi,
1288 2823 1366 2852 facile
1391 2823 1446 2852 Deo
1455 2823 1567 2859 juvante
1579 2824 1632 2851 voti
1646 2831 1721 2852 com-

932 2875 1010 2907 potes
1029 2869 1115 2897 eritis.
1131 2869 1206 2907 Quod
1225 2869 1247 2899 si
1265 2877 1318 2898 non
1333 2869 1423 2898 statim
1437 2870 1575 2905 acceperis
1592 2871 1630 2904 id,
1646 2871 1718 2905 quod
