1933 3075
70 125 126 155 ’685
545 125 714 155 JOANNES
740 124 976 155 ANAGNOSTA.
1001 121 1232 153 ~N0’I‘I'I‘IA.|
1642 121 1692 152 586

73 182 148 215 gitti:
163 180 282 214 impulsis
297 181 471 214 dintoturum,
484 183 669 216 machinasque
683 190 772 208 omnes
786 183 822 208 ad
834 182 923 208 urbem
937 181 1109 208 excidendam
1125 184 1330 213 usurpaturum.
1347 178 1412 213 Cap.
1433 179 1475 211 15,
1486 187 1545 205 cum
1566 186 1580 206 a
1598 177 1693 205 Turcis

77 226 173 251 urbem
193 230 347 258 superatam
364 226 694 253 memoravisset:0ntnes
707 227 797 259 itaque
815 234 872 257 nos,
887 225 1111 259 tttcuiquelicut't,
1128 227 1218 259 fugam
1234 229 1410 255 nuiturantes,
1432 224 1477 250 alii
1491 224 1624 250 iuret/ibus
1638 231 1693 249 sese

75 268 181 299 abdere,
207 269 254 294 alii
271 269 297 294 in
314 269 450 296 cuniculos
465 275 488 296 et
509 271 629 304 sepulcra
644 291 651 300 ,
676 274 701 296 et
723 271 745 296 si
760 269 823 304 quid
846 269 919 296 aliud
933 270 1014 295 saluti
1030 269 1223 296 conducibilius
1242 269 1394 300 ridebatur,
1411 276 1461 293 nan
1474 268 1568 300 absque
1580 272 1693 293 tremore

76 311 227 345 subrepere.
244 311 310 346 Cap.
327 312 370 344 18,
388 313 431 339 ubi
444 314 476 340 de
493 313 606 340 Muratis
621 321 636 340 a
655 313 948 340 'l‘hessalonicensihus
967 312 1042 339 abitu
1060 312 1198 346 loquitur:
1216 311 1376 337 Primatibus
1395 312 1450 338 suis
1464 310 1620 346 [Moralem]
1637 311 1694 344 qni-

76 356 137 381 dam
149 356 226 382 etiam
241 361 405 382 sacramento
417 356 504 391 ferunt
514 357 612 384 dixisse
625 366 631 384 ε
648 356 780 391 Injustum
793 362 842 388 est,
857 354 923 383 'cunt
951 357 1026 383 rebus
1044 356 1238 382 debellatorum
1253 353 1560 390 [ΤΙιθδςθιοηὐς-ηςίιιιιι]
1578 354 1694 380 debella-

78 405 118 425 to:
135 407 237 434 quoque
253 400 278 426 in
294 400 398 426 vincula
415 401 521 435 conjici,
541 406 566 428 et
581 402 669 435 patria
681 401 734 427 alio
751 401 878 427 abductos
894 400 1022 435 spoliari:
1040 401 1187 426 libertatem
1203 400 1291 433 itaque
1306 399 1359 425 illis
1375 398 1553 425 stabiliamus.
1569 398 1592 424 si
1602 399 1638 423 ita
1655 399 1692 423 ιιί-

77 444 165 472 detur,
180 448 226 469 aut
241 443 297 469 sine
311 445 395 477 pretio
407 444 468 470 illos
484 445 651 478 accipientes,
669 451 713 470 aut
729 444 795 471 illud
818 453 864 471 nos
882 448 1018 478 erogantes
1030 451 1039 469 :
1056 444 1208 469 auditorum
1226 443 1292 468 alios
1321 443 1477 468 sententiam
1491 442 1627 471 laudasse,
1643 441 1694 466 atl-

77 486 209 518 hortatos,
222 491 248 512 ut
263 487 383 520 faceret;
399 487 443 513 sed
457 495 538 514 unum
551 495 583 514 ea;
597 488 718 519 ducibus,
744 488 790 520 qui
808 488 938 521 dignitate
953 491 1061 513 crateras
1078 485 1249 513 antecellebat
1261 507 1268 515 ,
1286 494 1336 511 non
1349 490 1452 512 tantum
1466 494 1517 511 non
1535 485 1696 518 approbasse

78 529 156 555 verba
173 529 205 555 de
218 530 350 562 libertate,
367 531 411 556 sed
425 535 449 556 et
459 531 553 565 quibus
566 536 668 565 poterat
687 531 852 562 rationibus,
864 531 1002 557 consilium
1019 530 1144 563 principis
1169 529 1355 563 impedit-isse:
1373 534 1397 555 et
1414 537 1472 554 vero
1486 529 1584 555 similia
1597 529 1695 560 dicere,

77 573 149 606 quod
160 573 226 598 alios
238 574 360 606 anteiret,
373 575 441 600 visus
453 579 503 600 est.
520 573 586 600 Erat
605 574 684 608 plane
697 575 723 601 id
735 582 836 608 quoque
850 581 967 600 meorum
982 573 1108 600 scelerum
1124 573 1238 606 fructus,
1260 578 1285 598 ut
1305 573 1359 603 ipse
1375 572 1438 598 mihi
1451 573 1559 603 suadeo,
1573 574 1697 605 quemad-

81 614 187 642 ma'dum
199 620 223 643 et
233 625 291 651 qua
306 625 409 644 evenere
422 618 522 651 reliqua
534 626 544 650 ,'
557 618 617 644 licet
632 618 750 644 nonnulli
777 625 922 644 sermonrm
950 617 1019 642 hunc
1036 624 1085 642 non
1099 610 1247 649 potentibus
1266 616 1375 642 auribus
1386 617 1551 650 arripientes,
1566 624 1646 650 neque
1660 625 1694 643 se-

81 661 206 695 metipsos
219 670 327 688 causam
340 662 421 694 fuisse
429 662 596 696 jutlicantes,
627 663 723 689 divinis
736 662 872 696 praeceptis
888 661 1021 695 neglectis,
1046 661 1196 686 hominibus
1213 666 1349 686 eventuum
1362 668 1459 686 causas
1480 661 1625 687 ascribunt.
1643 660 1699 694 Ego

81 706 290 739 vero,quidquid
303 706 330 732 id
342 706 431 740 fuerit,
445 706 542 732 divinae
556 707 688 740 punitioni
703 711 809 740 propter
824 713 908 732 meant
921 706 1108 733 correctionem
1121 706 1218 732 tribuo.

119 749 151 777 V.
167 750 231 776 Post
247 750 314 782 hanc,
332 750 430 776 nudam
455 750 560 777 civibus
574 749 796 776 Thessalonicam
821 748 940 776 Muratcs
954 750 1048 776 incolis
1065 750 1226 776 instructam
1253 748 1405 781 cupiebat,,
1418 748 1532 783 ideoque
1545 748 1659 776 diversis
1673 749 1699 775 in

81 793 150 820 locis
167 799 370 820 commorantes
400 792 660 821 Thessalonicenses
684 793 710 820 in
735 793 859 820 eamdem
876 795 1030 820 revocabat.
1051 792 1125 819 Inter
1154 793 1214 825 hos,
1231 792 1275 825 qui
1290 791 1699 827 Thessalonicamrepetierant,

83 842 177 870 postea
191 845 254 864 vero
267 845 345 863 suurn
358 838 382 864 in
399 845 459 864 eam
471 836 586 864 reditum
603 837 782 868 damnabat“,
800 844 862 864 cum
874 836 992 864 Murates
1003 830 1193 871 aliquotanuis
1206 837 1304 870 elapsis
1321 841 1382 870 post
1396 836 1546 866 excidium,
1556 836 1698 871 ingressus

84 881 191 912 urbem,
207 881 339 914 promissa
357 879 648 908 Thessalonicensibus
674 889 727 907 non
746 885 878 912 servaret,
897 886 989 907 noster
1005 881 1160 915 Anagnosta
1184 881 1244 907 fuit.
1261 879 1354 906 Traxlil
1371 880 1427 906 haec
1448 887 1507 914 cap.
1534 880 1588 907 19:
1613 880 1699 907 Porro

84 924 173 950 abiere
182 932 327 958 prtt’cones,
345 925 486 959 inquiens,
500 926 533 951 ad
547 924 630 951 multo
645 925 718 951 illius
731 924 841 950 ditionis
853 924 910 951 loca
922 945 929 957 ,
945 930 972 950 ut
988 925 1088 951 dictum
1106 929 1164 957 est,
1177 933 1241 959 quos
1256 931 1372 958 reperere
1387 922 1639 957 Tltessa/onicettses,
1655 925 1702 958 qui

86 973 147 994 ante
176 968 315 994 nonnullos
332 976 415 994 annos
435 976 522 994 rerum
538 968 668 1002 angustiis
685 969 766 1002 pressi
782 975 813 994 ex
828 976 858 994 ea
874 974 1044 1000 secesserant,
1064 969 1144 994 etiam
1158 970 1180 994 oi
1196 967 1302 994 reduces
1318 967 1411 1002 fecere,
1430 969 1545 1001 captiuos
1561 968 1619 994 item
1636 977 1701 1001 quo-

85 1020 136 1043 quo
151 1012 228 1038 modo
243 1012 269 1038 in
281 1012 430 1038 libertatem
444 1012 600 1038 vindicaton.
617 1011 719 1038 Ibidem
737 1012 816 1045 paulo
827 1016 889 1045 post
903 1020 910 1038 ε
928 1010 1109 1045 Opinabamur
1129 1019 1200 1041 vero,
1219 1011 1308 1037 urbem
1325 1019 1415 1037 rursus
1427 1011 1567 1044 pristinum
1581 1003 1705 1037 decorem

88 1060 263 1089 recepturum,
282 1059 307 1082 et
323 1056 446 1088 pietatem
471 1055 545 1093 novis
562 1055 672 1089 ﬂoribus
687 1063 859 1086 emersurum,
875 1060 910 1086 et,
928 1061 955 1081 ut
977 1061 1065 1087 antra,
1081 1055 1157 1090 longe
1174 1055 1275 1089 lateque
1292 1054 1491 1089 divagaturam.
1511 1055 1542 1081 Et
1556 1055 1624 1089 forte
1642 1055 1702 1089 elf-

87 1104 159 1125 ctum
175 1099 320 1130 habuisset,
336 1099 363 1125 ni
379 1106 471 1125 rursus
487 1106 604 1125 nteorum
630 1099 785 1126 delictorum
811 1099 886 1131 copia
898 1099 1060 1130 obstitisset,
1072 1100 1201 1133 datusque
1214 1102 1280 1125 esset
1298 1099 1371 1125 locus
1389 1099 1564 1132 improbitati.
1591 1099 1632 1125 Ex
1652 1108 1703 1131 quo

86 1144 156 1169 enim
173 1143 266 1168 civitas
295 1143 446 1176 captivitate
460 1150 550 1176 pressa
577 1142 676 1176 fuerat,
691 1147 715 1169 et
732 1142 854 1170 Murates
871 1143 971 1175 omnia,
987 1148 1011 1170 et
1028 1143 1140 1176 atrii/icio
1154 1163 1161 1174 ,
1180 1148 1202 1168 et
1216 1143 1401 1175 possessiones,
1416 1147 1440 1168 et
1452 1150 1530 1169 sacra
1549 1143 1657 1175 templa.
1679 1152 1695 1168 ο

86 1185 260 1219 monasteria,
278 1192 303 1213 et
320 1194 410 1212 eorum
422 1186 532 1217 reditus,
553 1186 627 1213 nobis
648 1187 833 1213 revertentibus
849 1195 952 1221 quoquo
968 1187 1044 1213 motio
1062 1186 1151 1212 liberis
1163 1187 1240 1221 factis
1255 1186 1390 1220 magniﬁce
1403 1190 1428 1212 et
1445 1187 1554 1220 scripto,
1566 1191 1590 1213 et
1602 1195 1703 1214 sermo-

88 1238 119 1256 ne
133 1230 260 1263 elargitus
274 1234 324 1261 est,
351 1235 376 1257 et
393 1230 459 1257 locis
475 1237 507 1257 ex
532 1230 652 1257 omnibus
678 1231 878 1258 adveniendbas
900 1230 1048 1256 libertatem
1063 1231 1152 1264 palam
1164 1230 1258 1262 edixit,
1276 1235 1298 1256 et
1311 1239 1372 1256 suos
1391 1230 1492 1262 damus,
1509 1235 1533 1256 et
1543 1239 1704 1266 quwcuuque

88 1274 234 1302 immobilia
246 1282 334 1301 omnes
352 1279 551 1306 recuperarunt,
575 1279 598 1301 ct
612 1275 676 1301 ordo
703 1276 797 1305 omnis,
811 1279 835 1301 et
849 1282 911 1309 gens
930 1275 1049 1309 universa
1063 1275 1177 1300 civitatis
1203 1274 1316 1300 secundo
1340 1274 1430 1309 augeri
1446 1275 1616 1308 renovarique
1632 1276 1702 1302 haud

90 1318 250 1351 improspere
267 1322 523 1352 ctepere,etpauor
553 1318 625 1344 urbis
648 1323 762 1348 creatus,
789 1322 813 1344 et
844 1318 961 1345 Ecclesia
990 1307 1105 1345 ro'nstt'tit
1135 1319 1190 1344 suis
1226 1319 1353 1345 institutis
1377 1319 1528 1352 conspicua,
1557 1325 1581 1346 et
1610 1329 1705 1347 mona-

91 1362 134 1389 citi
144 1362 306 1388 monasteria
321 1367 471 1393 tenuerunt,
487 1367 510 1388 et
526 1355 641 1388 studiose
653 1362 795 1388 admodum
807 1369 896 1388 eorum
913 1363 1059 1397 augmentis
1074 1362 1222 1395 inhiabant,
1243 1370 1380 1394 onmesque
1397 1371 1440 1396 spe
1450 1362 1619 1390 laetabantur
1634 1364 1702 1390 bona

91 1412 127 1439 et,
144 1412 173 1434 lt
190 1407 301 1433 breuiter
317 1414 357 1434 me
374 1406 524 1440 expediam,
541 1411 650 1440 propter
662 1406 794 1433 excidium
809 1407 881 1433 nobis
894 1406 1022 1432 malorum
1040 1401 1177 1432 illato'rutu
1194 1407 1322 1434 memoria
1335 1408 1447 1440 amissa,
1463 1408 1644 1441 gaudebamus
1656 1416 1704 1441 pro

94 1451 212 1486 iis,-quw
228 1449 301 1477 nobis
320 1451 453 1484 insperato
467 1450 626 1485 obtigerant,
637 1456 660 1477 et
673 1451 813 1484 pristinam
828 1451 980 1484 felicitatem
1007 1450 1282 1486 tranquillitatemque
1297 1456 1498 1478 consecuturum
1514 1451 1603 1478 urbem
1612 1461 1705 1486 spera-

93 1495 204 1525 bamus;
217 1499 273 1520 tum
285 1501 317 1521 ea;
328 1495 414 1527 nobis,
435 1500 462 1520 ut
479 1494 616 1528 proverbio
640 1495 735 1528 fertur,
747 1494 830 1520 lorum
845 1500 977 1528 sumptum
997 1499 1045 1530 est.
1061 1499 1097 1524 et.
1108 1502 1166 1529 qua:
1179 1496 1385 1529 expectabantur
1404 1496 1482 1527 bona,
1499 1496 1525 1522 in
1540 1498 1705 1524 contrarium

95 1538 252 1565 reciderunt.
265 1537 332 1572 Cap.
347 1537 403 1565 20:
424 1536 495 1564 Nam
524 1537 738 1564 Thessalonicam
764 1543 879 1571 repetens
899 1538 1019 1566 Murotes
1034 1538 1177 1574 [secundus
1191 1544 1245 1565 tum
1262 1540 1383 1566 currebat
1397 1540 1435 1566 vel
1451 1541 1543 1567 tertius
1558 1547 1616 1576 post
1635 1543 1708 1569 exti-

90 1581 169 1608 diunt
183 1581 279 1617 annus]
293 1586 322 1608 ut
331 1589 389 1609 eam
401 1581 534 1614 inviseret,
548 1583 752 1615 accuratiusque
767 1590 807 1608 res
818 1581 890 1608 illius
906 1581 1065 1613 addisceret,
1078 1587 1100 1608 et
1114 1582 1187 1609 bonis
1200 1582 1272 1609 illius
1289 1583 1431 1618 frueretur,
1447 1589 1469 1609 et
1483 1585 1631 1611 muneribus
1648 1594 1707 1611 ntu-

92 1626 180 1660 niﬂcis
196 1626 363 1653 contenderet
374 1634 431 1653 cum
446 1635 494 1653 suo
506 1627 684 1661 progenitore,
696 1627 818 1660 illiusque
837 1626 952 1662 vestigiis
969 1626 1101 1653 insisteret
1117 1635 1126 1653 :
1144 1627 1188 1660 qui
1202 1626 1388 1653 Thessalonica
1402 1627 1499 1660 potitus
1513 1629 1615 1661 gratias
1629 1630 1709 1655 innu-

91 1677 179 1696 meros
207 1669 409 1704 largitionesque
436 1671 565 1696 maximas
590 1670 672 1703 fecit:
700 1671 886 1704 homini/uani,
912 1670 996 1705 fretus
1019 1675 1112 1702 meate,
1133 1670 1253 1704 illiusque
1279 1671 1449 1705 exsequenda.-
1476 1679 1559 1699 causa
1589 1672 1706 1704 veniens,

89 1715 257 1745 postmodum
270 1713 348 1740 malis
362 1713 478 1740 aliorum
493 1713 686 1740 monitionibus
704 1714 860 1745 distractus,
879 1714 1020 1741 consilium
1037 1715 1228 1750 pristinamque
1244 1716 1400 1742 sententiam
1414 1721 1497 1743 mutat
1512 1724 1521 1742 :
1536 1721 1560 1743 et
1575 1725 1643 1750 quw,
1656 1726 1708 1752 quo

91 1756 166 1790 capti
180 1763 270 1782 sumus
288 1760 414 1790 tempore,
428 1763 480 1782 non
493 1756 604 1790 peregit,
617 1764 648 1782 eo
674 1756 797 1790 temporis
813 1764 854 1787 per

953 1760 1098 1786 constituit.
1117 1759 1214 1795 Igitur,
1232 1761 1292 1787 licet
1309 1761 1353 1787 ille
1372 1760 1480 1792 diceret,
1494 1761 1552 1788 ideo
1568 1769 1596 1788 se
1610 1763 1707 1789 venisse

93 1805 122 1826 ut
137 1800 228 1826 urbem
244 1805 267 1825 et
278 1799 383 1834 singula
399 1799 472 1826 illius
487 1800 712 1833 circuntspiceret,
730 1801 834 1834 otioque
847 1805 871 1826 et
887 1800 986 1830 labaris
1001 1803 1152 1830 remissione
1166 1809 1296 1835 uteretur,
1316 1804 1443 1838 bonisque
1463 1804 1534 1831 illius
1554 1805 1588 1831 ad
1603 1810 1707 1832 saturi-

95 1847 179 1871 tatem
193 1843 386 1877 luxuriaretur,
398 1844 486 1878 sicque
501 1852 552 1871 non
572 1844 660 1871 minus
673 1845 700 1870 in
716 1851 773 1870 eam
791 1843 910 1871 hem-vale
936 1847 1047 1880 a/fectus
1058 1866 1066 1878 ,
1080 1846 1189 1873 meliora
1202 1849 1332 1881 speranda
1350 1847 1424 1874 nobis
1439 1847 1466 1874 in
1482 1853 1614 1882 posterum
1629 1849 1708 1876 relin«

91 1891 205 1922 queret;
221 1887 392 1914 nihilominus
406 1888 520 1920 primum
537 1888 690 1914 mandatiin:
706 1887 790 1918 dedit,
803 1889 870 1922 quot
891 1895 937 1914 nec
953 1897 1000 1922 per
1015 1890 1148 1916 somniant
1161 1891 1266 1924 quidem
1275 1890 1405 1924 quispiam
1417 1897 1591 1924 expectasset.
1609 1892 1641 1919 Id
1657 1901 1708 1919 au-

93 1937 146 1958 tem
161 1935 228 1962 erat,
247 1933 407 1958 monasteria
423 1931 512 1958 omnia
525 1930 675 1965 templaque
696 1932 864 1964 occupando,
888 1939 979 1958 eorum
993 1933 1094 1959 reditus
1109 1941 1197 1960 omnes
1221 1934 1449 1969 possessionesque
1461 1937 1630 1970 auferendus,
1644 1942 1668 1964 et
1682 1938 1709 1964 iis

93 1980 238 2010 angustum
250 1976 343 2009 oppido
359 1983 399 2002 res
416 1981 520 2002 nostras
534 1976 674 2009 cogendas.
701 1975 776 2009 Quod
792 1983 842 2001 nou
855 1976 937 2002 multo
952 1981 1008 2009 post
1024 1977 1126 2011 factum
1147 1982 1184 2003 est
1197 1977 1229 2003 ab
1244 1977 1299 2004 illis
1309 1977 1455 2013 insigniter.
1472 1979 1538 2014 Cap.
1558 1981 1590 2007 21
1607 1990 1613 2008 :
1630 1980 1710 2008 Nunc

93 2026 186 2051 porro,
205 2019 251 2053 qui
263 2027 277 2046 a
294 2019 454 2053 longioribus
470 2020 524 2046 oris
541 2019 628 2052 illius,
649 2025 779 2053 compotes
790 2018 870 2053 ﬂendi
882 2020 1013 2046 desiderio
1030 2020 1203 2052 exardebant,
1218 2029 1261 2048 eos
1276 2022 1317 2049 sui
1332 2014 1466 2054 desiderii,
1483 2025 1528 2050 sed
1546 2029 1569 2050 et
1584 2031 1632 2051 nos
1644 2033 1710 2058 quo‘

93 2070 144 2097 que
163 2063 258 2089 ineant
272 2063 410 2090 reditionis
423 2063 529 2097 paenitet
544 2071 554 2096 ;
570 2071 630 2090 cum
644 2071 702 2097 spes
720 2063 836 2090 melioris
847 2067 935 2090 statas
948 2065 1052 2098 penitus
1074 2066 1178 2091 sublata
1193 2066 1237 2092 sit.
1251 2065 1302 2093 Ubi
1319 2071 1409 2098 notes.
1429 2071 1565 2094 auctorem
1583 2074 1709 2095 nostrum

94 2107 184 2141 capite
200 2106 245 2139 20,
262 2114 323 2134 cum
333 2107 369 2134 sit
382 2106 493 2139 dubius,
511 2107 598 2134 altero
614 2114 648 2134 an
673 2107 754 2134 tertio
770 2114 853 2139 anno,
875 2111 937 2141 post
952 2107 1028 2134 urbis
1048 2108 1298 2137 Thessalonicensis
1309 2110 1459 2143 excidium,
1482 2111 1507 2137 id
1535 2116 1578 2138 est
1601 2119 1705 2138 annum

93 2150 197 2177 Christi
217 2150 297 2182 1450,
313 2157 367 2183 res,
384 2158 454 2186 quas
474 2151 524 2177 hoc
544 2151 602 2178 leco
620 2155 723 2183 narrat,
739 2151 906 2183 acciderint;
923 2151 1013 2178 facere
1028 2152 1106 2179 nobis
1124 2152 1232 2187 aliquod
1253 2153 1395 2186 iudicium,
1410 2161 1457 2180 eas
1473 2162 1502 2181 δα
1519 2154 1617 2181 litteris
1633 2162 1693 2182 com
1704 2170 1711 2176 -

95 2194 205 2221 misisse
220 2199 282 2229 post
292 2201 378 2222 annos
392 2195 426 2222 ab
435 2199 588 2232 expugnata
604 2194 798 2223 Thessalonica
811 2194 911 2228 plures,
922 2202 1002 2228 quant
1026 2201 1080 2223 tres
1100 2201 1139 2228 ut,
1155 2203 1238 2231 quoto
1251 2205 1323 2225 anno
1330 2204 1413 2234 gesta:
1425 2199 1536 2231 iuerint,
1549 2205 1644 2226 exacte
1657 2207 1711 2226 non

94 2239 212 2273 amplius
226 2239 365 2266 recordari
381 2239 509 2273 potuerit.
521 2239 609 2272 Unde,
628 2247 681 2267 non
698 2244 800 2266 tantum
818 2237 1009 2268 :umo,Christi
1038 2239 1115 2272 “35,
1133 2241 1179 2267 sed
1198 2241 1280 2268 etiam
1295 2241 1398 2276 aliquot
1417 2242 1496 2269 antiis
1510 2247 1571 2276 post
1584 2243 1611 2270 in
1641 2243 1711 2270 vivis

95 2283 279 2318 Anagnostam
291 2287 413 2310 nostrum
426 2284 564 2312 exstitisse
573 2284 694 2319 colligas.

336 2352 450 2380 Joannis
466 2355 622 2389 Auagnostaz
633 2355 742 2389 scripta.
759 2355 796 2382 De
808 2356 883 2383 rebus
894 2354 1243 2388 Constantinopolimnorum
1258 2352 1445 2381 Macedonicis.

134 2409 176 2438 Vl.
194 2409 233 2437 Ad
248 2409 392 2443 quemdam
419 2409 507 2435 virum
542 2409 716 2442 laudabilem,
743 2411 820 2445 cuius
845 2417 942 2437 nomen
971 2409 1081 2437 silentio
1105 2407 1180 2443 tegit,
1210 2408 1391 2435 narrationem
1417 2408 1450 2435 de
1468 2413 1587 2436 extretno
1603 2409 1713 2436 excidio

97 2453 301 2482 Thessalonicae
316 2453 439 2487 scripsit.
461 2452 517 2479 Hoc
534 2453 624 2481 libello
640 2459 744 2486 narrat,
757 2459 784 2481 et
799 2454 979 2485 obsidionem,
992 2458 1019 2479 et
1040 2451 1268 2486 expugnationem
1283 2451 1364 2478 istius
1373 2450 1447 2478 urbis
1463 2450 1639 2478 Macedonum
1657 2453 1712 2485 pri-

97 2498 202 2530 mariae,
212 2505 294 2531 quam
306 2497 420 2531 imperio
430 2496 577 2523 CPoliIano
605 2497 766 2530 subiectam,
784 2506 845 2525 cum
866 2498 995 2524 adversus
1013 2495 1118 2523 Turcas
1137 2494 1271 2530 Cpolitani
1285 2494 1430 2523 defendere
1442 2496 1509 2522 satis
1523 2503 1574 2523 non
1589 2503 1711 2530 possent.

99 2541 267 2568 Venetorum
284 2540 410 2575 potestati
432 2539 579 2571 subditam,
594 2548 666 2567 anno
686 2542 859 2575 imperatoris
873 2539 986 2569 Joannis
1003 2539 1144 2574 Palaaologi
1161 2538 1282 2566 Junioris
1292 2538 1335 2571 l2,
1352 2538 1453 2566 Christi
1466 2539 1545 2572 1450,
1560 2539 1680 2566 Murales
1691 2539 1712 2566 EI

97 2584 249 2612 Turcarum
261 2584 386 2618 princeps
401 2584 523 2611 dominio
537 2583 654 2611 Turcico
671 2585 798 2618 subjecit.
819 2585 923 2615 Prodiit
934 2584 1028 2611 Graece
1038 2588 1065 2611 et
1080 2583 1184 2614 Latine,
1202 2583 1351 2618 interprete
1361 2582 1451 2612 Leone
1465 2582 1576 2617 Allatio,
1593 2584 1620 2611 in
1638 2582 1714 2618 ejus-

96 2627 159 2656 dem
188 2627 345 2662 Symmictis
356 2648 364 2661 ,
381 2627 662 2663 ColouimAgI-ippimn
678 2635 725 2662 per
742 2627 874 2656 Joducum
891 2629 1061 2662 nulcovium,
1075 2627 1217 2661 MDCLIII,
1229 2629 1256 2656 in
1274 2628 1301 2657 8.

257 2856 393 2886 ΡΑτιιοι..
411 2856 469 2888 Gn.
489 2854 588 2885 CLVI.
856 2900 860 2901 γ

856 2900 860 2901 ν
1467 2855 1504 2886 19
