1933 3075
181 91 231 124 591

785 91 946 122 JOANNIS
965 92 1202 124 ANA'GNOSTi'E

1759 102 1812 129 ΗΕ

179 153 208 175 ιιι
221 153 246 174 ιιι
263 152 324 174 cate
337 147 417 179 nosu,
441 151 544 174 tantum
569 146 702 174 malorum
717 151 865 175 sustineret
886 153 913 175 ct
925 147 967 174 di-

1026 149 1057 180 i);
1072 148 1156 182 οἶδας,
1169 151 1217 176 καὶ
1233 151 1369 186 ὁσημέραι
1385 151 1491 186 Mitt/st;
1506 153 1571 187 ἡμῖν
1587 152 1721 186 ἐπήγοντο
1741 160 1811 179 παν-

179 195 218 222 ris
233 195 355 229 quotidie
376 193 469 221 exitiis
488 194 606 228 undique
625 193 757 220 confertis
775 193 965 227 atllictaretur,

179 246 206 268 et
233 247 374 267 sermones
401 239 479 266 tnulti
495 240 688 267 conferrentur
699 246 816 275 quanam
833 246 912 274 pacto
933 248 966 267 ex

181 291 221 313 tot
251 286 327 313 malis
355 293 496 319 cmergere
521 292 675 319 possemus,
699 285 800 312 nullum
818 285 966 312 remedium

180 333 355 363 occurrebat,
383 339 432 359 nec
454 331 547 358 aderat
567 332 751 358 Averruncus.
781 331 874 365 Neque
893 331 966 358 enim

179 378 276 406 Turcm
285 386 346 405 cum
354 377 457 405 Latinis
465 377 554 404 foedus
562 378 657 408 iniere,
671 377 734 404 licet
744 377 842 411 Sil'pills
852 377 968 412 legatio-

183 434 216 452 nu
229 426 312 452 missa
324 425 349 452 id
360 429 569 459 pertctttasseut,
579 424 770 458 supplicesque
779 425 860 452 etiam
874 431 969 458 rogas-

182 476 360 506 sent;neque
373 476 432 498 erat
447 471 472 497 in
491 464 583 498 nostra
599 475 744 504 potestate,
760 471 846 504 copiis
864 471 968 498 nostris

183 518 210 545 iu
229 521 374 553 angustum
391 515 489 550 oppido
505 515 607 542 coactis
618 519 644 542 et
661 515 881 543 discordantibus
896 518 968 543 vatis

183 563 217 589 ab
234 561 355 589 unanimi
381 561 516 588 sententia
533 559 682 592 convulsis,
708 560 809 595 aliquid
825 567 918 595 agere,
938 565 970 588 ut

184 613 240 635 tute
258 608 339 635 etiam
353 607 436 639 nosti,
448 607 492 640 qui
511 614 564 633 una
580 605 723 634 nobiscum
745 613 820 639 cras,
833 607 968 634 malorum

182 654 295 688 perinde
316 658 399 687 atque
415 652 459 679 alii
476 656 616 686 expertus.

217 701 243 726 ὃ.
260 698 326 726 Cum
339 699 430 733 itaque
448 706 489 725 res
501 703 604 726 nostra}
622 698 658 725 ita
671 706 700 726 se
718 699 859 732 baberent,
874 704 901 726 et
915 699 971 726 sin-

181 745 242 779 gula
266 748 403 771 momenta
426 744 585 771 innumeras
609 750 693 779 prope
719 751 805 771 noxas
824 744 969 778 inferrent,

181 793 269 826 deque
284 791 370 819 salute
396 791 612 824 desperaremus,
640 790 740 817 malum
758 790 831 817 aliud
858 796 970 825 repente

1017 196 1143 229 ταχόθεν,
1170 197 1216 223 καὶ
1240 197 1327 229 λόγων
1341 197 1447 224 πολλῶν
1475 199 1541 232 παρ’
1561 198 1687 229 ἑκάστοις
1704 199 1762 229 πῶς
1779 200 1810 223 ’ὶν

1019 242 1188 277 ἁναθείημεν
1212 243 1384 278 γιγνομένων
1401 245 1502 278 τρόπος
1517 242 1551 279 ἦν
1575 245 1629 270 οὐδ’
1654 245 1780 271 ὁστισοῦν
1797 246 1811 271 ὁ

1017 287 1119 314 τούτων
1133 289 1206 323 ἡμᾶς
1221 289 1276 315 τῶν
1298 289 1394 316 δεινῶν
1413 290 1585 322 ἀπαλλάξων.
1614 290 1683 317 Οὔτε
1708 292 1762 324 γὰρ
1786 292 1811 317 οι

1018 333 1134 368 Τοῦρκοι
1148 335 1203 366 τοῖς
1218 334 1342 366 Λατίνοις
1367 335 1510 361 ἐδούλοντο
1532 335 1696 362 σπείσασθαι
1712 336 1811 362 πολλάς
1831 336 1834 337 ⁷

1020 387 1062 410 κις
1079 379 1331 415 πρεσῆευσαμένοις
1343 381 1408 415 περὶ
1423 381 1520 407 τούτου
1533 382 1579 408 καὶ
1590 381 1737 416 δεηθεῖσιν,
1753 381 1810 408 οὗθ’

1018 426 1085 459 ἡμῖν
1097 425 1161 457 ἐξῆν
1180 426 1280 460 πρᾶξαι
1295 427 1324 453 τὸ
1338 428 1407 454 κατὰ
1427 427 1552 462 γνώμην,
1568 427 1668 460 ὀλίγοις
1680 428 1748 459 ᾶιάν
1764 437 1799 454 κτ

1020 470 1164 506 θεστηκὸσι
1186 473 1232 498 καὶ
1253 473 1395 508 ἀνισότητι
1418 473 1533 508 γνώμης
1551 473 1754 507 ἀποϐεϐληκόσι
1781 475 1813 501 τὸ

1019 517 1152 551 ὁμονοεῖν,
1171 518 1209 549 ὡς
1231 518 1285 553 ἄρα
1301 519 1348 545 καὶ
1364 519 1406 545 σοὶ
1418 519 1558 555 γνώριμον
1574 520 1653 546 τοῦτο
1669 521 1718 546 σὺν
1744 521 1811 555 ἡμῖν

1019 571 1052 596 γε
1067 563 1123 589 ὄντι
1132 564 1178 590 καὶ
1192 564 1246 590 τῶν
1261 565 1356 592 δεινῶν
1366 565 1479 593 ἐκείνων
1494 567 1549 597 τοῖς
1563 566 1654 598 ἄλλοις
1669 568 1815 602 παραπλη-

1021 609 1086 642 σίως
1104 610 1226 645 εἰληφότι
1241 611 1290 646 τὴν
1305 613 1410 646 πεῖραν.

1058 698 1091 733 γ’.
1111 699 1204 731 Οὕτως
1221 697 1268 728 οὖν
1285 701 1351 735 ἡμῖν
1366 701 1486 736 ἔχουσιν,
1505 702 1566 729 ὅσαι
1582 711 1612 729 τε
1628 699 1699 738 ὧραι
1727 703 1815 738 μυρία

1021 746 1055 773 τὰ
1081 746 1189 781 χαλεπὰ
1207 747 1320 782 φέρουσι
1338 748 1385 775 καὶ
1403 748 1453 784 τὴν
1467 750 1605 784 σωτηρίαν
1621 750 1815 785 ἀπαγορεύου-

1022 802 1074 824 σιν,
1092 794 1176 820 κακὸν
1192 795 1323 830 ἐξαίφνης
1335 795 1451 829 ἐπῆλθεν
1461 796 1554 831 ἕτερον
1565 796 1612 822 καὶ
1630 797 1814 832 στερροτέραν

183 837 292 872 irrupit,
304 841 331 864 et
342 835 500 863 validiorem
515 836 660 863 adamante
675 836 797 864 animum
819 837 970 872 disjicieus,

1026 840 1112 867 εἰπεῖν
1124 841 1278 875 ἀδάμαντος
1294 840 1399 873 πλῆξαν
1413 841 1513 876 ψυχήν.
1533 842 1570 868 Τὸ
1580 842 1602 868 δ’
1622 840 1656 877 ἦν
1670 843 1686 876 ἡ
1703 843 1750 869 τοῦ
1766 853 1816 869 κα·

183 883 247 910 botti
268 882 381 921 pscilicet
413 882 531 916 paSIoris
546 886 584 913 et,
608 889 684 917 aeque
701 889 732 910 ac
745 883 847 917 primus
864 889 966 917 pastor,

182 931 305 965 quotidie
317 930 427 965 profuse
444 931 561 957 animam
579 930 717 965 ponentis,
735 931 825 958 divino
849 931 966 959 consilio

180 977 284 1008 obitus.
300 976 337 1003 illi
350 976 457 1010 quidem
473 975 609 1003 fortunate
626 975 788 1009 succedens,
805 977 885 1004 nobis
899 985 964 1004 vero

181 1024 292 1056 damnis,
321 1030 408 1057 eaque
436 1022 569 1057 ingentia,
592 1023 755 1056 concilians,
777 1024 823 1058 qui
849 1024 922 1052 illius
936 1025 969 1051 ad

184 1070 268 1097 Deum
283 1069 421 1104 precibus,
441 1069 540 1104 quibus
550 1068 630 1096 saluti
643 1073 744 1097 nostra:
762 1070 968 1104 providebatur,

182 1117 333 1148 privamur.
351 1115 383 1141 Et
398 1115 490 1143 divino
503 1115 621 1143 consilio
640 1116 716 1143 illum
736 1116 888 1150 contigisse
903 1124 970 1144 con-

182 1163 262 1196 jicies
283 1170 315 1188 ex
331 1162 386 1190 illis
404 1169 462 1196 quas
486 1161 524 1189 illi
541 1162 629 1190 adhuc
653 1163 794 1197 superstiti
811 1163 884 1190 inter
897 1171 970 1191 som-

184 1208 311 1236 niandum
325 1213 484 1236 evenerant.
511 1209 591 1236 Visus
605 1213 646 1236 est
659 1209 722 1242 sibi,
742 1214 888 1244 antequam
905 1211 970 1238 urbs

183 1253 254 1281 bello
270 1254 435 1286 concideret,
452 1254 563 1281 domum
592 1255 753 1289 praeclaram
770 1261 797 1282 et
823 1257 970 1283 maximam

185 1301 318 1335 ingresso,
341 1300 461 1335 singulas
478 1300 551 1327 illius
564 1305 657 1335 partes
674 1300 813 1334 inspicere
830 1306 857 1327 et.
871 1301 970 1328 decora

185 1355 218 1374 ac
231 1347 444 1381 magnitudinem
452 1354 615 1381 magnopere
622 1347 750 1374 demirari
761 1356 769 1380 ;
785 1347 827 1374 his
837 1347 970 1375 intentum

185 1400 291 1423 vocem,
303 1392 403 1420 deforis
413 1392 600 1419 advenientem
609 1392 764 1420 inaudisse:
780 1393 894 1420 (Domus
903 1394 971 1432 haec,

186 1438 265 1472 cujus
280 1442 372 1472 partes
387 1437 508 1471 singulas
529 1438 650 1466 illustres
663 1443 744 1473 atque
759 1444 886 1467 venustas
902 1448 971 1467 con-

187 1484 313 1510 siderans
328 1483 484 1516 admiraris,
499 1487 622 1511 actutum
636 1484 762 1511 concidet
775 1492 782 1516 ;
798 1489 825 1512 et
839 1491 871 1510 ue
890 1489 915 1512 te
924 1492 971 1512 sua

187 1530 266 1557 ruina
275 1530 419 1564 opprimat,
438 1537 519 1565 quam
539 1530 593 1557 cito
612 1529 685 1557 foras
707 1530 782 1563 eripe
804 1535 856 1557 ιο.)
877 1531 971 1558 Visum

189 1578 241 1604 hoc
252 1577 350 1610 etlectu
365 1584 419 1603 non
448 1576 534 1604 multo
553 1580 614 1611 post
632 1577 836 1612 comprobatum
856 1582 908 1604 est.
927 1578 974 1605 llle

186 1624 286 1651 etenim
300 1623 428 1658 utjttstus
437 1628 579 1658 appareret
593 1627 620 1651 et
635 1624 744 1651 virtutis
757 1631 812 1651 sua:
826 1625 973 1652 multorqu

187 1671 312 1698 laborum
331 1669 445 1705 praemia
460 1669 586 1703 referret,
600 1670 698 1702 sic,uti
715 1678 764 1704 par
782 1676 852 1703 erat,
867 1675 895 1698 et
912 1675 974 1699 ante

187 1725 333 1746 commune
359 1717 554 1748 infortunium,
571 1717 605 1744 ad
617 1717 718 1746 Deum.
735 1724 815 1751 quem
829 1721 974 1751 tantopere

187 1765 390 1799 concupiverat,
421 1763 556 1799 migravit.
572 1763 665 1799 Neque
692 1764 763 1790 enim
781 1763 886 1798 justum
904 1764 974 1796 apud

187 1811 271 1839 Deum
291 1811 470 1846 reputabatur
494 1810 626 1838 similium
642 1809 773 1837 malorum
788 1817 849 1836 eum
865 1809 975 1844 partici-

187 1865 248 1891 pem
265 1857 335 1888 ﬁeri,
347 1857 402 1883 vita
415 1857 548 1891 siquidem
563 1856 636 1883 illius
651 1863 703 1883 non
718 1860 778 1883 erat
791 1855 890 1883 similis
900 1856 974 1888 aliis,

189 1907 216 1930 et
227 1904 330 1930 semin
345 1902 505 1934 immutatae,
523 1907 620 1928 utcttut
635 1901 782 1929 Salomone
796 1901 902 1935 loquar.
915 1900 970 1928 Nos

189 1956 255 1975 vero
289 1948 464 1982 improbitate
488 1948 566 1982 plane
581 1947 687 1981 repleti,
704 1954 731 1973 et
756 1947 783 1974 in
799 1947 976 1981 cogitationi-

192 1996 241 2022 bus
253 1994 346 2021 cordis
362 1993 448 2020 nostri
466 1994 576 2027 pessimi
592 1993 772 2025 ambulantes,
794 1998 822 2019 ut
840 1993 976 2021 Jeremias

189 2041 289 2075 inquit,
311 2045 338 2067 et
366 2039 480 2074 perinde
505 2044 588 2074 atque
617 2039 836 2073 antiquuslsracl
857 2047 977 2065 murmu-

191 2091 296 2117 rantes.
311 2090 339 2112 ut
357 2085 434 2112 nobis
450 2085 602 2116 allubescit,
623 2085 704 2112 rebus
721 2093 787 2111 cuou
805 2085 977 2111 succedenti-

192 2133 255 2164 bus,
268 2131 330 2165 jute
348 2131 444 2158 merito
456 2131 527 2158 mala
543 2139 574 2158 ac
591 2131 676 2158 solida
702 2131 856 2158 calamitate
874 2135 976 2157 macta-

193 2185 265 2209 ntur,
293 2182 320 2205 et
334 2177 380 2204 tali
408 2177 469 2204 viro
483 2176 612 2204 orbatnur
629 2177 675 2211 qni
701 2176 775 2203 solus
792 2176 978 2204 amictissimis

193 2225 269 2252 hisce
283 2223 453 2258 temporibus
468 2223 494 2249 in
510 2222 591 2249 tantis
605 2229 694 2248 rerum
712 2222 919 2249 discriminibus
935 2229 980 2249 so-

193 2270 286 2297 latium
310 2273 489 2300 remanserat,
506 2275 601 2295 omnes
627 2268 761 2301 siquidem
777 2275 838 2294 eum
854 2268 891 2294 uti
906 2268 977 2294 vita-

193 2316 245 2343 lem
263 2315 290 2343 in
318 2314 399 2342 nobis
425 2314 586 2341 facultatem
615 2313 811 2348 reputabamus
827 2333 834 2345 ,
850 2313 978 2348 illiusque

196 2367 311 2389 mortem
355 2360 545 2388 tantummodo
573 2360 895 2387 ducebamus‘adversus
929 2367 979 2386 nos

193 2408 352 2443 justissitme
369 2408 486 2434 nutninis
501 2407 654 2442 punitionis
674 2406 830 2433 exordium.
850 2405 906 2433 Hoc
932 2413 979 2433 eos

197 2455 334 2490 redarguit
345 2454 519 2489 apertissime
536 2453 580 2487 qui
602 2453 711 2488 indigna
726 2453 799 2480 dicta
815 2453 841 2479 in
859 2460 920 2479 eum
938 2453 979 2479 in-

193 2506 292 2536 gerunt
307 2505 335 2528 et
355 2500 468 2528 infantia
487 2504 616 2531 onerant,
628 2499 701 2534 quod
718 2499 904 2534 proditionem
923 2507 976 2526 non

191 2546 323 2578 suaserit,
338 2550 366 2573 et
376 2546 448 2580 quod
462 2552 510 2572 eos
524 2544 642 2579 propriis
659 2543 793 2576 consiliis,
807 2543 888 2570 altius
901 2544 980 2578 quid-

192 2593 264 2628 piam
280 2592 439 2622 meditatus,
453 2590 515 2625 jure
546 2590 716 2625 represserit.
731 2589 835 2624 Opinor
851 2589 978 2624 equidem

194 2645 254 2673 ego,
265 2645 328 2665 cttm
346 2637 426 2664 vellet
443 2636 515 2663 Deus
529 2640 557 2662 ut
572 2635 700 2662 omnibtts
717 2635 900 2662 iunoteseeret
917 2635 979 2669 quis

196 2684 237 2710 vir
249 2683 294 2710 ille
303 2690 382 2709 sacer
395 2687 468 2709 esset
484 2686 510 2709 et
527 2689 641 2716 quorum
657 2681 764 2716 dignus,
781 2682 826 2715 qui
847 2688 911 2707 vero
929 2688 979 2706 nos

194 2734 221 2755 et
247 2728 347 2762 quibus
372 2729 462 2763 poenis
485 2727 607 2759 obnoxii,
648 2727 748 2760 quibus
769 2727 886 2754 tniseriis
905 2726 980 2760 juste

195 2774 382 2803 uxeruciuudi,
405 2775 431 2800 id
457 2777 566 2807 propter
583 2781 626 2801 res
639 2773 783 2807 utriusque
796 2773 821 2799 iu
835 2781 891 2800 rem
910 2773 980 2800 utri-

196 2826 247 2853 que
259 2819 436 2853 disposuisse.

1019 885 1066 912 λοῦ
1082 887 1213 921 ποιμένος
1232 888 1280 914 καὶ
1292 888 1363 914 κατὰ
1380 889 1425 914 τὸν
1440 888 1548 923 πρῶτον
1560 889 1678 924 ποιμένα
1697 891 1746 924 τὴν
1760 889 1813 924 ᾤν-
1854 884 1860 886 ”

1020 933 1070 968 χὴν
1085 934 1126 968 ἐφ’
1141 934 1260 969 ἑκάστης
1272 934 1390 968 ἀφειδῶς
1404 935 1474 970 ὑπὲρ
1491 935 1538 961 τοῦ
1552 937 1680 970 ποιμνίου
1692 937 1813 968 τιθέντος

1020 979 1092 1005 κατὰ
1108 979 1179 1006 θετον
1193 979 1318 1015 βούλημα
1329 980 1454 1015 τελευτὴ,
1467 981 1496 1007 ὲν
1508 981 1582 1016 καλῴ
1596 982 1646 1016 μὲν
1662 983 1759 1017 ἐκεῖ-,ῳ
1767 991 1813 1015 γε-

1021 1024 1171 1059 γενημένη,
1200 1025 1299 1060 βλάϐος
1319 1025 1341 1052 δ’
1358 1027 1424 1061 ἡμῖν
1438 1026 1627 1059 ὲπενεγκοῦσα
1652 1027 1730 1059 πολὺ,
1757 1027 1814 1053 τῶν

1022 1069 1127 1096 ἐκείνου
1138 1070 1221 1096 λιτῶν
1238 1071 1307 1106 πρὸς
1328 1071 1389 1098 Θεὸν
1410 1073 1593 1107 στερηθεῖσιν,
1610 1071 1655 1104 αἷς
1673 1073 1814 1108 ἐσωζὸμε-

1022 1115 1063 1142 θα.
1083 1117 1145 1142 Ὀτι
1159 1116 1187 1143 δὲ
1205 1117 1274 1143 κατὰ
1287 1118 1363 1144 θείαν
1379 1117 1449 1152 αὕτη
1465 1118 1593 1154 βούλησιν
1608 1117 1652 1154 ἦν,
1664 1119 1750 1146 ἄκουε
1765 1112 1813 1146 τοῦ

1022 1161 1152 1195 φανέντος
1172 1161 1212 1197 τῷ
1230 1162 1362 1198 μακαρίῳ
1380 1163 1503 1198 περιόντι
1530 1164 1592 1190 κατ’
1607 1164 1674 1197 ὄναρ
1702 1164 1813 1198 ἐκείνῳ.

1024 1206 1116 1239 Ἔδοξε
1133 1207 1187 1242 πρὸ
1201 1207 1248 1233 τοῦ
1258 1207 1308 1243 τὴν
1324 1208 1401 1234 πόλιν
1413 1209 1451 1244 τῷ
1465 1208 1578 1243 πολέμῳ
1590 1208 1724 1244 ληφθῆναι
1738 1207 1814 1236 οἶκόν

1022 1261 1084 1279 τινα
1099 1252 1228 1288 λαμπρὸν
1244 1254 1359 1281 εἰσιέναι
1376 1255 1423 1281 καὶ
1439 1255 1617 1289 παμμεγέθη,
1634 1257 1816 1290 περισκοπεῖν

1023 1307 1052 1324 τε
1068 1299 1150 1325 αὑτὸν
1160 1299 1232 1325 κατὰ
1243 1299 1325 1335 μέρος
1338 1301 1384 1326 καὶ
1399 1300 1552 1335 θαυμάζειν
1566 1301 1689 1327 αὐτοῦ’τό
1700 1310 1729 1328 τε
1741 1302 1815 1328 κάλ-

1022 1344 1069 1376 λος
1092 1345 1139 1371 καὶ
1155 1346 1281 1380 μέγεθος,
1310 1347 1339 1373 ὲν
1365 1347 1454 1382 τούτῳ
1481 1347 1502 1373 δ’
1520 1347 1575 1374 ὄντι
1597 1348 1689 1383 φωνὴν
1713 1347 1817 1380 ἔξωθεν

1023 1391 1166 1427 ἐνεχθῆναι
1181 1392 1315 1426 λέγουσαν
1337 1402 1346 1419 ι
1370 1393 1401 1420 '0
1418 1394 1467 1429 μὲν
1479 1392 1551 1425 οτκος
1566 1394 1653 1427 οὗτος,
1667 1392 1696 1422 οὗ
1707 1396 1742 1422 τὰ
1753 1395 1816 1422 καθ’

1024 1438 1148 1470 ἕκαστον,
1165 1435 1187 1465 ὦ
1206 1440 1335 1473 δέσποτα,
1363 1440 1400 1471 ὡς
1425 1440 1486 1466 λίαν
1509 1440 1625 1475 λαμπρὰ
1653 1441 1699 1467 καὶ
1726 1441 1818 1476 ὡραῖα

1025 1483 1176 1518 θαυμάζεις
1192 1485 1360 1520 περιαθρῶν,
1379 1485 1474 1512 πίπτει
1491 1486 1520 1512 τὸ
1540 1487 1632 1520 τάχος,
1654 1486 1699 1512 καὶ
1714 1486 1758 1513 ἵνα
1775 1487 1815 1522 μή

1026 1535 1056 1553 σε
1069 1528 1180 1564 καλύψῃ
1197 1529 1299 1562 πεσὼν,
1315 1529 1383 1562 ἔξιθι
1396 1529 1490 1557 τούτου
1507 1531 1623 1565 ταχέως.
1639 1541 1647 1556 ι
1667 1531 1760 1563 Οὕτως
1778 1530 1818 1558 εἶ-

1026 1581 1073 1607 χεν
1097 1573 1202 1608 ὴῦψις,
1226 1575 1273 1601 καὶ
1292 1576 1332 1606 εἰς
1348 1575 1427 1609 ἔργον
1455 1573 1524 1611 ἧκεν
1548 1577 1597 1602 οὒκ
1624 1578 1664 1608 εἰς
1694 1579 1815 1613 μακράν.

1032 1618 1150 1650 Ἐκεῖνος
1179 1620 1309 1654 μὲνγὰρ,
1330 1621 1373 1647 ἵνα
1399 1622 1524 1658 ἀναφανῇ
1555 1623 1661 1654 δίκαιος
1688 1626 1735 1651 καὶ.
1758 1626 1816 1652 τῶν

1026 1664 1133 1690 πολλῶν
1145 1667 1195 1699 τῆς
1213 1666 1313 1701 ἀρετῆς
1326 1667 1432 1694 ἐκείνου
1450 1669 1582 1702 καμάτων
1595 1668 1665 1704 λάϐῃ
1678 1670 1725 1702 τὰς
1741 1671 1816 1697 ἀντι-

1008 1717 1014 1722 ’
1026 1709 1124 1742 δόσεις,
1137 1711 1251 1742 εἰκότως
1264 1712 1336 1739 οὕτω
1351 1713 1398 1739 καὶ
1415 1715 1468 1748 πρὸ
1481 1714 1530 1748 τῆς
1549 1715 1640 1750 κοινῆς
1657 1718 1816 1752 συμφορᾶς,

1027 1756 1094 1790 πρὸς
1107 1756 1136 1783 ὃν
1151 1758 1244 1784 ἐπόθει
1263 1758 1367 1793 Κύριον
1383 1760 1562 1795 ὲξεδήμησεν.
1580 1762 1617 1787 Οὐ
1639 1762 1693 1796 γὰρ
1709 1762 1818 1789 δίκαιον

1026 1801 1106 1828 τοῦτο
1126 1803 1202 1838 παρὰ
1217 1804 1277 1839 Θεῷ
1292 1805 1414 1840 κέκριτο,
1431 1806 1560 1833 τοιούτων
1577 1806 1622 1834 ἶνα
1638 1808 1733 1835 κακῶν
1757 1810 1818 1835 πεῖ-

1029 1855 1079 1890 ραν
1090 1849 1141 1882 σχῇ
1151 1850 1199 1876 καὶ
1213 1851 1370 1886 κοινωνήσῃ
1383 1851 1436 1878 τῶν
1450 1852 1517 1879 ἰσων
1528 1853 1608 1887 ἡμῖν·
1620 1853 1748 1888 ἀνόμοιος
1761 1854 1817 1890 γὰρ

1026 1889 1061 1927 ἦν
1076 1894 1130 1923 τοῖς
1147 1894 1238 1926 ἄλλοις
1257 1895 1271 1922 ὁ
1296 1896 1354 1930 βίος
1370 1898 1476 1924 ἐκείνου
1495 1900 1542 1924 καὶ
1565 1899 1768 1934 ἐξηλλαγμέναι
1787 1902 1816 1927 αἰ

1027 1938 1127 1973 τρίόοι,
1143 1939 1173 1966 τὸ
1188 1941 1363 1975 Σολομῶντος
1379 1944 1477 1971 εἰπεῖν.
1498 1944 1592 1979 Ἡμεῖς
1607 1945 1635 1971 δὲ
1651 1946 1749 1977 κακίας
1766 1947 1817 1979 γέ-

1030 1992 1126 2018 μοντες
1141 1985 1220 2017 ὅλως,
1235 1987 1282 2014 καὶ
1299 1987 1388 2015 ὀπίσω
1402 1989 1456 2016 τῶν
1471 1989 1673 2024 ἐνθυμημάτων
1688 1991 1737 2024 τῆς
1749 2000 1818 2025 καρ-

1027 2033 1084 2065 δίας
1096 2035 1174 2070 ἡμῶν
1189 2035 1236 2069 τῆς
1251 2035 1384 2069 πονηρᾶς,
1409 2035 1490 2062 τοῦτο
1511 2036 1542 2071 δὴ
1556 2037 1587 2063 τὸ
1604 2036 1651 2063 τοῦ
1670 2038 1818 2071 Ἱερεμίου,

1028 2080 1219 2115 πορευόμενοι,
1238 2081 1284 2107 καὶ
1299 2081 1370 2107 κατὰ
1383 2081 1428 2107 τὸν
1442 2082 1526 2108 πάλαι
1547 2083 1702 2116 γογγυσταὶ
1715 2084 1819 2117 τυγχά-

1029 2135 1121 2158 νοντες
1142 2126 1266 2161 ῧτραὴλ,
1284 2127 1353 2153 κατὰ
1373 2129 1421 2160 τὴν
1436 2127 1575 2162 ἡμετέραν
1588 2121 1739 2163 ἐπιθυμίαν
1752 2130 1820 2154 ἀπη-

996 2182 1017 2208 ο
1034 2173 1128 2199 λαύειν
1143 2173 1218 2204 ὅπως
1233 2174 1282 2200 οὐκ
1299 2172 1406 2208 ἔχοιμεν
1421 2174 1474 2199 τῶν
1499 2175 1680 2208 πραγμάτων,
1703 2175 1820 2207 δικαίως

1030 2219 1102 2246 οὕτω
1113 2220 1295 2254 πεπράγαμεν
1308 2219 1525 2254 δυστυχέστατα,
1537 2221 1584 2247 καὶ
1597 2221 1692 2248 τούτου
1703 2223 1820 2257 τάνδρὸς

1032 2265 1214 2300 ἐστερήμεθα,
1232 2265 1313 2299 μόνον
1332 2265 1554 2300 περιλειφθέντος
1567 2267 1595 2293 ὲν
1606 2268 1739 2299 τοιούτοις
1756 2277 1821 2294 και-

1035 2312 1090 2345 ροῖς
1107 2311 1153 2337 καὶ
1165 2310 1304 2342 τοσούτοις
1318 2312 1440 2346 ἀνιαροῖς
1456 2313 1495 2344 είς
1511 2313 1697 2348 παραμύθιον.
1716 2315 1820 2346 Πάντες

1032 2357 1085 2390 γὰρ
1101 2357 1194 2392 ὥσπερ
1211 2358 1272 2383 τινὰ
1284 2357 1399 2392 δύναμιν
1418 2357 1538 2394 ζωτικὴν
1562 2361 1591 2385 ὲν
1608 2360 1673 2394 ἡμῖν
1692 2361 1821 2395 ἐνομίζο-

1033 2411 1083 2438 μεν
1102 2403 1209 2436 τοῦτον,
1235 2405 1281 2430 καὶ
1300 2404 1350 2440 τὴν
1370 2405 1498 2439 τελευτὴν
1520 2405 1626 2432 ἐκείνου
1652 2408 1735 2441 μηδὲν
1754 2407 1822 2435 ἄλλο

1031 2449 1152 2484 νομίζειν
1168 2449 1279 2484 εἴχομεν
1295 2450 1371 2484 ἢτῆς
1389 2451 1430 2484 ἐφ’
1446 2452 1519 2486 ἡμᾶς
1536 2451 1582 2479 τοῦ
1597 2451 1665 2479 Θεοῦ
1682 2453 1821 2481 δικαιοτά-

1031 2504 1083 2530 της
1096 2495 1221 2527 παιδείας
1243 2492 1300 2523 οἷον
1321 2497 1474 2532 προοίμιον.
1499 2497 1584 2524 Τοῦτο
1607 2499 1662 2525 τῶν
1677 2502 1821 2526 κατειπεῖν

1033 2541 1179 2577 ᾑρημένων
1191 2542 1296 2568 ἐκείνου
1310 2543 1478 2576 σαφέστατος
1490 2543 1611 2579 ἔλεγχος,
1627 2546 1674 2571 καὶ
1688 2546 1750 2576 τοὺς
1764 2547 1822 2572 ἁδι-

1032 2587 1093 2613 κίαν
1105 2587 1166 2614 κατ’
1178 2588 1281 2614 ἐκείνου
1296 2588 1445 2618 λαλοῦντας
1465 2589 1507 2616 ὅτι
1527 2590 1564 2625 μὴ
1580 2590 1728 2625 προδοσίαν
1743 2592 1816 2618 ἐσκέ-

1031 2633 1112 2668 ψατο,
1132 2634 1199 2668 μηδὲ
1211 2634 1265 2660 τῶν
1281 2634 1357 2668 σφίσι
1373 2634 1523 2662 δοκούντων
1539 2637 1678 2667 συνιέντας
1706 2636 1816 2671 βαθύτε-

1034 2688 1090 2714 ρον.
1117 2679 1228 2711 ἐνδίκως
1250 2679 1434 2715 ἐπιστομίζει.
1462 2679 1548 2715 Οἶμαι
1566 2682 1620 2717 γὰρ
1645 2682 1711 2716 ἐγὼ,
1737 2683 1824 2714 δεῖξαι

1033 2725 1172 2760 βουληθεὶς
1188 2727 1200 2752 ό
1217 2725 1282 2757 Θεὸς
1299 2723 1353 2757 οἷος
1376 2726 1424 2760 μὲν
1445 2727 1459 2752 ὀ
1485 2727 1557 2759 ἱερὸς
1572 2727 1676 2759 ἐκεῖνος
1687 2727 1756 2762 ἀνὴρ
1774 2727 1821 2753 καὶ

1032 2771 1113 2796 τίνων
1127 2771 1203 2802 ἄξιος
1215 2769 1260 2805 ἦν,
1275 2769 1325 2797 οἷοι
1340 2771 1363 2797 δ’
1385 2772 1466 2806 ἡμεῖς
1479 2772 1527 2798 καὶ
1543 2771 1618 2803 τίνας
1652 2774 1816 2807 είσπραχϋῆν

1032 2826 1076 2844 ναι
1099 2817 1176 2847 δίκας
1190 2817 1289 2842 δίκαιοι
1304 2814 1385 2851 ἦμεν.
1401 2817 1444 2843 διὰ
1459 2817 1539 2843 τοῦτο
1553 2818 1585 2843 τὰ
1613 2816 1677 2844 καθ’
1691 2819 1824 2853 ἑκάτερςν

1037 2864 1118 2898 μέρος
1135 2863 1218 2894 οὕτως
1233 2863 1391 2898 ῲγονόμησε
1408 2864 1615 2898 συμφερόντως.
