1933 3075
80 179 133 213 597

591 184 646 215 DE
660 185 818 221 EXEIDIO
838 188 1207 222 THESSALON'ICEN'SI.

1653 198 1706 229 593

81 247 162 273 μητοι
176 237 309 284 γίνονται,
326 239 436 276 μηδὲνῆ
453 239 532 275 ὀλίγα
551 241 620 277 πρὸς
633 241 662 268 ἓν
680 251 696 277 ρ
713 251 762 277 ρος
778 243 864 279 δηλώα

921 252 984 280 opus
994 251 1067 273 esset
1076 247 1173 281 smpius
1182 252 1207 274 et
1219 247 1316 274 multas
1328 245 1465 276 mnrornni
1484 255 1575 284 partes
1587 251 1690 279 circum
1698 263 1710 270 -

80 293 189 317 σαντες,
205 281 227 319 ᾧ
241 294 280 313 π.
301 305 308 313 .
330 305 338 314 .
359 306 367 314 .
391 307 398 313 .
421 305 428 313 .
450 306 458 314 .
479 306 486 314 .
510 307 517 314 .
538 307 546 315 .
569 307 576 313 .
600 308 607 315 .
621 288 794 323 δεδύνηνται.
808 290 867 324 Ἐφ’

80 327 102 364 ᾧ
117 332 163 357 καὶ
184 333 334 366 μεμπταῖοι
354 353 360 360 .
384 353 392 361 .
414 352 422 360 .
444 354 451 360 .
474 353 482 361 .
505 353 512 361 .
534 335 627 367 ἔδοξάν
643 344 716 363 τισιν
734 336 868 371 ὑποστρέ-

79 377 183 412 ψαντες
193 386 200 392 ·
215 378 274 405 δέον
288 380 343 414 γὰρ
355 379 485 412 πολλάκις
499 382 546 407 καὶ
564 382 634 408 κατὰ
646 382 731 409 πολλὰ
742 383 798 409 τῶν
812 391 869 409 τει-

82 423 138 458 χῶν
165 424 235 459 μέρη
251 426 399 460 περιιέναι,
415 426 462 452 καὶ
488 427 522 453 τὰ
544 427 724 462 ὑπεσχημένα
740 429 779 464 τῷ
794 429 869 456 Μου-

82 470 152 505 ράτῃ
166 471 271 505 φανερὰ
284 471 468 506 καταστῆσαι,
489 472 580 506 λόγοις
592 482 621 499 τε
634 474 789 509 χρήσασθαι
799 483 868 510 συμ-

80 516 202 548 ϐουλίας,
220 517 258 548 ὡς
268 517 302 544 ἂν
317 518 476 553 προθύμους
491 521 727 554 παρασκευάσωσι
754 521 823 556 πρὸς
837 521 867 547 τὺ

81 563 160 596 κοινῇ
175 563 352 596 συνελθόντας
370 565 520 599 σκέψασθαι
535 566 565 592 τὺ
581 567 715 600 συνοῖσον,
729 567 760 593 οὑ
775 567 865 598 καλῶς

919 292 968 323 ire,
984 297 1011 320 et
1028 298 1093 327 (μισε
1106 293 1334 327 promittebantur
1358 302 1373 321 a
1401 294 1507 323 Mnrate
1534 297 1624 331 palam
1650 299 1708 325 edi-

919 345 992 369 cere,
1010 339 1234 374 sermonibusque
1249 340 1288 367 uti
1304 341 1513 370 consultationis
1532 343 1564 370 ad
1581 351 1627 370 cos
1649 343 1705 370 dis-

920 385 1072 418 ponendum
1089 390 1119 412 ut
1132 385 1291 412 alacriteriu
1305 394 1388 413 unum
1397 389 1592 415 convenientes
1615 388 1706 423 publi-

919 437 978 457 cam
994 430 1137 458 utilitatem
1146 431 1346 466 dignoscereut,
1361 432 1411 466 ipsi
1427 441 1483 461 non
1497 434 1566 461 bene
1585 442 1648 469 erga
1659 442 1708 461 nos

922 475 1010 503 aﬂ‘ecti
1028 470 1154 504 mandata
1174 477 1362 512 neglexerunt.
1382 477 1483 506 Verum
1499 479 1537 512 hi,
1550 487 1604 514 quo
1630 479 1705 506 disi-

921 530 981 549 mus
998 523 1089 555 modo,
1107 523 1163 550 sive
1176 529 1272 558 sponte
1287 532 1334 551 sua
1350 525 1406 552 sive
1422 526 1448 552 vi
1464 527 1564 559 coacti,
1595 533 1651 553 rem
1669 527 1704 552 ita

921 574 1097 603 peregerunt.

80 609 151 640 πρὲις
171 609 244 643 ἡμᾶς
258 609 435 645 διετέθησαν,
451 610 539 642 εἷπον,
556 613 726 648 ἠμεληκότες
754 612 804 638 τοῦ
839 612 1036 648 ἐπιτάγματος.
1062 614 1134 650 Πλὴν
1181 615 1237 643 ἀλλ’
1262 615 1335 643 οὕτω
1359 616 1409 651 μὲν
1444 613 1517 643 οὗτοι
1555 617 1708 651 πράξαντες

78 651 224 686 ὤφθησαν,
240 653 289 680 εῖτ*
306 655 443 682 ἐθελονταὶ
455 657 510 682 εἶτε
526 659 574 684 καὶ
591 657 713 689 ἄκοντες.

116 699 151 731 ξι.
175 700 204 725 ’0
217 701 246 727 δὲ
264 701 410 737 Μουράτης
426 703 571 738 ἀνηνύτοις
588 704 660 732 tam.
671 706 821 740 ἐπιχειρεῖν
836 706 864 731 ἐν

79 745 168 780 τούτῳ
181 745 220 779 τῷ
234 746 313 781 μέρει
327 747 368 782 (οὐ
380 747 435 782 γὰρ
449 746 490 779 οἷς
503 748 602 780 ἔξωθεν
617 749 698 784 μόνον
714 750 865 784 ἐκήρυττον

80 792 228 818 ἐπείθοντό
244 801 335 825 τινες,
354 793 424 820 ἀλλὰ
448 794 496 821 καὶ
512 795 622 822 πλύνειν
639 795 733 822 τοῦτον
754 795 865 830 ὕϐρεσιν

81 838 128 865 ὑπ’
143 839 310 874 ἀὸελτηρίας
331 841 378 867 καὶ
399 840 499 875 ἀλόγου
515 841 684 877 θρασύτητος
703 842 753 869 οὐκ
767 841 865 868 ἀπώκ-

81 884 168 918 νουν),
184 885 231 911 τοῦ
247 885 333 920 θυμοῦ
350 895 379 913 τε
395 887 508 921 γέγονεν
521 887 592 920 ὅλος,
612 888 661 915 καὶ
682 887 728 914 τδν
751 887 867 922 στρατδν

81 930 236 964 προσέταξε
255 932 422 966 μεταστῆναι
439 933 486 959 καὶ
507 933 573 967 περὶ
593 932 644 966 τὴν
659 932 738 959 πόλιν
755 941 868 966 στρατο-

81 975 277 1003 πεδεύσασθαι.
294 978 328 1003 Οἰ-
341 977 369 1003 δὲ
391 977 595 1013 προσεχώρουν,
610 977 715 1005 ατε-μ..
733 977 868 1012 μελισσῶν

83 1021 187 1057 σμήνη,
209 1022 257 1048 τοῦ
283 1023 419 1058 ἡμετέρου
443 1023 506 1050 λίαν
530 1022 661 1057 διψῶντες
682 1022 799 1057 αἵματος
821 1023 870 1049 καὶ

82 1067 190 1099 πάντας
218 1067 303 1102 ἄρδην
331 1070 477 1095 καταπιεῖν
502 1068 668 1103 γλιχόμενοι.
687 1068 727 1103 Τῇ
748 1067 824 1095 πόλει
841 1068 870 1095 δὲ

81 1113 330 1148 προσεγγίσαντες,
348 1114 396 1141 καὶ
411 1114 460 1146 τὰς
476 1115 580 1150 σκηνὰς
595 1114 690 1150 ὥσπερ
705 1114 764 1146 ἔθος
779 1113 869 1150 amid—

82 1167 175 1193 μενοι,
195 1159 273 1201 δίκην
290 1160 422 1196 φρουρίου
451 1161 543 1187 πᾶσαν
568 1161 734 1196 περιέλαϐον
755 1160 870 1196 ταύτην,

82 1203 120 1234 ὡς
143 1203 272 1238 μηδαμοῦ
289 1203 382 1239 σχεδὸν
401 1204 479 1231 κενὸν
498 1203 650 1239 ἀνθρώπων
663 1204 809 1239 φαίνεσθαι
824 1204 871 1230 τό-

82 1257 145 1276 πον.
163 1247 230 1276 Εἶτα
255 1250 318 1281 τοὺς
345 1250 515 1285 στρατηγοὺς
537 1251 653 1278 ἕκαστον
673 1251 702 1277 ἣν
723 1249 871 1286 ὡρισμένῳ

82 1295 133 1330 τῆς
145 1296 248 1328 πόλεως
263 1296 343 1331 μέρει
358 1296 426 1331 πρὸς
441 1297 471 1323 τὸ
484 1297 616 1331 πολεμεῖν
626 1297 777 1330 ἀποτάξας,
790 1296 871 1328 αὐτὸς

81 1342 134 1373 τὰς
150 1342 218 1372 ἰδίας
231 1343 332 1376 σκηνὰς
345 1343 459 1377 ἀντικρὺ
475 1343 523 1377 τῆς
537 1343 710 1377 ἀκροπόλεως
722 1342 870 1377 πήγνυσιν,

82 1387 120 1418 ὡς
139 1388 172 1414 ἂν
195 1388 299 1418 πάντας
322 1389 354 1414 ὲκ
380 1387 517 1422 μετεώρου
542 1388 633 1419 καλῶς
657 1388 725 1423 ὸρᾷν
750 1387 808 1423 ἔχοι
824 1387 872 1415 καὶ

84 1435 177 1461 πᾶσαν
190 1434 239 1469 τὴν
253 1434 330 1461 πόλιν
352 1435 438 1466 ἐντός.
463 1434 561 1468 ῚΙμεῖς
579 1435 607 1461 δὲ
620 1434 698 1462 ταῦθ’
717 1434 872 1469 ἑωρακότες

83 1483 132 1509 καὶ
145 1483 195 1517 τῆς
206 1481 284 1516 ἡμῶν
298 1482 434 1517 σωτηρίας
446 1481 705 1516 ὖπεραγωνῑσασθαι
717 1481 872 1516 προθυμού-

85 1535 163 1562 μῖιιοι
179 1527 237 1562 (καὶ
250 1527 309 1562 ’πὰρ
316 1527 376 1553 οὐδὲ
388 1525 422 1562 ἦν
434 1527 521 1558 ἄλλως
534 1526 619 1562 εἰκὸς)
628 1525 697 1560 μεθ’
709 1522 748 1552 ὧν
762 1527 872 1561 εἴχομεν

954 701 1107 730 7.Murates
1123 709 1184 729 eum
1198 702 1311 731 vidisset
1325 711 1354 731 se
1373 705 1422 732 hac
1437 705 1541 732 ratione
1560 714 1671 741 operam
1680 713 1707 735 et

919 748 1009 776 oleum
1021 748 1150 784 perdere(
1163 756 1250 783 neque
1258 749 1330 777 enim
1341 750 1375 778 iis
1386 758 1446 785 qua:
1455 752 1554 779 deforis
1567 753 1611 779 ille
1621 760 1708 780 enun-

918 793 1004 821 tiabat
1017 794 1125 822 suaderi
1145 794 1279 826 nonnulli,
1309 796 1431 829 quinimo
1455 803 1516 823 eum
1541 796 1648 831 injuriis
1678 803 1706 825 et

918 839 1071 876 opprobriis
1079 840 1219 867 dementer
1227 840 1418 876 jactanterque
1428 842 1558 870 continuo
1565 844 1689 878 onerare)
1696 865 1703 875 ,

919 885 1087 919 intemperiis
1103 884 1273 919 insaniisque
1288 886 1406 921 agitatus
1420 887 1480 914 loco
1500 888 1602 915 moveri
1625 895 1704 915 exer-

918 930 1003 958 citum
1015 931 1134 958 mandat.
1150 930 1188 957 llli
1201 931 1331 958 secedunt
1341 939 1418 967 neque
1432 939 1463 960 ac
1475 940 1555 967 apum
1567 933 1705 964 examina.

920 977 1006 1005 nostri
1020 976 1160 1012 sanguinis
1175 977 1255 1004 avide
1272 978 1397 1006 sitientes
1420 986 1576 1014 omnesque
1592 980 1704 1013 penitus

919 1030 973 1050 uno
986 1022 1084 1050 haustu
1098 1023 1231 1059 deglutire
1240 1024 1439 1052 desiderantes.
1452 1023 1504 1052 Ubi
1519 1025 1578 1052 urbi
1590 1026 1705 1060 proximi

919 1068 984 1096 facti
995 1073 1068 1101 sunt,
1083 1069 1208 1097 tentoriis
1223 1077 1273 1105 pro
1286 1077 1360 1098 more
1375 1071 1435 1098 ﬁxis
1449 1071 1535 1098 instar
1554 1079 1706 1106 propugna-

919 1114 973 1142 culi
985 1121 1044 1141 eam
1056 1115 1092 1141 ita
1106 1115 1313 1143 circumvallant
1326 1120 1355 1143 ut
1375 1115 1625 1144 nullishominibus
1633 1122 1708 1145 esset

921 1167 1023 1187 vacuus
1037 1159 1124 1188 locus.
1138 1160 1207 1189 Tum
1214 1161 1296 1190 duces
1307 1162 1429 1198 singulos
1445 1162 1470 1190 in
1483 1163 1641 1198 praescripta
1660 1170 1707 1190 ur-

919 1206 961 1234 bis
972 1210 1049 1242 parte
1063 1207 1213 1240 destinans,
1230 1207 1286 1243 ipse
1294 1215 1353 1236 sua
1369 1208 1486 1236 tentoria
1508 1209 1566 1236 arci
1591 1209 1705 1236 adversa

920 1253 1006 1288 ponit,
1025 1257 1053 1280 ut
1067 1259 1162 1280 omnes
1172 1257 1300 1289 tanquam
1319 1254 1404 1282 eloco
1416 1254 1588 1288 sublimiore,
1601 1256 1708 1282 etinte—

921 1299 1009 1327 riores
1024 1303 1116 1334 partes
1129 1299 1456 1335 urbis,circumspiceret.
1470 1299 1523 1328 Nos
1535 1300 1591 1328 hac
1602 1300 1707 1333 intuiti,

920 1352 971 1381 pro
982 1344 1070 1373 salute
1090 1349 1181 1373 nostra
1196 1345 1309 1373 tutanda
1324 1346 1473 1374 alacriores
1503 1346 1571 1374 facti
1596 1347 1708 1383 (neque

921 1391 993 1419 enim
1004 1391 1061 1419 ﬁeri
1073 1395 1179 1426 poterat
1191 1392 1269 1419 aliter
1280 1392 1305 1428 ),
1317 1392 1402 1420 armis
1412 1396 1549 1428 utcunque
1559 1398 1708 1428 suppeten-

922 1438 996 1466 tibus
1010 1437 1044 1466 ad
1056 1445 1167 1466 murum
1183 1445 1341 1472 accurrere,
1358 1439 1428 1467 alius
1460 1440 1543 1468 alium
1567 1440 1709 1468 celeritate

922 1483 1109 1518 μηνίεται-σαί,
1127 1483 1259 1512 adversus
1270 1489 1398 1512 externas
1405 1485 1498 1520 copias
1508 1493 1588 1521 quem
1600 1486 1708 1514 tandem

923 1527 1004 1554 ﬁnem
1012 1527 1138 1555 habitura
1146 1533 1236 1556 essent
1244 1533 1325 1557 tanta:
1337 1529 1636 1564 sollicitudinisstudia,
1648 1532 1710 1559 ani-

82 1573 174 1599 ὅπλων
191 1573 238 1598 ἐπὶ
254 1573 284 1598 τι.
302 1573 390 1606 τεῖχος
413 1571 526 1606 ὲθὲομεν
544 1571 671 1604 ἕκαστος,
688 1570 767 1602 ἄλλος
788 1570 868 1597 ἄλλον

924 1580 984 1601 mos
993 1573 1104 1600 addere.
1119 1573 1154 1601 Ut
1167 1575 1352 1609 ascendimus,
1370 1576 1564 1611 diunoctuque
1575 1577 1612 1604 ibi
1630 1578 1708 1605 nobis

84 1619 231 1655 παρελθεῖν
247 1619 286 1653 τῷ
306 1618 386 1653 τάχει
403 1617 622 1652 φιλονεικοῦντες
646 1617 692 1643 καὶ
706 1614 762 1643 οἷον
779 1617 870 1651 ἀνδρι-

82 1665 250 1699 ζόμενοι-η..
263 1664 317 1690 τῶν
330 1665 418 1697 ἐκτὸς,
432 1663 594 1697 ἀγνοοῦντες
607 1663 662 1698 ὅπη
674 1663 708 1689 τὰ
723 1662 774 1698 τῆς
787 1670 869 1689 σπου-

80 1711 131 1745 δῆς
147 1711 256 1745 ἐκείνης
277 1711 408 1745 χωρήσει,
435 1709 478 1741 Ὠς
493 1710 515 1736 δ’
540 1709 678 1744 ἀνέσημεν
695 1707 869 1744 διημερεύειν

80 1757 173 1783 ἐκεῖσε
189 1758 235 1783 καὶ
251 1755 470 1791 διανυκτερεύειν
486 1755 656 1791 συνθέμενοι,
670 1755 717 1783 καὶ
731 1755 870 1790 διέκριναν

80 1804 158 1838 ἡμᾶς
172 1804 197 1830 οἱ
210 1802 374 1838 κρατοῦντες
395 1803 445 1838 τῆς
460 1803 575 1835 πόλεως,
589 1801 720 1833 Λατίνους
735 1801 782 1828 καὶ
803 1802 870 1828 Ῥω-

82 1850 192 1884 μαίολς,
210 1850 257 1876 καὶ
276 1850 340 1881 τοὺς
355 1849 404 1884 τὴν
418 1848 547 1884 λῃστείαν
569 1847 787 1883 μετερχομένους
806 1848 871 1874 ἀνα-

82 1897 132 1931 μὶξ
147 1897 298 1932 στήσαντες
314 1895 354 1932 (οὐ
369 1895 423 1930 γὰρ
445 1895 584 1921 πιστεύειν
601 1895 667 1930 ἡμῖν
688 1894 816 1930 καθαρῶς
831 1891 871 1920 εἷ-

921 1617 1122 1645 imtuorandnm
1137 1625 1199 1646 esse
1213 1619 1427 1653 constituentes,
1444 1621 1490 1656 qui
1520 1621 1579 1648 urbi
1611 1621 1707 1648 mode-

924 1663 1064 1697 rabantur,
1077 1664 1187 1693 Gnaeos
1200 1669 1281 1700 atque
1297 1665 1408 1695 Latinos
1425 1667 1460 1694 ita
1472 1666 1658 1695 distinxerunt
1679 1672 1708 1695 ut

922 1712 1039 1741 medium
1054 1720 1136 1740 unum
1146 1720 1179 1740 ex
1194 1714 1227 1741 iis
1235 1713 1280 1749 qui
1292 1714 1394 1748 praedas
1402 1719 1564 1742 convectant
1585 1714 1708 1749 interpo-

922 1762 1016 1786 nerent
1029 1766 1037 1791 ;
1050 1758 1192 1786 Taetarios
1207 1759 1302 1794 vulgus
1314 1765 1402 1792 vocat,
1423 1764 1451 1787 ut
1466 1764 1533 1788 Slllll.
1548 1760 1705 1795 praedonum

921 1811 1017 1839 agmen
1036 1812 1068 1832 ex
1083 1805 1167 1833 variis
1183 1805 1341 1840 regionibus
1351 1806 1480 1834 coalitum
1495 1815 1503 1840 ;
1519 1811 1546 1834 et
1562 1806 1604 1834 his
1614 1810 1707 1834 custo-

921 1851 991 1878 diam
1011 1852 1221 1886 deinaudarunt,
1238 1853 1406 1888 planetnobis
1420 1862 1473 1881 non
1489 1854 1602 1882 tidentes
1614 1863 1622 1888 -,
1633 1861 1707 1881 mor-

922 1901 976 1924 tem
988 1898 1069 1924 etiam
1085 1898 1266 1933 proditionem
1281 1899 1452 1927 meditaturis
1469 1901 1566 1928 minati
1585 1904 1660 1928 sunt.

79 1946 151 1981 χον),
165 1946 212 1972 καὶ
225 1944 339 1972 θάνατον
353 1944 411 1975 τοῖς
434 1945 599 1979 φρονήσουσι
615 1942 764 1977 προδοσίαν
786 1942 961 1978 ἡπείλησαν,,
970 1945 1034 1977 τοὺς
1050 1946 1229 1981 Τξεταρίους,
1262 1947 1301 1979 ὡς
1331 1948 1347 1983 ή
1373 1948 1448 1982 κοινὴ
1484 1949 1560 1984 φωνὴ
1593 1949 1708 1978 τούτους

80 1994 176 2022 ἐκάλει
192 1993 310 2032 (λῃστῶν
329 1992 351 2020 δ’
365 1989 435 2028 ἦσαν
460 1988 533 2018 οὗτοι
554 1990 698 2026 σύνταγμα
722 1991 756 2018 ικ
776 1991 915 2027 διαφόρων
927 1993 1019 2021 τόπων
1034 1995 1289 2031 συναθροισθέντες)
1321 1996 1445 2030 φύλακας
1473 1997 1514 2030 είς
1547 1997 1619 2024 τοῦτ’
1645 1999 1706 2025 ἑπι-

81 2042 243 2076 σ;ήσαντες.

116 2087 154 2122 η’.
174 2088 219 2119 Ὠς
235 2084 282 2114 οὖν
299 2087 346 2114 τοῦ
363 2086 493 2121 πολεμεῖν
513 2085 686 2120 γεγενήμεθα
706 2085 808 2118 πάντες
820 2087 869 2113 καὶ

957 2087 985 2114 8.
1004 2086 1135 2115 Omnibus
1146 2094 1212 2121 ergo
1225 2086 1257 2114 ad
1270 2087 1444 2122 pugnandum
1460 2088 1590 2117 adversus
1601 2089 1706 2117 lrruen-

81 2135 153 2162 κατὶι
166 2134 222 2160 τάν
233 2133 365 2160 ἐπιόντων
380 2131 565 2168 ἀνδρίζεσθαι,
579 2131 643 2159 ἄλλο
654 2139 681 2157 τι
697 2131 779 2158 πάλιν
792 2131 869 2168 παρὰ

921 2135 960 2158 tes
975 2131 1067 2159 animo
1088 2131 1159 2159 virili
1180 2132 1365 2168 praesentique
1387 2133 1502 2168 paratis,
1520 2134 1592 2162 aliud
1606 2141 1706 2170 praeter

81 2181 131 2216 τὴν
149 2180 288 2216 ἡμετέραν
305 2179 391 2214 ἐφάνη
412 2179 518 2214 πράξας
533 2179 664 2205 ὑπόνοιαν
680 2178 694 2204 ὀ
708 2178 868 2214 Μουράτης.

82 2229 188 2258 Πάντες
211 2227 266 2262 γὰρ
289 2228 370 2262 ἡμεῖς
396 2226 575 2259 ὑπενοοῦμεν,
597 2226 724 2254 τοσοῦτον
753 2225 869 2260 στρατὸν

84 2274 171 2308 βαρὺν
187 2273 352 2307 θεασάμενοι
377 2273 425 2299 καὶ
441 2271 576 2302 τοσαύτας
598 2271 647 2303 τὰς
669 2270 821 2319 ὲλεπδλιις,
835 2269 869 2301 ἃς
883 2291 906 2319 D

81 2321 112 2346 τὸ
124 2320 179 2346 τῶν
194 2319 326 2353 καμήλων
340 2317 441 2352 πλῆθος
458 2318 506 2344 καὶ.
523 2317 579 2344 τῶν
600 2316 716 2352 ἁμαξῶν
739 2315 869 2351 smus,“—

82 2367 129 2397 ζον
144 2365 206 2392 καθ’
220 2365 350 2400 ἑκάστην,
367 2364 404 2395 ὥς
418 2364 469 2390 οὐκ
487 2363 519 2390 ἂν
543 2363 657 2398 φθάσειε
678 2363 726 2390 καὶ
745 2361 869 2397 μανικῶς

82 2412 183 2439 αὐτίκα
199 2411 270 2438 κατὰ
285 2411 331 2438 τοῦ
350 2410 457 2445 τείχους
473 2409 603 2445 ὁρμήσει,
621 2410 714 2435 παίειν
740 2408 789 2443 μὲν
806 2407 871 2434 αὐτὸ

83 2457 240 2492 προστάξας
256 2457 289 2490 τῇ
312 2455 498 2491 χειροποιήτῳ
523 2453 570 2481 τοῦ
587 2453 662 2480 λίθου
679 2453 791 2489 βροντῇ,
808 2453 872 2484 τοὺς

81 2503 105 2529 δ’
120 2503 226 2529 ἄνωθεν
241 2502 357 2528 κωλύειν
379 2502 428 2535 τῆς
444 2501 492 2528 επὶ
507 2500 561 2526 τῶν
575 2499 675 2534 τειχῶν
693 2499 814 2530 στάσεως
828 2498 873 2525 διὰ

82 2548 137 2575 τῶν
152 2548 308 2582 ἀφιεμένων
326 2546 424 2582 βελῶν,
441 2547 488 2573 καὶ
505 2546 587 2572 παντὶ
608 2546 785 2580 μηχανήματι
803 2544 871 2578 πρὸς

82 2595 114 2621 τὸ
129 2593 270 2628 κρατῆσαι
288 2592 441 2628 κεχρῆσθαι
463 2592 514 2625 τῆς
533 2592 647 2623 πόλεως.
667 2591 698 2618 '0
715 2590 742 2617 δὲ
767 2589 871 2617 τούτων

83 2640 134 2674 μὲν
148 2639 249 2671 ιδειξεν
265 2639 352 2670 οὐδὲν,
367 2638 465 2674 μικρὸν
479 2637 501 2664 δ’
515 2638 656 2673 ἡσυχάσας
672 2636 719 2663 καὶ
731 2637 780 2671 τὴν
792 2636 870 2663 πόλιν

83 2686 180 2720 κύκλῳ
197 2684 434 2720 περιϐλεψάμενος
450 2684 578 2720 κήρυκας
597 2683 644 2710 καὶ
664 2680 742 2714 αὖθις
755 2682 870 2717 ἐξέπεμ-

81 2731 144 2766 ψεν,
161 2730 321 2766 ἐλευθερίαν
336 2730 403 2766 ἡμῖν
417 2730 634 2764 ὑπισχνούμενος
650 2729 698 2755 καὶ
712 2728 868 2763 φιλοτιμίας

84 2778 193 2812 ἑτέρας,
208 2778 265 2809 τοῖς
278 2777 345 2812 παρ’
358 2777 450 2809 αὐτοῖς
474 2776 554 2802 ταυτὶ
570 2775 750 2810 πιστούμενος
765 2775 868 2810 ὅρκοις,

83 2824 109 2849 εί
124 2823 175 2859 τὴν
192 2823 270 2850 πόλιν
287 2822 442 2859 προώμεθα
455 2823 511 2855 τοῖς
528 2821 625 2850 τούτου
640 2821 730 2855 λόγοις
745 2821 870 2849 πεισθέν-

919 2182 1042 2204 nostram
1062 2177 1296 2212 exspectationem
1314 2177 1435 2206 Murates
1464 2180 1633 2214 exsequitur.
1650 2180 1705 2209 Nos

919 2222 991 2250 enim
1010 2229 1107 2250 omnes
1124 2221 1343 2257 suspicabamur,
1370 2229 1476 2251 tantam
1493 2225 1632 2260 copiarum
1650 2234 1706 2254 nio-

920 2267 973 2294 letn
994 2271 1021 2295 et
1043 2266 1245 2301 machinarum,
1278 2270 1345 2301 Quae
1367 2268 1515 2296 multitudo
1539 2270 1704 2298 camelorum
1732 2284 1734 2287 -

919 2319 1079 2342 etcurruum
1090 2314 1211 2350 quotidie
1219 2314 1382 2346 advehebat.
1393 2315 1554 2350 conspicati,
1564 2317 1652 2351 primo
1663 2317 1706 2344 sui

919 2360 1032 2396 appulsu
1049 2360 1172 2388 furenter
1189 2360 1287 2387 iratum
1315 2368 1411 2389 muros
1425 2361 1623 2397 appetitumm,
1640 2370 1705 2391 eos-

920 2414 972 2442 que
996 2405 1113 2441 lapidum
1139 2405 1294 2434 manut'acto
1323 2407 1424 2434 tonitru
1456 2408 1709 2447 diverberaturum,

922 2460 972 2480 uec
993 2460 1048 2480 non
1073 2457 1101 2479 et
1123 2459 1204 2487 supra
1222 2460 1316 2480 muros
1335 2458 1442 2481 stantes
1460 2455 1564 2489 sagittis
1580 2455 1707 2489 impulsis

922 2499 1099 2532 dimoturum,
1123 2498 1322 2533 machinasque
1338 2506 1435 2527 omnes
1458 2500 1493 2528 ad
1511 2501 1606 2529 urbem
1632 2504 1707 2530 exci-

923 2545 1039 2573 dendam
1056 2549 1262 2580 usurpaturum.
1277 2545 1378 2573 Verum
1398 2545 1442 2574 hic
1462 2547 1500 2574 nil
1525 2548 1577 2576 tale
1592 2552 1708 2577 conatus

922 2597 973 2624 est,
994 2590 1042 2619 sed
1059 2599 1155 2626 parum
1178 2595 1374 2626 percunctatus
1394 2601 1534 2628 praecones
1550 2602 1644 2623 rursus
1661 2596 1708 2623 de-

923 2637 1022 2670 cernit,
1041 2637 1086 2672 qui
1099 2637 1178 2665 nobis
1193 2636 1348 2664 libertatem
1365 2639 1571 2674 paciscerentur
1586 2640 1708 2676 aliosque

922 2683 1040 2711 honores
1051 2682 1240 2718 jurejurando,
1256 2688 1285 2710 ut
1301 2685 1372 2718 apud
1385 2685 1459 2720 ipsos
1473 2686 1531 2713 ﬁeri
1549 2691 1634 2720 amat,
1651 2687 1705 2723 pol.

922 2729 1080 2761 licerentur,
1097 2729 1119 2756 si
1135 2729 1308 2757 sermonibus
1325 2729 1399 2759 illius
1418 2732 1493 2761 suasi
1512 2732 1606 2760 urbem
1625 2733 1706 2762 dede-

923 2782 1036 2802 reuius:
1059 2774 1101 2802 his
1128 2775 1265 2802 contraria
1282 2775 1426 2811 suhdehat,
1449 2779 1587 2814 multaque
1606 2779 1697 2814 pejora

923 2822 946 2850 si
964 2822 1031 2849 tutis
1046 2821 1105 2849 suis
1119 2829 1174 2849 non
1189 2822 1447 2852 ohsccundaremus.

84 2878 143 2902 τες,
167 2870 216 2898 καὶ
239 2870 369 2898 τάναντία
399 2869 482 2897 πάλιν
509 2868 601 2897 αὐτῶν
628 2868 794 2905 προσετίθει,
824 2869 872 2896 καὶ
891 2869 1071 2904 χαλεπώτερα
1109 2868 1222 2903 τούτων,
1253 2869 1277 2895 εί
1299 2869 1336 2903 μὴ
1360 2871 1536 2903 καταπειθεῖς
1575 2873 1602 2899 ὶν
1623 2872 1706 2903 τούτο

86 2925 192 2952 xcv"...
