1933 3075
166 159 219 196 607

768 164 931 196 JOANNIS
945 165 1186 197 ANAGNOST/E

1735 169 1791 201 6W

166 221 238 252 λίθος
255 221 318 248 ἄνευ
334 221 436 249 σκοποῦ
453 221 600 258 ἀφιέμενος
619 224 651 250 ἐκ
677 223 768 258 χειρὸς
793 224 949 260 ναρκώσης,
966 224 1014 250 τοῦ
1032 224 1189 259 πέμποντος
1224 225 1273 260 οὐχ
1303 225 1370 260 mw
1396 225 1548 261 δυναμένου
1570 225 1637 260 πρὸς
1660 225 1721 252 τίνα
1743 227 1789 252 καὶ

166 269 204 303 πῆ
221 268 316 295 τοῦτον
340 269 435 304 ἀφίησι
451 278 458 303 ;

203 315 258 342 Iiuc
277 321 389 350 propter
404 316 527 344 hostibus
543 318 629 345 modis
641 319 765 345 Omnibus
782 324 892 346 strenue
917 326 947 346 se

1035 318 1129 353 Ταύτῃ
1143 327 1184 344 τοι
1210 316 1257 344 οὖν
1272 318 1327 347 τῶν
1345 317 1484 351 πολεμίων
1512 318 1556 345 διὰ
1575 319 1685 346 πάντων
1713 320 1785 354 ίσχυ-

166 362 320 396 gcrentibtts
331 366 359 389 ct
376 370 490 397 pugnam
507 363 648 398 diligenter
663 366 900 399 prosequentibus.
923 370 950 392 et

168 409 246 435 nobis
263 409 387 436 omnibus
404 408 563 437 discrimine
589 416 717 445 metuque
742 413 898 447 prostratis,
923 417 951 441 et

168 454 228 480 aliis
244 454 313 481 bello
331 455 409 481 liuent
427 455 575 488 positurtttn
590 457 720 484 Moralem
739 459 949 492 suspicantibus,

168 500 230 527 aliis
246 504 365 527 nostrum
381 502 516 528 excidium
533 503 755 535 exspectantibus
771 504 948 531 contenden-

170 546 294 580 tibusque
312 554 435 580 prorsum
463 548 559 574 urbem
584 549 744 583 capiendam
786 558 858 577 esse.
901 549 947 578 Sic

170 592 250 619 rebus
269 599 297 619 se
314 592 488 626 habentibus,
503 599 530 621 et
547 595 623 621 ttobis
638 597 804 628 perturbatis
819 601 845 624 et
882 597 950 624 insi-

168 639 256 669 gnitrr
273 637 402 669 confusis,
415 646 474 665 ctttn
495 640 593 673 partim
622 648 718 675 pugnm
750 641 950 676 incumberent,

168 683 264 715 partim
293 689 431 718 lorpentes
455 691 621 719 cessassent,
662 689 760 721 partim
787 688 950 722 Sagittarum

167 728 267 755 ictibus
285 734 397 756 mortem
418 731 609 765 oppetiissent,
624 733 722 767 partim
740 742 755 761 e
780 736 865 761 muris
888 735 950 769 fuga

169 782 228 800 sese
242 776 435 808 surripuisseut
450 778 634 812 continuoque
650 780 833 814 surriperent,
853 782 952 809 timore

168 819 288 847 statimne
305 820 409 854 relicta;
425 822 545 850 noudttm
556 824 645 858 qttarti
663 825 715 852 diei
730 825 797 853 ltora
813 828 954 860 praiterie-

168 871 210 892 rat
223 867 314 899 tertia.
333 871 362 895 et
389 869 453 896 urbs
469 869 503 896 ab
521 869 656 905 hostibus,
675 872 726 899 heu
747 873 754 899 l
773 873 824 901 hoc
845 874 954 909 capitur

167 912 257 940 modo.
372 911 373 914 “

204 1057 246 1084 l3.
263 1057 329 1086 Cum
349 1060 375 1087 in
393 1061 474 1090 multa
491 1062 550 1091 loca
566 1064 654 1093 scalas
679 1066 873 1102 adduxissent,
901 1077 952 1098 nec

167 1109 278 1137 possent
294 1112 340 1133 eas
354 1106 452 1135 alicubi
482 1116 560 1138 mttro
591 1112 749 1146 appiugere,
764 1121 779 1140 ο
811 1115 952 1148 superiore

167 1155 245 1184 parte
260 1151 362 1186 dcpttlsi
377 1153 490 1189 ideoque
504 1161 576 1183 metu
593 1160 715 1192 oppressi
734 1159 820 1187 labori
849 1168 951 1188 renun-

168 1195 268 1223 tiarunt
284 1207 290 1224 ε
308 1198 404 1226 alicubi
433 1200 644 1230 aflixarumcum
679 1206 825 1232 nmmuilos
851 1207 952 1241 gradus

167 1241 364 1274 ascendissent,
375 1251 427 1271 nott
440 1251 552 1279 potuere
562 1246 665 1275 facinus
674 1249 826 1283 absolvere,
839 1252 951 1284 quibus-

168 1285 229 1312 dam
241 1288 302 1315 aliis
317 1289 528 1319 auituosioribus
545 1293 570 1319 in
587 1293 639 1320 illis
656 1295 780 1327 partibus
796 1297 952 1325 consisten—

169 1332 251 1362 tibus.
267 1339 291 1360 et
306 1335 381 1362 saxis
396 1341 478 1371 atque
494 1338 628 1372 lapidibus
639 1347 701 1367 cum
721 1340 787 1375 ipsis
813 1342 894 1370 scalis
907 1344 953 1371 de-

166 1377 324 1412 jicientibus
337 1386 364 1408 et
379 1381 621 1411 internecantibus.
631 1384 699 1412 Cum
713 1386 803 1422 itaque
819 1387 877 1416 haec
890 1396 954 1416 suc-

168 1424 298 1451 cederent
312 1433 338 1453 et
353 1426 389 1454 illi
404 1428 508 1456 insania
526 1430 597 1464 pleui
614 1431 748 1463 furerent,
779 1441 833 1461 non
850 1436 954 1463 medio-

168 1476 242 1496 crettt
255 1470 393 1498 infamiam
411 1473 462 1500 sibi
481 1474 594 1510 irrogari
612 1477 662 1503 rati
679 1477 703 1505 si
720 1478 863 1506 victoriam
899 1489 951 1508 non

170 1519 365 1547 reportassent.
380 1516 514 1546 curiosius
532 1519 739 1556 ittvestigautes,
761 1524 865 1552 scalam
893 1525 954 1553 Tri-

168 1560 247 1592 gouio
258 1561 403 1595 applicant,
415 1563 492 1598 cujus
506 1566 619 1601 angulus
632 1573 692 1596 erat
706 1577 738 1596 ex
748 1570 831 1601 turri,
846 1579 895 1598 ttec
906 1579 954 1605 po-

168 1609 374 1635 teralascensus
389 1609 524 1645 impediri,
534 1613 705 1647 pothsimnut
720 1623 780 1643 cum
795 1617 951 1646 hominibus

1004 363 1058 398 ρῶν
1086 363 1278 397 δεικνυμένων,
1293 363 1341 390 τοῦ
1370 363 1490 399 πολέμου
1515 372 1544 390 τε
1567 364 1700 399 μηδαμῶς
1721 365 1788 399 ἀμε-

1002 408 1130 440 λούντων,
1149 410 1196 437 καὶ
1213 410 1323 436 πάντων
1347 410 1426 444 ἡμῶν
1448 410 1478 436 ὲν
1494 411 1606 445 ταράχῳ
1630 410 1721 445 πολλῷ
1743 412 1791 437 καὶ

1003 453 1079 488 φόϐῳ
1095 453 1319 488 καθεστηκότων,
1339 455 1385 480 καὶ
1405 453 1461 480 τῶν
1481 453 1530 489 μὲν
1556 454 1714 481 παύσασθαι
1742 456 1793 481 τοῦ

1003 499 1130 534 πολεμεῖν
1147 499 1193 525 τὸν
1207 500 1356 536 Μουράτην
1380 500 1579 533 ὑπονοούντων,
1603 500 1657 526 τῶν
1682 501 1711 527 δὲ
1742 502 1791 535 τὴν

1001 545 1141 580 ἡμετέραν
1155 545 1294 572 ἀπώλειαν
1311 545 1539 580 προσδοκώντων,
1557 546 1604 572 καὶ
1623 546 1792 581 διατεινομέ-

1003 599 1056 617 νων
1075 590 1112 626 μὴ
1126 590 1158 617 ἂν
1176 590 1263 622 ἄλλως
1290 591 1416 624 γενέσθαι
1433 591 1450 626 ἢ
1472 591 1521 626 τὴν
1537 591 1614 617 πόλιν
1640 591 1753 623 ἁλῶναι,
1780 607 1791 611 -

1003 637 1090 668 οὕτως
1103 634 1150 664 οὖν
1167 636 1221 663 τῶν
1235 637 1593 672 πραγμάτωνδιακειμένων
1618 638 1665 664 καὶ
1689 638 1792 671 πολλῆς

1003 683 1031 709 ἐν
1044 684 1111 717 ἡμῖν
1130 683 1289 718 συγχύσεως
1303 683 1397 718 οὔσης.
1413 684 1469 710 τῶν
1495 683 1545 718 μὲν
1570 684 1640 718 πρὸς
1657 683 1686 710 τὺ
1712 686 1792 709 πολε-

1004 729 1066 763 μεῖν
1083 729 1146 760 ἴσως
1158 729 1377 764 ἀσχολουμένων,
1399 728 1452 756 τῶν
1466 729 1494 755 δὲ
1523 729 1790 764 καταναρκωοέντων

1003 774 1141 806 καθάπαξ,
1158 775 1258 809 ἑτέρων
1268 775 1296 801 δὲ
1312 776 1369 806 τοῖς
1381 776 1435 802 ἀπο
1449 775 1504 802 τῶν
1519 775 1604 810 βελῶν
1635 777 1792 810 τραύμασιν

1004 819 1238 854 ὲναποθανόντων,
1263 821 1342 848 ἐνίων
1357 821 1385 847 δὲ
1409 822 1456 847 καὶ
1479 822 1634 855 φευγόντων
1654 822 1707 847 ἀπο
1738 823 1793 848 τῶν

1003 866 1111 901 τειχῶν,
1131 868 1230 900 μηκέτι
1248 868 1341 902 μένειν
1357 868 1448 894 ἐκεῖσε
1474 865 1632 901 δυναμένων
1663 868 1716 893 ὑπὸ
1745 870 1793 894 τοῦ

1004 912 1091 944 δέους.
1123 913 1195 940 οὕτω
1223 913 1272 948 τῆς
1299 914 1433 949 τετάρτης
1457 915 1473 949 ἡ
1501 914 1578 949 τρίτη
1604 914 1793 949 παρελήλυθεν

1005 956 1073 993 ὥρα,
1088 959 1136 985 καὶ
1151 960 1167 994 ἡ
1183 959 1262 990 πόλις
1276 959 1327 994 φεῦ
1342 961 1349 987 l
1362 960 1438 994 παρὰ
1453 960 1509 986 τῶν
1532 960 1670 995 πολεμίων
1699 961 1793 987 τοῦτον

967 993 989 1021 Β
1003 1004 1075 1031 ἑάλω
1093 1005 1138 1031 τὸν
1162 993 1279 1041 τρόπον.

1041 1050 1085 1085 ιγ’.
1101 1051 1145 1082 Ὠς
1156 1052 1196 1083 είς
1212 1052 1298 1079 πολλὰ
1312 1052 1362 1084 τὰς
1376 1052 1515 1088 κλίμακας
1543 1050 1614 1088 ἦσαν
1628 1055 1793 1089 κομίσαντες

1005 1096 1086 1131 μέρη,
1100 1097 1148 1123 καὶ
1161 1099 1198 1133 πῇ
1214 1098 1322 1132 ἐγγίσαι
1337 1098 1376 1133 τῷ
1402 1099 1487 1134 τείχει
1509 1098 1609 1129 ταύτας
1634 1100 1684 1126 οὐκ
1703 1100 1792 1135 ἔσχον,

1002 1142 1188 1168 ἁπωθούντων
1205 1142 1260 1169 τῶν
1276 1143 1342 1176 ἄνω,
1363 1144 1459 1179 μέχρις
1478 1141 1508 1170 οὒ
1526 1144 1714 1183 κατενάρκησε
1731 1146 1794 1171 τού-

1002 1196 1066 1219 τους
1078 1189 1092 1214 ὸ
1115 1187 1207 1221 φόσος,
1224 1188 1262 1223 πῆ
1278 1189 1306 1214 δὲ
1322 1188 1414 1221 θέντες
1439 1190 1485 1215 καί
1502 1198 1579 1221 τινας
1595 1190 1794 1224 ἀναδεσηκότες

1004 1233 1137 1268 βαθμίδας
1158 1234 1208 1261 οὐκ
1228 1234 1342 1270 ἴσχυσαν
1364 1235 1393 1261 τὸ
1422 1236 1576 1272 ἐγχείρημα
1603 1239 1792 1272 συμπερᾶναι,

1003 1282 1084 1308 τινῶν
1100 1282 1233 1317 εὐψυχίαν
1262 1283 1332 1318 ὑπὲρ
1363 1284 1427 1314 τοὺς
1457 1284 1555 1315 ἄλλους
1586 1287 1736 1321 κτωμένων
1762 1288 1792 1314 ἐν

1003 1327 1119 1359 ἐκείνοις
1130 1330 1184 1359 τοῖς
1201 1329 1313 1364 μέρεσιν
1323 1329 1498 1364 εὑρεθέντων,
1511 1331 1557 1358 καὶ
1566 1331 1649 1362 λίθοις
1670 1333 1792 1367 χερμάσι

1004 1374 1253 1410 καταῦεόληκότων
1273 1376 1331 1411 ἃμα
1360 1378 1420 1408 ταῖς
1450 1377 1563 1412 κλίμαξι
1592 1378 1714 1412 τούτους,
1746 1381 1794 1407 καὶ

1003 1419 1117 1453 πολλοὺς
1132 1422 1162 1448 τὸ
1174 1420 1224 1456 ζῇν
1244 1422 1451 1457 ἐζημιωκότων,
1467 1437 1494 1443 --
1507 1424 1545 1456 ὡς
1558 1424 1605 1451 οὖν
1619 1424 1691 1451 οὕτω
1704 1426 1792 1452 ταῦτα

1003 1467 1118 1502 γένοιτο,
1135 1468 1184 1494 καὶ
1198 1468 1313 1503 πλήρεις
1327 1466 1399 1504 ἦσαν
1425 1469 1525 1496 ἐκεῖνοι
1552 1470 1640 1505 θυμοῦ
1657 1471 1666 1506 (
1681 1471 1718 1506 μὴ
1743 1472 1794 1499 οὐκ

1002 1514 1097 1550 ὀλίγην
1122 1515 1239 1550 ἡγοῦντο
1253 1516 1305 1550 γὰρ
1327 1516 1458 1551 ὀφλήσειν
1488 1517 1621 1552 αίσχύνην
1648 1518 1795 1553 ἡττημένοι

1003 1562 1134 1595 φανέντες
1149 1562 1170 1596 ),
1198 1563 1410 1598 περιεργότερον
1435 1565 1644 1598 στοχασάμενοι,
1670 1567 1716 1591 καὶ
1740 1565 1794 1591 τῶν

1003 1608 1146 1642 κλιμάκων
1162 1608 1225 1643 μίαν
1241 1608 1351 1635 κατὰτὸ
1366 1609 1518 1644 Τριγώνιον
1536 1609 1639 1642 θέντες,
1654 1607 1684 1637 οὗ
1704 1612 1792 1645 γωνία

168 1660 278 1686 prorsus
295 1655 467 1688 riduaretnr;
484 1659 620 1694 pedesque
640 1661 771 1689 audacior
783 1663 857 1695 aliis,
885 1672 949 1693 ense

1006 1661 1044 1685 τις
1056 1651 1089 1688 ἢν
1104 1655 1136 1680 ὲκ
1157 1654 1274 1689 πύργου,
1290 1655 1337 1681 καὶ
1369 1654 1418 1682 οὐκ
1437 1651 1512 1690 εἶχεν
1538 1655 1599 1682 ὅθεν
1622 1656 1655 1683 ἄν
1678 1666 1718 1686 τις
1745 1658 1795 1692 τῆς

168 1697 296 1725 dentibus
310 1704 411 1733 rarpto,
427 1700 540 1737 vitaeque
555 1708 667 1733 mortem
677 1713 849 1740 praeponens,
863 1708 950 1736 solum

168 1748 198 1769 ut
212 1742 381 1773 fortitudinis
413 1746 513 1774 famam
539 1749 592 1776 sibi
625 1757 809 1786 compararet,
841 1754 951 1781 fidentia

168 1790 247 1824 qitam
267 1792 383 1819 maxima
402 1801 509 1821 murum
526 1796 658 1828 ascendit,
676 1798 785 1826 nemine
802 1799 826 1825 id
843 1807 953 1834 perseu—

169 1838 252 1864 tieute
269 1838 379 1869 civium.
396 1840 461 1874 quin
473 1841 533 1868 aliis
548 1841 576 1869 in
589 1842 656 1870 locis
667 1844 794 1872 hostibus
806 1853 951 1873 ascensum

168 1883 359 1918 prohibebant.
373 1885 398 1912 is
413 1885 502 1913 Latini
522 1888 592 1915 inter
605 1891 811 1926 propugnacula
831 1893 951 1920 confossi

169 1929 325 1957 vulneribus
339 1935 366 1957 et
383 1937 535 1960 extremum
553 1934 684 1969 spirantis
704 1943 786 1972 caput
801 1938 952 1967 abscissum

170 1975 243 2002 inter
253 1977 430 2010 couliigentcs
441 1979 565 2014 projccit.
592 1981 709 2010 innuens
721 1990 750 2010 se
765 1985 851 2019 partis
881 1986 953 2014 illitts

169 2022 295 2055 potitum,
311 2028 338 2050 et
350 2023 465 2052 desertis
484 2026 569 2053 muris
583 2027 663 2061 plane
679 2036 775 2057 omnes
806 2030 833 2058 in
858 2031 951 2066 fugam

169 2076 231 2096 sese
247 2070 349 2097 reditus
362 2071 535 2101 immemores
550 2074 708 2108 conjecisse.
730 2075 807 2104 Diem
825 2083 881 2105 tum
891 2087 956 2113 ape-

169 2115 258 2144 rit-bat
286 2118 386 2145 mensis
402 2119 515 2147 Martius
543 2126 680 2150 nonumet
708 2123 866 2152 vicesimum
890 2126 954 2153 anui

170 2162 240 2189 6958
257 2163 368 2198 (Christi
386 2164 477 2200 H30).
490 2166 580 2199 Quare
598 2167 642 2195 ille
657 2169 764 2203 pedites
792 2178 889 2199 omnes
906 2172 955 2199 atl-

171 2208 296 2242 hortans,
323 2214 350 2237 et
373 2211 535 2240 destitutum
563 2220 578 2239 a
597 2214 786 2243 defensoribus
803 2216 891 2243 locutu
917 2217 955 2245 si-

170 2257 312 2289 gniﬁcans,
334 2263 362 2284 ut
378 2258 450 2285 illico
472 2260 653 2288 ascenderem
685 2261 899 2296 clamare.-llli,
926 2269 955 2292 ut

171 2308 303 2336 poterant.
316 2304 406 2331 subito
420 2305 501 2333 scalis
518 2306 654 2335 universis
665 2308 782 2336 admotis
798 2309 955 2344 frequentes

1005 1700 1100 1726 ἀνόδου
1113 1700 1234 1727 κωλύσαι
1245 1700 1290 1727 τὸν
1300 1701 1492 1735 ἀναϐαίνοντα,
1510 1702 1559 1728 καὶ
1573 1702 1658 1738 πολλὴ
1684 1712 1726 1735 τις
1739 1704 1795 1730 τῶν

1005 1747 1158 1781 ἀνθρώπων
1180 1747 1330 1782 ἐτύγχανεν
1356 1747 1470 1782 ἐρημία,
1500 1747 1604 1782 τόλμην
1622 1749 1711 1784 ψυχῆς
1740 1750 1794 1776 τῶν

1007 1792 1094 1820 ἄλλων
1111 1801 1153 1824 τις
1180 1793 1272 1825 πεζῶν
1298 1793 1499 1828 ἐνδειξάμενος,
1527 1794 1557 1820 τὸ
1577 1794 1653 1828 ξίφος
1674 1795 1796 1822 ἐνδακὼν

1007 1841 1060 1870 τοῖς
1073 1839 1162 1866 ὀδοῦσι
1175 1839 1221 1867 καὶ
1235 1840 1265 1866 τὺ
1285 1840 1377 1867 θανεῖν
1389 1840 1580 1875 ἁνϐῃρημένος
1595 1840 1643 1867 τοῦ
1669 1841 1730 1876 ζῇν,
1751 1842 1795 1867 ἵνα

1009 1885 1091 1921 μόνον
1104 1885 1230 1922 ἀνδρείας
1244 1886 1324 1918 δόξαν
1347 1886 1506 1921 κομίσηται,
1525 1886 1585 1921 μεθ’
1612 1887 1676 1921 ὅσης
1702 1889 1734 1914 ἂν
1754 1896 1796 1918 τις

1008 1933 1080 1958 εἴποι
1102 1932 1152 1968 τῆς
1181 1931 1326 1965 εὐτολμίας
1353 1931 1383 1958 τὸ
1409 1933 1497 1966 τεῖχος
1520 1932 1697 1967 ἀναῦεὸήκει,
1733 1933 1795 1967 μηδ’

1007 1978 1163 2005 οὑτινοσοῦν
1187 1978 1353 2012 αίνῖθομένου
1370 1977 1424 2004 τῶν
1453 1977 1537 2009 ἔνδον,
1570 1979 1618 2005 καὶ
1642 1979 1703 2005 κατ’
1732 1979 1796 2005 ἄλλο

1008 2025 1092 2061 μέρος
1105 2025 1158 2052 τῶν
1174 2025 1305 2052 ἐναντίων
1321 2024 1476 2060 τηρούντων
1493 2024 1544 2059 τὴν
1565 2023 1667 2052 ἄνοδον.
1682 2025 1820 2062 Λατῖνον..

1008 2072 1054 2099 οὖν
1063 2072 1142 2104 εὐθὺς
1155 2073 1184 2098 ὲν
1199 2073 1259 2104 ταῖς
1274 2071 1475 2109 πυργοὸάρεσιν
1504 2070 1630 2106 εὑρηκὼς
1654 2072 1792 2106 τετρωμὲ-

1008 2128 1053 2147 νον
1076 2119 1189 2153 έναγγος
1208 2118 1256 2153 καὶ
1279 2119 1313 2144 τὰ
1341 2117 1446 2144 λοίσθια
1471 2117 1594 2149 πνέοντα,
1624 2119 1718 2143 τούτου
1743 2117 1791 2152 τὴν

1008 2164 1130 2200 κεφαλὴν
1145 2164 1271 2200 ἐκτεμὼν
1285 2163 1339 2190 τῶν
1355 2162 1544 2197 πολεμούντων
1562 2163 1601 2193 εἰς
1636 2163 1719 2196 μέσον
1741 2171 1792 2189 κει-
1810 2163 1818 2175 '

1007 2211 1130 2247 τέρριψε,
1144 2211 1233 2244 δείξας
1247 2211 1319 2240 ὅπως
1337 2218 1367 2235 τε
1382 2208 1428 2235 τοῦ
1448 2209 1547 2244 μέρους
1574 2208 1679 2235 ἐκείνου
1693 2210 1815 2243 κωφὰ-ι

1007 2266 1074 2293 τηκε
1097 2257 1144 2283 καὶ
1157 2258 1194 2288 ὼς
1211 2258 1244 2283 τὰ
1269 2257 1347 2290 τείχη
1373 2255 1473 2285 πάντες
1496 2254 1674 2285 ἀπολιπόντες
1696 2254 1799 2297 ᾤχοντο

1009 2305 1223 2340 ἀμεταστρεπτί.
1247 2303 1376 2338 Ἐννάτην
1391 2301 1442 2338 ἦγε
1451 2303 1498 2329 καὶ
1508 2303 1634 2337 εἰκοστὴν
1650 2303 1663 2328 ὁ
1674 2303 1799 2337 Μάρτιος

170 2352 328 2382 aSreodere.
344 2351 461 2378 clamore
477 2354 626 2387 etstrcpitu
644 2354 690 2389 qui
706 2355 840 2390 tympanis
878 2357 952 2384 corio

1007 2354 1080 2385 τότε,
1097 2352 1156 2382 ἔτος
1177 2351 1205 2377 δὲ
1223 2349 1385 2386 τριακοστὸν
1402 2349 1496 2384 ὃγδοον
1519 2348 1587 2384 πρὸς
1614 2348 1654 2382 τῷ
1687 2348 1799 2380 ἑξακισ-

170 2395 300 2423 t-out’cctis
318 2395 427 2423 elicitur
439 2405 447 2429 ;
459 2395 510 2424 hoc
523 2397 592 2424 idetn
613 2398 686 2424 enim
700 2398 772 2426 inter
797 2398 953 2427 bellandum

171 2442 288 2468 tnaxiute
301 2443 405 2470 animos
420 2444 552 2471 concutit.
571 2443 647 2471 Multi
662 2443 746 2471 etiam
763 2448 865 2473 temere
899 2452 955 2472 au-

171 2489 318 2523 dacterque
332 2490 454 2516 manibus
466 2490 613 2524 etgenibus
627 2496 746 2526 reptare,
762 2491 838 2526 gravi
862 2491 951 2518 aliena

170 2536 222 2563 sibi
236 2537 410 2572 comparandi
428 2536 473 2563 siti
485 2544 628 2570 succensa,
638 2541 666 2564 et
680 2545 730 2572 per
746 2537 954 2572 propugnacula

171 2581 244 2609 intro
259 2589 320 2609 sese
335 2583 454 2610 mittere.
467 2583 565 2611 Verum
578 2584 678 2618 quibus
689 2593 738 2620 per
756 2586 844 2613 scalas
857 2593 956 2614 ascen-

171 2635 217 2655 sus
234 2635 287 2656 ton
307 2629 527 2662 permittebatur,
554 2638 603 2665 per
637 2639 776 2660 taurorum
807 2632 955 2664 foramina.

172 2683 232 2709 qua
244 2676 328 2703 multa
341 2675 501 2709 cﬂ'oderant,
516 2679 542 2704 in
562 2677 655 2705 urbani
673 2678 782 2706 solliciti
799 2679 955 2713 immigrarc

173 2719 244 2746 alius
259 2720 341 2748 alium
353 2722 434 2749 celeri
450 2730 531 2750 cursu
544 2723 669 2750 etcitatis
686 2724 813 2758 passibus
825 2731 955 2759 superate

173 2767 350 2800 contendens,
370 2768 493 2795 manibus
510 2777 589 2796 enses
621 2769 751 2800 ferentes,
767 2775 794 2797 et
811 2771 888 2805 quasi
905 2770 956 2798 de-

173 2818 312 2840 certantes
326 2814 388 2848 quis
402 2815 474 2848 prior
489 2815 551 2843 aliis
566 2815 593 2842 itt
615 2815 735 2844 habitata
748 2817 824 2844 urbis
839 2817 897 2843 ioca
929 2821 957 2844 et

174 2866 251 2885 oram
270 2859 435 2885 maritimam
453 2865 621 2893 procurrch
642 2869 648 2887 :
680 2868 714 2887 eo
727 2861 798 2887 enim
823 2862 956 2894 potiorem

176 2905 274 2933 civium
294 2911 410 2937 partem,
429 2909 456 2932 ct
471 2906 586 2934 maxime
600 2905 720 2939 Latinws,
738 2912 847 2940 propter
878 2909 958 2936 trire-

1009 2398 1136 2433 χιλιοστῷ
1161 2394 1360 2431 ἐννακοτιοστῷ
1388 2395 1551 2429 ἐνειστήκει.
1579 2394 1798 2430 Παραθαρρύνις

1007 2445 1097 2472 τοίνυν
1117 2443 1220 2474 ἐκεῖνος
1244 2442 1347 2473 πάντας
1369 2441 1466 2473 πεζοὺς
1489 2441 1520 2467 τὺ
1543 2440 1623 2475 τάχος
1638 2448 1667 2466 τε
1694 2440 1798 2466 ἀνιέναι

1009 2490 1074 2516 ὲῦόα
1084 2489 1131 2515 καὶ
1142 2489 1191 2523 τὴν
1208 2488 1329 2522 ἐρημίαν
1343 2486 1449 2522 ἐδήλου.
1469 2486 1500 2512 Ol
1515 2485 1538 2511 δ’
1559 2485 1596 2516 ὡς
1610 2482 1682 2519 εἶχον
1707 2485 1798 2515 πάσαις

1010 2537 1180 2571 παραχρῆμα
1208 2534 1347 2569 κλίμακας
1384 2532 1486 2566 θέντες,
1517 2532 1608 2566 συχνοὶ
1646 2531 1680 2557 δι’
1707 2531 1800 2556 αὐτῶν

1009 2582 1165 2609 ἀναϐαίνειν
1176 2581 1320 2616 ἠπείγοντο
1338 2579 1386 2606 σὺν
1403 2578 1451 2613 βοῇ
1471 2578 1518 2605 καὶ
1529 2577 1568 2612 τῷ
1586 2577 1639 2603 τῶν
1667 2575 1721 2603 ἀπὸ
1737 2576 1800 2612 δέῤ-

1011 2631 1061 2665 ρης
1075 2629 1224 2664 τυμπάνων
1236 2627 1294 2662 ήχῳ
1308 2635 1316 2642 ·
1339 2626 1417 2660 φέρει
1441 2624 1495 2659 γὰρ
1516 2624 1562 2650 καὶ
1587 2622 1666 2649 τοῦτο
1695 2622 1798 2656 πολλήν

1010 2685 1070 2702 τινα
1085 2676 1177 2707 ἐντοῖς
1187 2673 1316 2708 πολέμοις
1336 2672 1385 2706 τὴν
1399 2670 1539 2704 ἔκπληξιν.
1560 2669 1658 2696 Πολλοὶ
1669 2669 1695 2694 δὲ
1710 2677 1799 2702 παρα-

1010 2722 1094 2752 ϐόλως
1118 2721 1164 2746 καὶ
1195 2717 1395 2754 ἀναῤῥιχᾶσθαι
1430 2716 1623 2752 παρωρμῶντο
1647 2714 1799 2750 προθύμως

1011 2769 1054 2795 διὰ
1070 2767 1170 2802 πολλὴν
1181 2766 1226 2792 τοῦ
1236 2765 1348 2800 κέρδους
1361 2763 1519 2795 ἐπιθυμίαν,
1538 2762 1585 2790 καὶ
1601 2761 1644 2788 διὰ
1658 2762 1711 2787 τῶν
1728 2770 1800 2794 πυρ-

1013 2811 1352 2849 γοϐάρεωνέπειαπίπτειν
1373 2808 1550 2840 ἐσπούδαζον.
1570 2808 1647 2834 Ὅσοι
1676 2807 1725 2841 μὲν
1752 2806 1800 2833 οὖν

1012 2860 1147 2891 ἐδύναντο,
1162 2858 1236 2884 τόνδε
1248 2857 1293 2883 τὸν
1305 2856 1404 2891 τρόπον
1418 2854 1559 2882 ἀνέΰιινον
1571 2861 1577 2869 ⁸
1595 2850 1634 2884 οἷς
1661 2853 1683 2879 δ’
1698 2852 1748 2879 οὐκ
1765 2850 1799 2887 ἦν

1015 2905 1123 2938 amrin
1137 2904 1181 2932 διὰ
1193 2905 1245 2931 τῶν
1263 2903 1416 2939 κλιμάκων,
1436 2900 1478 2927 διὰ
1501 2899 1555 2927 τῶι
1570 2899 1733 2935 ὀρυγμάτων
1762 2895 1800 2926 ὧν
