1933 3075
205 140 258 172 687

820 140 983 171 GEORGII
1005 141 1221 172 I‘HRANTZ.’E

1772 144 1827 175 688

205 196 252 224 τοῦ
273 197 325 232 κὺρ
357 197 484 232 Ἰωάννην
510 196 669 224 καταλιπὼν
695 198 738 224 ἵνα
765 198 852 233 διοικῇ
868 198 913 224 καὶ
938 207 985 225 κυ-
1005 201 1028 228 Α
1042 200 1221 235 χωρουμένην
1236 200 1288 226 ὑπὸ
1306 200 1387 236 λιμοῦ
1401 200 1510 233 πολλοῦ,
1525 202 1625 236 ὁμοίως
1651 202 1697 227 καὶ
1712 202 1756 228 τῖν
1771 202 1823 234 τῆς

206 244 293 278 ϐερνᾷ
306 242 355 278 τὴν
371 243 450 269 πόλιν
468 243 516 270 καὶ
530 243 715 278 ἀντιμάχηται
731 245 788 275 τοῖς
815 244 957 277 ἐναντίοις,
974 244 988 270 ὁ
1008 257 1012 269 ι

205 289 234 315 δὲ
247 289 376 324 βασιλεὺς
391 289 441 323 τὴν
458 289 604 317 δέσποιναν
620 290 668 317 καὶ
682 291 796 324 σύζυγον
825 290 917 316 λαϐὼν
941 290 988 317 καὶ

206 334 246 365 εις
263 333 468 368 Πελοπόννησον
483 333 569 360 ἐλθὼν
591 334 619 360 ὲν
637 335 670 368 τῇ
704 334 816 369 Σπάρτῃ
839 334 922 367 ἔγγὺς
940 331 988 358 τοῦ

205 379 322 412 ἀδελφοῦ
337 379 391 414 κὺρ
403 379 542 414 Θεοδώρου
556 380 657 415 ταύτην
671 381 763 406 εἴασεν
773 388 779 396 '
796 382 810 406 ὁ
824 379 853 406 δὲ
870 381 899 406 ὲν
918 380 987 405 Ἰτα-

204 425 250 461 λίᾳ
266 426 363 452 ὁδεύει.
377 426 484 458 Φθάσας
501 426 547 453 οὖν
572 426 586 452 ό
607 426 734 462 βασιλεὺς
759 427 788 453 ὲν
809 426 918 462 Ἐνετίᾳ
936 427 986 453 κά-

205 471 294 496 κεῖθεν
310 470 378 505 πρὸς
400 470 446 496 τὸν
458 469 542 497 δοῦκα
557 470 731 498 Μεδιολάνων
748 469 836 497 ἐλθὼν
853 470 928 504 παρὰ
939 468 987 495 τοῦ

203 517 300 548 δουκὸς
321 516 389 551 μετά
404 517 489 552 τιμῆς
520 516 641 552 μεγάλης
667 517 714 544 καὶ
737 516 879 550 δαψιλείας
899 516 939 542 ἔτι
958 515 987 542 δὲ

204 563 250 588 καὶ
263 562 428 597 δορυφορίας
443 563 555 598 ἐδέχθη,
569 563 617 590 καὶ
632 563 735 595 ἵππους
751 563 798 590 καὶ
815 562 986 597 στρατιώτας

203 609 318 640 πολλοὺς
335 609 423 639 δὼσας
437 609 513 644 αὐτῷ
525 610 568 635 ἵνα
583 609 654 644 πρὸς
672 609 717 635 τὸν
742 611 815 644 ῥῆγα
842 609 986 644 ⁴πνραγκίας

202 654 277 689 ἔλθῃ,
287 654 524 689 ἐπαγγειλάμενος
541 655 555 681 ὁ
568 654 632 686 δοὺξ
647 654 687 689 τῷ
698 654 814 689 βασιλεῖ,
835 655 883 682 ἐὰν
901 654 948 681 καὶ
961 654 985 681 οι

200 701 289 734 ἕτεροι
306 700 529 735 ὁμοφρονήσωσι,
547 700 593 726 καὶ
619 701 703 732 αὐτὸς
720 702 734 727 ὁ
754 701 817 732 δοὺξ
847 700 919 731 ἰδίως
938 699 986 727 καὶ

201 747 362 780 αὐτομάτως
376 746 442 782 ἔλθῃ
461 747 508 773 καὶ
522 747 561 780 τῷ
589 746 695 782 βασιλεῖ
723 747 771 773 καὶ
786 748 820 782 τῇ
843 746 986 781 Ῥωμαίων

201 793 272 826 ἀρχῇ
291 792 414 828 βοηθήσῃ
429 793 475 819 καὶ
489 792 525 827 μὴ
553 793 622 828 ἐάσῃ
641 792 861 819 κινδυνεύουσαν.
884 791 985 818 Ἐλθὼν

204 838 251 864 οὖν
265 838 278 864 ό
292 838 420 872 βασιλεὺς
437 839 483 865 καὶ
504 838 573 873 πρὸς
588 839 636 864 τὴν
652 839 725 873 ῥῆγα
747 839 881 874 Φραγκῶν
904 834 984 873 εὗρεν

201 884 282 910 αὐτὸν
295 885 324 909 ἐν
335 884 461 919 ἀσθενείᾳ
477 884 617 920 βαρυτάτῃ
630 880 728 919 ἔχοντα
741 885 789 911 καὶ
809 885 862 918 ἔξω
876 884 984 918 φρενῶν

202 931 361 965 ὑπάρχοντα
374 937 381 944 '
397 931 444 956 καὶ
455 931 480 956 οι
498 930 647 963 σύμϐουλοι
666 929 748 957 αὐτοῦ
775 930 824 957 οὐκ
853 927 927 965 εἶχόν
957 939 983 957 τι

201 975 386 1010 ἀποκριθῆναι
399 975 485 1010 μόνοι.
509 974 540 1001 '0
561 975 610 1009 μὲν
629 974 757 1008 βασιλεὺς
776 974 918 1009 ἄπρακτος
936 974 984 1000 ἐπὶ

199 1021 250 1055 τὴν
267 1018 769 1053 Κωνσταντινούπολινὲπανέστρεψεν
778 1019 825 1046 ἐπὶ
831 1018 907 1051 ἔτους
920 1022 983 1054 ‘aue’

199 1066 385 1101 Σεπτεμϐρίου
403 1065 447 1100 ιγ’.
699 1063 702 1066 λ

236 1115 286 1145 ις’.
309 1113 353 1139 Ἐν
368 1113 455 1147 τούτῳ
475 1111 513 1147 τῷ
533 1112 588 1138 ἔτει
609 1114 623 1139 ὁ
644 1112 756 1147 ἀμηρᾶς
779 1110 982 1145 Μπαγιαζήτης

198 1160 269 1186 κατά
289 1159 339 1194 τῆς
359 1155 572 1193 Πελοποννήσου
603 1158 648 1185 τὸν
672 1158 912 1185 Γιακούπ-πασιᾶν
935 1157 983 1184 καὶ

197 1208 244 1233 τὸν
257 1206 399 1240 Βρενάζην
415 1206 518 1232 ἔστειλε
538 1206 608 1236 μετὰ
629 1205 747 1240 στρατοῦ
776 1204 904 1240 χιλιάδων
920 1212 984 1230 πεν-

198 1253 336 1286 τήιεοντα’
356 1252 404 1278 καὶ
419 1253 448 1278 ὲν
463 1251 503 1287 τῷ
516 1251 687 1287 ἀπέρχεσθαι
703 1251 757 1287 63
779 1251 889 1282 αὐτοὺς
900 1250 929 1277 ὲν
948 1250 981 1284 τῇ

197 1298 249 1333 ὁδῷ
266 1299 313 1325 καὶ
327 1298 402 1325 ἔνδον
416 1298 466 1332 τῆς
482 1298 690 1332 Πελοποννήσου
714 1297 869 1332 φθάσαντες
897 1295 983 1323 πολλὰ

199 1344 271 1370 κακὰ
285 1345 333 1370 καὶ
347 1344 423 1370 δεινὰ
435 1343 484 1370 καὶ
508 1343 746 1378 ἀνδραποδισμοὺς
775 1344 833 1374 τοῖς
847 1343 981 1377 Χριστια-

197 1392 252 1421 νοῖς
268 1389 418 1424 ἐπέθηκαν,
431 1388 522 1421 καθὼς
535 1390 564 1416 ὲν
577 1389 661 1424 ὀλίγῳ
688 1388 735 1415 ἐπὶ
761 1388 811 1423 τῆς
836 1388 908 1422 ζωῆς
935 1385 981 1413 τοῦ

198 1435 399 1470 Μπαγιαζήτου
415 1435 575 1470 ῥηθήσεται.
604 1435 633 1461 '0
648 1434 677 1461 δὲ
704 1434 838 1469 δεσπότης
853 1433 905 1468 κῦρ
918 1432 982 1459 Θεό-

197 1481 284 1515 δωρος
308 1481 422 1516 θεωρῶν
449 1481 482 1508 τά
507 1481 563 1507 τῶν
594 1481 740 1516 Ῥωμαίων
763 1481 916 1515 πράγματα
941 1478 998 1515 ὅτι*

198 1527 285 1558 οὕτως
313 1528 408 1559 κακῶς
434 1528 580 1560 διέκειντο,
601 1527 649 1554 καὶ
668 1527 719 1562 τὴν
752 1526 830 1553 πόλιν
854 1525 981 1553 τοσοῦτον

198 1573 294 1608 καιρὸν
311 1573 520 1601 κινδυνεύουσαν
545 1573 803 1608 ἀποκεκλεισμένην
829 1573 877 1600 καὶ
892 1580 983 1599 στενο-

197 1667 315 1695 hostium
334 1666 543 1702 propulsandum
571 1666 689 1701 reliquit.
707 1665 766 1701 Ipse
780 1672 841 1693 cutn
865 1665 982 1699 impera-

196 1715 265 1742 trice
285 1713 398 1748 conjuge
421 1713 448 1740 in
470 1712 683 1747 Peloponnesum
705 1712 852 1746 profectus,
880 1711 983 1746 Spartae

197 1768 258 1787 eam
280 1759 350 1795 apud
363 1759 532 1786 Theodorum
549 1758 659 1785 fratrem
687 1757 812 1792 deposuit
826 1762 853 1784 et
879 1756 981 1784 italiam

197 1812 291 1832 versus
321 1805 462 1839 processit.
496 1803 615 1831 Primum
643 1802 771 1830 Venetias
796 1802 892 1835 venit;
920 1802 982 1830 inde

197 1851 230 1877 ad
247 1851 343 1878 ducem
354 1849 593 1877 Mediolancnsium
615 1849 744 1884 perrexit,
760 1849 806 1883 qui
823 1855 885 1875 eum
898 1848 982 1875 bono-

199 1896 399 1924 rilicentissime
415 1901 496 1930 atque
511 1903 610 1930 magno
621 1903 682 1923 cum
699 1899 808 1930 sumptu
825 1899 924 1922 etcum
939 1902 982 1922 sa-

198 1942 329 1970 tellitibus
338 1941 452 1975 excepit,
465 1941 607 1975 eidemque
614 1941 732 1975 equitum
742 1941 914 1975 peditumque
926 1947 982 1966 ma-

197 1996 278 2023 gnum
291 1987 447 2015 comitatum
460 1987 492 2014 ad
506 1994 593 2021 regem
615 1985 779 2012 Francorum
798 1985 881 2016 dedit,
901 1985 981 2019 polli-

197 2035 279 2066 citus,
310 2033 332 2061 si
359 2033 449 2060 cmteri
474 2032 672 2063 consentirent,
696 2035 783 2059 semet
798 2031 834 2058 illi
850 2036 877 2058 et
894 2031 981 2065 impe-

197 2081 239 2107 rio
253 2079 374 2107 Romano
385 2087 433 2106 sua
451 2082 546 2113 sponte
558 2078 659 2105 auxilio
680 2083 822 2105 vcnturmu
841 2084 872 2104 ac
885 2077 982 2104 discri-

197 2134 259 2153 men
273 2125 446 2161 depulsurum
464 2132 535 2151 esse.
550 2124 589 2151 Ad
606 2131 694 2158 regem
724 2122 891 2150 Francorum
918 2129 980 2149 cum

196 2172 328 2203 venisset,
347 2171 441 2198 morbo
470 2169 630 2205 gravissimo
655 2177 716 2196 eum
741 2167 940 2196 conﬂictantem
954 2172 981 2195 et

198 2217 296 2245 mentis
313 2217 439 2252 impotem
463 2216 560 2251 reperit
573 2224 581 2248 ;
596 2223 645 2242 nec
671 2214 808 2241 habebant.
821 2213 980 2251 .consiliarii

196 2265 266 2296 ejus.
292 2263 342 2291 soli
367 2262 438 2296 quod
463 2262 500 2288 illi
530 2269 688 2296 responsum
715 2262 821 2286 darent.
842 2259 933 2294 Itaque
953 2265 982 2285 re

197 2309 455 2341 infectaimpcralor
471 2305 573 2339 Cpolim
591 2304 682 2337 rcdiit,
697 2311 767 2331 anno
781 2303 861 2336 1405,
881 2304 982 2331 mensis

185 2349 362 2387 .Scptembi'is
385 2351 427 2377 die
446 2350 487 2377 15.

183 2397 188 2432 ρ
232 2398 275 2425 16.
292 2397 391 2424 Eodem
405 2403 476 2423 anno
494 2394 633 2429 Bajazetes
653 2400 758 2421 ameras
772 2391 981 2427 Giacup-pasia-

198 2454 258 2472 nem
274 2450 300 2472 et
318 2443 464 2470 Brcnazem
493 2441 519 2468 in
533 2441 748 2476 Peloponnesum
773 2447 834 2466 cum
859 2439 981 2466 exercitu

197 2490 391 2526 quinquaginta
405 2488 516 2514 millium
540 2486 632 2514 misit:
651 2487 695 2520 qui
711 2491 738 2513 et
754 2486 780 2512 in
807 2486 866 2519 ipso
885 2485 981 2511 itinere

198 2536 267 2562 etin
286 2534 471 2568 Peloponneso
488 2531 580 2559 multis
607 2531 797 2562 incommodis,
818 2528 980 2556 calamitati-

197 2584 249 2610 bus
270 2590 302 2609 ac
328 2580 445 2608 servitiis
472 2578 640 2606 Christianos
664 2577 826 2609 afﬂixerunt,
845 2581 874 2603 ut
900 2575 980 2610 paulo

197 2628 268 2654 infra
281 2628 307 2654 in
323 2628 377 2654 vita
407 2624 542 2659 Bajazetis
571 2623 734 2650 narrabitur.
751 2621 909 2648 Theodorus
933 2620 980 2648 de-

197 2673 284 2707 spolia,
299 2681 359 2699 cum
381 2679 437 2698 rem
457 2669 606 2696 Romanam
633 2674 687 2695 tam
712 2669 782 2696 male
798 2667 922 2694 aﬂ'ectam
953 2671 980 2693 et

198 2720 292 2744 urbem
310 2724 363 2745 tam
389 2717 433 2743 diu
465 2716 674 2752 periclitantem.
694 2714 832 2742 obsessam
848 2720 875 2741 et
903 2713 978 2747 gravi

199 2763 270 2790 fante
286 2769 453 2796 oppressam,
472 2761 568 2788 deinde
582 2761 794 2795 Peloponnesum
815 2759 883 2786 bello
901 2765 980 2785 vexa-

198 2814 266 2841 tam,
280 2815 305 2835 et
325 2809 538 2835 Christianorum
556 2807 706 2843 principum
725 2807 824 2834 milium
839 2806 889 2833 sibi
905 2805 979 2832 auxi-

198 2856 324 2882 lmlnrum
350 2855 464 2886 videret,
493 2856 564 2882 omni
588 2862 635 2889 spe
660 2854 774 2888 abjecta,
798 2861 849 2879 una
876 2853 977 2879 triremi

1042 245 1246 280 Πελοποννήσου
1263 247 1392 281 πόλεμον,
1405 247 1454 274 καὶ
1465 247 1572 282 βλέπων
1587 248 1628 274 ὅτι
1652 247 1741 278 οὐδεὶς
1766 247 1834 273 τῶν·

1039 291 1212 325 Χριστιανῶν
1225 292 1364 319 αὐθεντῶν
1377 293 1473 327 ήθελεν
1495 293 1586 324 αὑτοῖς
1602 293 1748 328 βοηθῆσαι,
1773 294 1824 320 καὶ

1038 334 1189 370 ἀπορηθεὶς
1199 336 1279 368 ὅλως,
1296 337 1418 373 περάσας
1433 338 1474 374 ὲν1
1490 339 1522 373 τῇ
1546 337 1627 372 Ῥόδῳ
1656 338 1726 372 μετὰ
1747 338 1827 372 τριή-

1041 389 1110 414 ρεως
1127 381 1177 415 τὴν
1191 382 1241 416 τῇς
1265 382 1392 417 Σπάρτης
1403 383 1491 417 ἀρχὴν
1508 382 1685 417 ὲπεπωλήκει
1698 384 1730 417 τῇ
1748 383 1826 409 ἁδελ-

1039 426 1135 461 φότητι
1148 427 1196 452 τοῦ
1211 428 1352 462 προφήτου
1365 429 1411 454 καὶ
1428 427 1581 454 Βαπτιστοῦ
1604 428 1739 455 Ἰωάννου.
1749 428 1827 455 Στεί-

1039 473 1134 504 λαντες
1149 472 1197 500 οὖν
1209 474 1225 507 ἡ
1243 474 1393 509 ἀδελφότης
1404 475 1479 506 τινὰς
1497 475 1552 501 τῶν
1577 475 1775 510 σταυροφόρων
1795 477 1825 500 ἐν

1038 519 1070 552 τῇ
1084 518 1196 553 Σπάρτῃ
1212 518 1257 544 ἶνα
1272 519 1418 554 ἐγκρατεῖς
1437 520 1487 553 τῆς
1500 519 1589 554 ἀρχῆς
1606 520 1645 551 ὡς
1657 519 1749 554 κύριοι
1776 520 1833 546 καὶν

1037 563 1360 598 δεσπόταιγενήσωνται,
1378 565 1467 596 ό-λαὸς
1487 565 1524 596 ὡς
1549 563 1619 591 εἶδεν
1648 565 1747 596 αὐτοὺς
1774 565 1823 592 καὶ
1862 573 1867 575 ·

1037 610 1140 645 ἥκουσι
1153 610 1187 636 τά
1199 611 1344 645 γενόμενα,
1361 611 1496 645 ὥρμησαν
1518 611 1587 645 μετὰ
1603 611 1689 643 ξύλων
1711 610 1759 638 καὶ
1773 618 1823 636 πε-

1037 656 1111 691 τρῶν
1129 655 1198 690 μετὰ
1215 656 1303 691 θυμοῦ
1320 657 1483 692 δραμόντες,
1503 657 1546 683 ἵνα
1566 658 1629 689 τοὺς
1650 656 1825 690 ἀπεσταλμέ-

1037 710 1101 732 νους
1118 701 1326 737 σταυροφόρους
1351 702 1549 729 ἀποκτείνωσι.
1571 702 1601 728 '0
1629 702 1658 728 δὲ
1675 701 1822 737 ἀρχιερεὺς

1036 748 1084 775 τοῦ
1102 748 1187 775 τόπου
1206 748 1315 780 σταθεὶς
1339 748 1386 774 καὶ
1401 749 1548 783 ὁμιλήσας,
1566 749 1611 775 ἵνα
1636 747 1674 783 μὴ
1705 748 1822 782 τοιαύτη

1036 792 1135 825 ἀταξία
1149 793 1309 828 γενήσηται,
1330 792 1464 820 ἐδυσώπει
1487 793 1532 820 τὸν
1549 793 1624 827 λαὸν,
1653 794 1701 820 καὶ
1729 793 1824 819 πειθό-

1038 847 1114 874 μενοι
1132 839 1188 869 τοῖς
1217 838 1314 864 τούτου
1345 838 1435 872 λόγοις
1448 840 1505 869 τοῖς
1520 838 1718 873 σταυροφδροις
1735 838 1822 873 τριῶν

1000 868 1150 919 Βίήμερῶν
1160 868 1263 918 δίορίαν
1281 868 1394 916 ἑδωσαν,
1412 868 1455 912 ἵνα
1472 868 1563 911 ἐκτῶν
1576 868 1720 920 ὁρίων-τῆς
1728 868 1822 919 Σπάρ-

1034 936 1083 963 της
1102 928 1168 963 μετὰ
1185 929 1298 963 είρήνης
1311 929 1538 964 άναχωρήσωσιν·
1558 931 1584 956 εί
1601 930 1629 956 δὲ
1643 929 1736 960 ἄλλως
1748 930 1822 964 πρά-

1035 973 1126 1006 ξωσιν,
1144 974 1221 1001 αὐτοὶ
1233 974 1357 1008 δψονται.
1380 974 1492 1006 Ἰδόντες
1518 973 1565 1002 οὗν
1581 973 1655 1003 οὗτοι
1678 977 1719 1003 ὅτι
1743 977 1821 1002 οὐδὲν

1034 1019 1206 1055 κατώρθουν,
1221 1019 1290 1047 ἀλλά
1322 1020 1422 1055 μᾶλλον
1453 1021 1569 1055 θόρυϐος
1602 1022 1649 1048 καὶ
1683 1022 1821 1049 σκάνδαλα

1033 1065 1154 1100 ἐγίνοντο
1171 1065 1218 1092 καὶ
1236 1065 1287 1100 τὴν
1307 1065 1381 1099 ζωὴν
1400 1066 1520 1100 μάλιστα
1536 1067 1723 1100 ἐκινδύνευον,
1741 1069 1823 1102 ὲγερσ

1034 1111 1126 1143 θέντες
1209 1112 1418 1147 ἐπανέστρεψαν
1435 1111 1540 1139 οἶκαδε.
1559 1114 1591 1139 Ol
1602 1113 1629 1139 δὲ
1645 1114 1820 1148 Σπαρτιᾶται

1033 1158 1078 1184 τὸν
1089 1158 1221 1193 πρόεδρον
1239 1158 1329 1185 αὐτῶν
1351 1158 1399 1185 καὶ
1410 1158 1494 1185 δοῦκα
1515 1159 1654 1193 ὲψήφισαν
1670 1156 1755 1190 εἶναι,
1769 1159 1820 1185 καὶ

1035 1204 1182 1236 πολιτικῶς
1211 1205 1258 1231 καὶ
1289 1204 1528 1239 ὲκκλησιαστικῶς
1550 1204 1646 1239 ήθελον
1673 1205 1819 1238 κρίνεσθαι

1033 1250 1082 1276 καὶ
1107 1249 1297 1284 κυϐερνᾶσθαι
1327 1250 1372 1276 ὑπ’
1389 1250 1481 1277 αὑτοῦ.
1506 1250 1534 1276 '0
1556 1250 1583 1276 δὲ
1609 1251 1743 1285 δεσπότης
1767 1251 1822 1284 κὺρ

1033 1295 1173 1330 Θεόδωρος
1189 1295 1226 1326 ὡς
1239 1293 1293 1321 εἶδε
1308 1295 1357 1327 τὰς
1369 1295 1481 1327 ἐλπίδας
1499 1295 1676 1330 ψευσθείσας,
1700 1297 1734 1322 τὰ
1751 1297 1822 1331 χρή-

1035 1349 1108 1376 ματα
1125 1341 1142 1368 ἃ
1162 1341 1245 1368 ἔλαϐε
1259 1343 1293 1376 τῇ
1314 1342 1478 1376 ἀδελφότητι
1495 1342 1608 1372 ὲκτίνας
1627 1341 1750 1374 ὄπισθεν,
1778 1344 1822 1374 εις

1033 1388 1163 1424 Σπάρτην
1178 1389 1206 1414 ὲν
1217 1389 1250 1423 τῇ
1268 1388 1349 1414 αὑτοῦ
1378 1389 1451 1423 ἀρχῇ
1473 1388 1557 1415 θέλων
1575 1388 1675 1420 ἐλθεῖν,
1687 1389 1738 1414 οὐκ
1758 1388 1822 1422 ἦθεο

1032 1435 1077 1461 λεν
1090 1434 1219 1469 δεχθῆναι
1229 1434 1312 1460 αὑτὸν
1326 1434 1443 1468 όδῆμος,
1455 1434 1524 1460 ἀλλὰ
1543 1434 1662 1469 μάλιστα
1675 1435 1724 1460 καὶ
1735 1434 1819 1467 ὕϐρε-

1033 1488 1076 1507 σιν
1088 1479 1246 1507 ὲνέπλυνον.
1269 1480 1324 1506 Καὶ
1345 1479 1450 1506 πολλῶν
1477 1480 1566 1513 λόγων
1595 1479 1750 1514 γενομένων
1769 1479 1820 1505 καὶ

1034 1526 1189 1553 σκανδάλων
1205 1526 1281 1558 τέλος
1296 1526 1473 1560 ἐμεσίτευσεν
1485 1527 1498 1552 ὁ
1512 1527 1669 1560 ἀρχιερεὺς,
1700 1525 1748 1552 καὶ
1763 1525 1818 1557 πᾶς

1033 1572 1076 1600 λιν
1095 1572 1246 1608 ἐδέχθησαν
1261 1569 1308 1599 καῘ
1325 1571 1456 1607 ἔστερξαν
1471 1571 1552 1598 αὑτὸν
1565 1569 1635 1598 εἶναι
1655 1571 1693 1601 ὡς
1715 1570 1764 1597 καὶ
1782 1570 1816 1597 τὸ

1033 1663 1158 1690 Rhodum
1185 1662 1320 1697 trajectus,
1344 1661 1449 1697 Spartae
1483 1662 1662 1697 principatum
1693 1663 1819 1690 societati

1031 1709 1145 1738 Joannis
1165 1709 1301 1744 prophetae
1318 1714 1345 1736 et
1368 1709 1490 1743 baptism
1515 1709 1643 1736 vendidit.
1673 1708 1745 1736 Misit
1783 1717 1816 1736 ea

1033 1756 1149 1783 societas
1175 1754 1298 1789 Spartam
1323 1755 1480 1788 crucigeros
1498 1754 1598 1790 aliquot
1621 1756 1654 1781 ad
1668 1762 1727 1782 eam
1751 1761 1818 1789 pro-

1033 1801 1148 1828 vinciam
1164 1799 1346 1834 occupandam
1362 1805 1391 1828 et
1404 1800 1455 1828 sibi
1474 1800 1661 1828 vindicandam
1674 1805 1704 1827 ut
1726 1800 1818 1827 domi-

1033 1847 1085 1874 nis.
1101 1846 1205 1879 Quibus
1224 1845 1318 1873 incobe
1334 1846 1486 1880 conspectis
1500 1851 1527 1873 et
1548 1846 1656 1877 auditis,
1671 1853 1731 1880 qua:
1758 1851 1817 1873 acta

1032 1897 1134 1924 essent,
1152 1891 1277 1919 bon-ante
1293 1891 1445 1923 iracundia,
1461 1899 1522 1919 cum
1548 1892 1632 1919 clavis
1645 1897 1673 1919 et
1699 1892 1773 1918 saxis
1784 1893 1817 1918 al

1032 1945 1078 1966 eos
1092 1938 1254 1965 occidendos
1270 1942 1444 1973 procurrunt.
1469 1938 1503 1964 At
1518 1939 1712 1972 superveniens
1734 1944 1760 1966 et
1775 1939 1818 1965 in-

1033 1987 1174 2014 tercedens
1189 1986 1246 2019 ejus
1260 1986 1379 2020 regionis
1405 1985 1560 2020 episcopus,
1583 1992 1617 2013 ne
1638 1985 1706 2013 tales
1734 1985 1819 2013 turba:

1032 2032 1351 2066 orirentur,objurgabat
1367 2032 1577 2065 multitudinem,
1588 2039 1648 2066 qua:
1660 2033 1742 2060 dictis
1758 2033 1818 2066 ejus

1031 2070 1172 2111 obsecuta,
1195 2078 1275 2105 trium
1301 2078 1405 2105 dierum
1430 2079 1549 2113 spatium
1582 2078 1731 2112 crueigeris
1753 2085 1818 2105 con«

1032 2123 1125 2156 cessit,
1141 2131 1195 2158 quo
1210 2131 1225 2150 e
1242 2122 1346 2158 Spartae
1368 2124 1468 2151 ﬁnibus
1486 2123 1577 2158 quiete
1593 2125 1765 2151 excederent.
1789 2123 1816 2150 Si

1032 2175 1113 2196 secus
1129 2168 1265 2200 fecissent,
1283 2169 1357 2202 ipsos
1370 2177 1542 2203 experturos,
1565 2177 1619 2204 quo
1634 2177 1664 2196 ea
1695 2177 1738 2196 res
1756 2176 1819 2195 ενιπ-

994 2207 1021 2237 D
1034 2221 1096 2241 sura
1123 2219 1205 2241 esset.
1226 2213 1275 2246 Illi,
1301 2222 1362 2242 cum
1385 2215 1451 2242 nihil
1468 2222 1497 2242 se
1518 2215 1634 2247 eliicere,
1657 2214 1704 2241 sed
1725 2216 1826 2258 turbas‘

1033 2266 1065 2286 ac
1080 2258 1211 2286 tumultus
1224 2259 1337 2286 excitari
1362 2263 1443 2293 atque
1456 2260 1537 2286 vitam
1564 2267 1640 2286 suam
1671 2260 1696 2286 in
1718 2258 1816 2286 discri-

1034 2313 1093 2331 men
1108 2305 1205 2332 adduci
1220 2305 1352 2338 viderent,
1366 2305 1462 2332 castris
1489 2306 1580 2336 motis,
1598 2305 1708 2332 domum
1728 2307 1814 2332 rellic-

1034 2355 1107 2377 runt.
1124 2350 1250 2384 Spartani
1265 2350 1418 2384 episcopum
1439 2351 1521 2377 etiam
1551 2351 1690 2384 praesidem
1717 2351 1816 2377 Suffra-

1033 2395 1084 2430 giis
1098 2395 1298 2422 constituerunt
1312 2399 1339 2422 et
1352 2395 1386 2422 ab
1404 2403 1437 2422 eo
1457 2403 1512 2421 rem
1525 2403 1601 2422 suam
1628 2400 1682 2422 tam
1707 2396 1814 2423 civilem

1030 2447 1114 2476 quam
1132 2440 1344 2469 ecclesiasticam
1358 2430 1543 2468 administrari
1561 2441 1817 2468 voluerunt.1‘bco—
1852 2432 1854 2434 ’

1033 2488 1126 2520 dorus,
1153 2494 1213 2514 cum
1230 2493 1261 2514 se
1274 2493 1322 2521 spe
1346 2485 1442 2513 falsum
1458 2493 1519 2514 esse
1544 2487 1666 2518 vidisset,
1687 2488 1815 2520 pecunia,

1032 2540 1112 2567 quam
1151 2537 1304 2566 acceperat,
1328 2532 1451 2559 societati
1477 2533 1612 2565 restituta,
1635 2532 1759 2567 Spartam
1786 2533 1813 2559 in

1032 2578 1197 2614 provinciam
1212 2585 1287 2605 suam
1307 2578 1453 2610 rediturus,
1476 2585 1528 2605 non
1541 2577 1720 2612 recipiebatur
1734 2586 1748 2604 a
1765 2585 1815 2611 po-

1032 2624 1105 2659 pulo,
1122 2624 1169 2651 sed
1187 2623 1378 2660 exagitabatu;
1388 2623 1528 2651 conviciis.
1548 2621 1612 2650 Post
1635 2623 1736 2650 multos
1753 2628 1816 2650 tan-

1032 2670 1093 2698 dem
1126 2676 1266 2697 sermones
1285 2674 1312 2696 et
1328 2669 1471 2701 tumultus,
1487 2669 1649 2697 conciliante
1673 2669 1812 2704 episcopo,

1031 2724 1092 2743 eum
1109 2715 1243 2749 recipiunt
1256 2720 1283 2741 et
1295 2715 1438 2749 pristinum
1463 2715 1586 2742 obtinere
1607 2715 1721 2750 gradum
1748 2715 1817 2748 pati-

1032 2766 1123 2787 untur.
1139 2759 1300 2794 Priusquam
1321 2765 1409 2786 tamen
1435 2761 1633 2793 restitueretur,
1658 2767 1815 2787 sacramen-

1033 2807 1066 2834 tis
1083 2814 1144 2833 eum
1170 2806 1383 2839 obstrinxerunt,
1398 2814 1433 2834 ne
1457 2812 1574 2840 unquam
1604 2813 1706 2834 memor
1732 2810 1813 2838 esset,

1032 2859 1090 2886 qu:e
1110 2851 1244 2877 fecissent.
