1933 3075
114 103 116 105 ’
171 114 225 147 πιο

785 111 946 142 GEORGII
963 109 1177 141 PHRANTZ/E

1740 108 1796 140 ’1Ξο

174 172 311 208 ρασκευῆς
326 171 486 199 ἀπέστειλεν
503 171 516 198 ὁ
539 171 664 206 βασιλεὺς
689 171 717 198 ιν
742 172 775 206 τῇ
792 171 890 207 Κρήτῃ
913 170 955 200 είς
969 172 992 201 Α
1007 178 1074 202 πους
1084 177 1090 183 ·
1103 170 1136 196 τὰ
1149 170 1178 197 δὲ
1191 170 1242 206 ὅρη
1254 170 1339 206 αὐτῆς
1349 170 1399 198 οὐκ
1408 170 1537 198 ἐλάττονα
1547 168 1594 197 τοῦ
1608 169 1748 204 Ταῦγέτου
1763 171 1794 198 ὲν

170 219 296 255 βοήθειαν
319 218 366 245 τοῦ
388 218 542 253 στρατηγοῦ
563 217 715 249 Φωτεινοῦ,
744 217 791 244 καὶ
805 217 951 247 ἑνωθέντες

170 264 240 299 μετὰ
261 263 314 291 τῶν
335 264 493 298 Ἆγαρηνῶν
509 263 585 290 οὐδὲν
607 263 744 299 χρήσιμον
769 263 862 294 αὐτοῖς
876 261 952 293 τέλος

167 309 289 345 ἐγεγόνει
302 317 310 326 ο
333 309 486 345 προσϐολῆς
499 309 527 335 δὲ
541 309 691 345 γενομένης
711 309 726 335 ὁ
743 309 878 344 Δαμιανὸς
891 317 952 336 και-

168 357 233 390 ρίως
245 355 362 391 πληγεὶς
376 355 490 385 καὶτοῖς
499 355 604 386 λοιποῖς
615 355 720 390 τροπῆς
732 355 844 389 γέγονεν
852 354 950 386 αἴτιος,

165 403 213 429 καὶ
225 402 239 428 ὁ
251 402 384 432 Φωτεινδς
398 401 475 436 μόλις
488 402 516 428 ὲν
537 401 658 435 δρόμωνι
672 400 835 433 διασώζεται
851 401 898 428 καὶ
912 401 951 435 τῷ

166 447 271 481 βασιλεῖ
289 446 405 481 ἄγγελος
430 447 547 480 γίνεται.
571 445 710 480 Ἐγεγόνει
728 446 756 473 δὲ
771 446 852 478 αὐτὸς
872 447 887 473 ὁ
901 446 950 474 πό-

164 492 248 526 λεμος
269 491 316 518 καὶ
337 493 354 527 ἡ
370 492 506 527 προσϐολὴ
521 492 669 526 μακρόθεν,
696 492 760 519 ἔνθα.
773 493 789 526 ή
817 492 892 524 πόλις
904 492 951 519 τοῦ

165 537 306 568 Χάνδακος
319 537 506 572 ᾠκοδόμηται,
524 538 590 565 ὡσεὶ
607 538 734 569 σταδίους
757 538 857 571 εῐκοσι,
881 539 951 573 πρὸς

164 583 198 609 τὰ
215 583 285 618 μέρη
301 583 348 609 τοῦ
360 584 444 611 τόπου
458 583 506 610 τοῦ
523 584 672 619 λεγομένου
689 583 837 618 ’Δλμυροῦ,
851 585 881 610 ὲν
895 583 950 610 ῑτει

165 631 249 664 ,ςτμη
269 628 323 655 Καὶ
335 628 416 655 πάλιν
435 629 492 660 τοῖς
512 628 675 664 Ἀγαρηνοϊς
689 628 720 655 οὐ
741 627 860 654 διέλιπον
868 635 950 663 φρονι

163 673 235 704 τίδες
248 673 295 700 καὶ
308 673 434 708 λογισμοὶ
448 673 497 701 καὶ
521 673 609 700 δειλία
624 669 672 700 κάι
688 673 797 707 ταραχὴ
814 672 859 699 καὶ
874 673 951 707 μέρι-

164 728 228 754 μνα.
249 719 304 747 Καὶ
318 719 410 747 αὐτῶν
423 719 511 751 οὕτως
526 720 643 754 ἑχόντων
658 719 775 754 μοναχός
787 727 830 750 τις
846 719 878 745 ὲκ
895 718 950 744 τῶν

163 767 248 801 ὀρέων
264 767 312 801 τῆς
334 768 418 801 νήσου
436 767 606 798 ὲπικαταὸὲς
621 766 791 802 ἁμαρτάνειν
808 766 911 800 ἔφησεν
924 765 949 792 οἳ

163 812 291 846 ἀσφαλῶς
307 812 531 848 ὑπολαμϐάνουσι
548 813 724 845 κατοικήσειν
751 812 948 847 οἰκοδομήσαν-

163 865 206 888 τες
223 857 252 883 έν
274 856 343 892 τῷδε
358 857 397 892 τῷ
411 857 502 893 τόπῳ·
521 858 568 884 καὶ
584 857 642 892 ἅμα
652 857 740 891 λέγων
759 857 841 883 τόπον
861 856 948 888 δεξιον

163 903 208 929 καὶ
221 903 307 937 εὐφυῆ
324 904 392 937 πρὸς
419 904 509 930 πᾶσαν
532 903 679 938 εὐετηρίαν
697 903 831 936 ὑπέδειξε.
847 903 902 930 Καὶ
918 904 948 929 ὲν

163 948 249 983 τούτῳ
265 949 396 983 φρούριον
415 949 491 984 ιοι
520 948 681 984 ἱδρύσαντες
696 949 744 976 καὶ
757 949 849 980 καλῶς
864 950 947 984 ἀκρο-

162 995 334 1028 πολίσαντες,
347 995 361 1022 ὃ
372 996 419 1023 καὶ
428 997 556 1023 Χάνδακα
568 996 726 1031 ὠνόμασαν,
739 997 787 1024 καὶ
802 997 834 1023 ἐκ
848 996 946 1023 τούτου

162 1040 317 1076 ὁρμώμενοι
334 1042 382 1076 τὴν
396 1042 462 1078 ὅλην
476 1042 559 1078 νῆσον
585 1043 751 1078 κατέτρεχον
765 1043 813 1070 καὶ
827 1044 876 1075 τὰς
889 1043 947 1070 λοι-

162 1086 215 1118 πὰς
238 1087 325 1119 πάσας
347 1088 439 1120 πόλεις
453 1089 503 1124 τῆς
526 1089 609 1123 νήσου
626 1089 788 1120 ἐδούλωσαν,
812 1089 883 1123 πλὴν
897 1090 946 1121 τῆς

162 1130 298 1166 Γορτύνης
318 1133 365 1158 καὶ
382 1132 534 1165 Κυδωνίας.
547 1134 600 1160 Καὶ
615 1132 703 1165 οὕτως
723 1133 799 1169 μινή
813 1134 909 1168 Κρήτη
927 1134 944 1168 ἠ

163 1175 215 1209 μία
224 1176 279 1202 τῶν
291 1177 458 1212 περιφήμων
473 1178 544 1204 ἑπτά
558 1177 684 1213 μεγάλων
699 1178 793 1212 νήσων
806 1178 878 1205 ἑάλω
892 1178 944 1204 ὑπὸ

161 1220 214 1247 τῶν
231 1221 367 1249 Ίσπανῶν
385 1223 562 1258 Σαρακηνῶν.
581 1223 637 1250 Καὶ
652 1223 732 1255 αὖθις
752 1223 822 1258 μετὰ
843 1223 902 1256 ἔτος
916 1223 946 1252 ἓν

160 1265 312 1301 ὀβασιλεὺς
329 1268 441 1303 Μιχαὴλ
476 1268 572 1305 ἕτερον
601 1269 695 1296 στέλον
722 1269 862 1304 ἰκπέμπει
883 1270 946 1296 κατ’

161 1312 260 1344 αὐτῶν,
276 1314 323 1340 καὶ
338 1314 415 1340 οὐδὲν
429 1315 504 1348 ἄξιον
523 1314 604 1349 ἐργον
616 1314 749 1350 ἐποίησαν
759 1323 767 1331 ·
795 1315 843 1342 καὶ
855 1316 879 1341 οἰ
891 1315 944 1341 Σαη

161 1359 275 1393 ρακηνοὶ
291 1359 339 1386 τοῦ
363 1359 460 1387 λοιποῦ
489 1360 649 1395 ἀμερίμνως
664 1360 768 1394 διῆγον,
786 1361 835 1387 καὶ
854 1361 946 1395 πάσης

160 1404 210 1438 τῆς
233 1404 316 1439 νήσου
341 1404 505 1439 κληρονόμοι
537 1407 585 1432 καὶ
600 1406 691 1439 κύριοι
714 1405 869 1439 γεγόνασιν,
897 1407 946 1433 καὶ

156 1449 253 1475 ’πολλοὶ
283 1450 442 1484 Χριστιανοὶ
458 1450 528 1485 ὑπὲρ
545 1450 594 1485 τῆς
621 1451 714 1484 ὑγιοῦς
727 1447 806 1486 ήμῶν
824 1452 945 1484 πίστεως

161 1495 200 1529 τῷ
221 1495 309 1530 καιρῷ
328 1496 426 1530 ἐκείνῳ
455 1496 661 1531 ἐμαρτύρησαν.
680 1497 759 1523 Ἔστι
780 1497 808 1523 δὲ
834 1497 851 1532 ή
865 1497 947 1532 νῆσος
961 1513 982 1540 c

162 1541 230 1575 αὕτη
248 1541 340 1576 ὀρεινὴ
355 1542 401 1568 καὶ
416 1542 520 1574 δασεῖα,
536 1542 591 1578 ἔχει
605 1542 691 1569 δὲκαὶ
710 1543 832 1575 αὐλῶνας
845 1544 948 1579 εὐκάρ-

163 1634 236 1664 totii.
252 1641 312 1661 cum
329 1634 429 1670 ingenti
444 1634 566 1661 exercitu
579 1639 606 1662 et
628 1639 757 1668 apparatu
786 1634 813 1661 in
839 1634 947 1662 Cretam

162 1681 195 1707 ad
211 1680 285 1707 illum
301 1679 481 1714 adiuvandum
500 1680 584 1707 misit.
602 1680 699 1707 Verum
726 1680 874 1712 enimvero,
885 1688 949 1707 cott—

158 1726 262 1759 junctis
274 1725 336 1752 licet
350 1725 462 1756 viribus.
481 1725 547 1752 nihil
562 1725 705 1752 adversum
730 1726 868 1760 Agarenos
884 1732 947 1760 pro-

162 1773 296 1799 iecerunt.
308 1771 411 1805 Quippe
424 1771 520 1805 prmlio
531 1771 688 1801 commisso.
703 1770 859 1804 Damianus,
870 1772 946 1806 plaga

161 1820 299 1846 mortifera
326 1818 495 1850 vulneratus,
522 1818 604 1844 etiam
635 1817 748 1851 reliquis
765 1825 847 1844 cattsa
879 1817 947 1851 lttgte

159 1864 223 1895 fuit,
235 1869 262 1892 et
287 1863 419 1891 Photinus
435 1863 460 1890 in
479 1870 550 1897 equo
562 1862 647 1890 veloci
666 1870 738 1897 agre
752 1867 889 1893 servatus,
908 1863 945 1890 rei

159 1910 284 1936 nuntium
310 1909 468 1944 imperatori
500 1908 601 1935 attulit.
620 1908 701 1935 Facta
718 1913 760 1935 est
784 1909 840 1936 lucc
856 1917 946 1944 pugna

159 1955 219 1981 loco
230 1954 262 1981 ah
274 1953 341 1980 urbe
349 1953 492 1980 Cltantlace
508 1952 605 1979 stadiis
614 1952 724 1980 circiter
735 1953 828 1986 viginti
839 1954 945 1986 dissilo,

159 2001 202 2026 cui
223 2007 318 2026 nomen
345 1998 451 2033 Almyri
468 2003 520 2029 est,
537 2005 608 2025 anno
625 1998 715 2025 mundi
733 1998 812 2026 6540.
830 1998 944 2025 ltursnut

158 2046 297 2081 Agarenos
309 2052 363 2072 non
375 2045 536 2072 deﬁciebant
550 2053 631 2077 cura‘,
646 2044 832 2079 cegitatioucs,
853 2044 944 2075 timor,

160 2091 328 2126 pertuubatio
348 2097 374 2117 et
392 2098 476 2126 angor
493 2099 500 2122 ;
520 2095 602 2125 atque
628 2091 664 2118 ita
681 2090 733 2116 illis
751 2090 944 2122 aﬂ‘ectis,mo-

161 2138 263 2164 naclnts
278 2137 384 2170 quidam
399 2144 414 2164 e
437 2136 573 2164 montibus
594 2136 686 2163 insula:
704 2135 843 2163 descendit
860 2143 886 2162 ct
900 2144 943 2163 er-

1003 216 1042 250 τῷ
1056 215 1120 250 ὕψει
1130 223 1137 231 ⁸
1150 216 1209 251 εχει
1220 216 1247 243 δι
1264 215 1359 248 πόλεις
1371 217 1497 248 παλαιὰς,
1507 216 1632 248 πλείονας
1649 217 1665 252 ἢ
1681 217 1736 244 τῶν
1751 218 1795 244 ἱν-

1002 262 1162 296 νενήκοντα,
1191 263 1323 297 μεγίστας
1344 263 1373 290 δὲ
1400 263 1449 290 καὶ
1463 264 1681 298 ἐπιφανεστάτας
1696 264 1773 298 τρεῖς
1784 285 1792 295 ,

1003 307 1143 340 Κνωσσδν,
1158 308 1295 343 Γόρτυναν
1311 309 1359 335 καὶ
1369 309 1522 336 Κυδωνίαν.
1531 305 1582 337 Ὧν
1595 310 1609 336 ὁ
1623 310 1708 342 MM;
1720 310 1735 337 ὁ
1745 310 1795 345 βα-

1003 352 1094 384 σιλεὺς
1106 354 1127 379 Κ
1134 354 1231 389 ρήτης,
1243 354 1474 389 θαλαττοκρατῶν
1483 364 1560 387 ποτε,
1575 356 1626 390 τήν
1641 356 1724 390 νῆσον
1734 364 1795 391 τρι-

1002 397 1038 433 χῆ
1054 399 1159 432 διελὼν,
1173 400 1201 426 ὲν
1215 401 1323 435 ἑκάστῳ
1339 402 1418 436 μέρει
1432 401 1528 433 κτίσας
1542 402 1687 437 πόλιν,τήν
1699 403 1796 430 Κνωσο

1003 444 1051 471 σὺν
1066 445 1235 480 κατάντικρυ
1256 447 1306 481 τῆς
1335 447 1561 482 Πελοποννήσουο
1588 447 1661 483 αὓτη
1677 447 1707 474 δέ
1731 448 1794 475 ἐστι

1001 489 1195 525 προσδόρειος.
1211 490 1298 523 Οὗτος
1309 492 1322 517 ὸ
1338 491 1467 526 βασιλεὺς
1481 493 1494 519 ὀ
1509 494 1606 526 Μτνος,
1624 495 1661 525 ὡς
1675 494 1794 530 ἱστορεῖ-

1001 543 1057 568 ται,
1080 536 1188 570 πρῶτος
1215 536 1266 572 τὴν
1294 537 1405 573 Κρήτην
1434 538 1616 573 ὲξημερὼσας
1640 539 1793 574 νομοθέτης

1003 581 1113 615 ιγένετο
1129 582 1292 614 σπουδαῖος’
1313 583 1355 610 διδ
1379 583 1453 618 λέγει
1481 585 1529 611 καὶ
1554 586 1568 612 ὸ
1582 585 1700 620 ποιητὴς
1726 587 1793 621 περὶ

1000 626 1081 653 αὐτοῦ
1091 635 1099 642 ·
1118 636 1127 652 ε
1147 628 1196 654 Διὰ
1206 628 1256 662 τὴν
1269 628 1357 663 ἄκραν
1375 630 1551 665 δικαιοσύνην
1563 631 1648 662 Μῖνος
1666 632 1715 658 καὶ
1727 631 1792 658 Ῥα-

999 672 1147 706 δάμανθος,
1163 674 1275 708 Κρῆται
1290 675 1379 708 ὅντες,
1402 675 1455 702 ὑπὸ
1465 675 1512 703 τοῦ
1526 676 1586 708 Διὸς
1602 678 1695 712 κριταὶ
1710 685 1792 704 κατε-

1000 718 1141 754 στάθησαν
1154 720 1232 755 ιο²
1245 722 1274 748 έν
1288 723 1347 753 ταῖς
1362 722 1419 748 τῶν
1432 722 1566 757 μακάρων
1578 724 1684 758 νήσοις.
1705 732 1715 749 ι
1734 723 1791 750 Καὶ

999 764 1085 791 ταῦτα
1097 765 1162 800 περὶ
1175 765 1223 793 τοῦ
1239 767 1358 799 Μίνωος.
1372 768 1409 794 Ἠ
1419 768 1448 795 δὲ
1461 769 1583 804 Γόρτυνα
1596 770 1687 796 κειται
1701 771 1729 795 ιν
1742 778 1792 795 πε.

999 810 1048 846 δίῳ
1063 811 1132 846 πρὸς
1145 811 1176 838 τὺ
1190 812 1294 847 Λιϐύης
1310 813 1440 847 πέλαγος,
1457 814 1555 850 ἀπέχει
1571 815 1600 842 δὲ
1624 815 1672 849 τῆς
1690 815 1792 842 θαλάτ-

1000 864 1050 891 της
1068 857 1193 889 σταδίους
1211 858 1354 893 ἑξήκοντα,
1374 859 1523 887 παλαιόθεν
1551 861 1602 895 μὶν
1616 861 1791 896 τετειχισμέ-

1002 910 1046 936 νη,
1058 901 1173 937 ὕστερον
1188 903 1216 929 δὲ
1235 903 1289 930 ὑπὸ
1303 903 1351 930 τοῦ
1366 904 1464 940 καιροῦ
1478 905 1513 932 τὰ
1526 906 1605 941 τείχη
1615 907 1753 941 φθαρέντα
1771 908 1789 941 ή

1002 947 1125 974 πολιτεία
1137 947 1206 983 αὑτὴ
1221 948 1318 983 ήθελον
1333 949 1415 976 πάλιν
1429 951 1559 986 τειχίσαι,
1572 952 1620 978 καὶ
1632 951 1719 987 ἀρχὴν
1735 951 1789 979 λα-

1000 991 1087 1018 σοῦσα
1103 991 1349 1028 κτίσαντεςητείχος
1363 994 1458 1021 στάδια
1473 994 1650 1030 ὀγδοήκοντα,
1665 995 1712 1021 καὶ
1725 994 1790 1022 στά-

1000 1045 1071 1069 σεως
1083 1039 1232 1073 γενομένης
1245 1039 1384 1073 άναμέσον
1398 1039 1429 1067 se
1442 1040 1522 1074 ἔργον
1536 1041 1630 1072 ἀτελὲς
1642 1040 1788 1076 διέμεινεν.

1004 1082 1038 1108 'H
1051 1082 1080 1109 δὲ
1100 1083 1226 1110 Κυδωνια
1243 1084 1356 1118 μεγίστη
1379 1085 1429 1119 τὴν
1446 1085 1606 1120 προσθήκην
1628 1083 1675 1121 ἦν,
1698 1087 1792 1112 κείται

999 1127 1028 1154 δὲ
1045 1126 1113 1162 αὕτη
1131 1128 1147 1162 ἡ
1164 1128 1242 1160 πόλις
1258 1128 1326 1164 πρὸς
1341 1130 1398 1160 τοῖς
1420 1130 1559 1166 ἑσπερίοις
1577 1130 1626 1163 τῆς
1641 1131 1725 1165 νήσου
1741 1131 1791 1157 πέ-

1001 1183 1074 1210 ρασι,
1089 1175 1123 1201 τά
1148 1175 1177 1201 δὲ
1192 1175 1242 1210 ὅρη
1260 1175 1294 1202 τὰ
1318 1176 1402 1210 ἔγγὺς
1417 1176 1503 1210 αὐτῆς
1517 1177 1550 1202 τά
1564 1176 1654 1211 ὑψηλά
1672 1176 1790 1211 Τίτυρος

1000 1220 1147 1248 καλοῦνται
1159 1229 1167 1237 '
1182 1221 1290 1255 ῐδρυται
1303 1221 1331 1248 δὲ
1346 1222 1393 1248 ἐπὶ
1409 1222 1559 1257 θαλάσσης,
1571 1223 1706 1257 βλέπουσα
1720 1222 1791 1257 πρὸς

1000 1265 1051 1300 τὴν
1065 1265 1228 1300 Λακωνικὴν
1242 1266 1367 1300 πεδιάδα,
1389 1267 1481 1302 ἀγαθὴ
1496 1268 1542 1294 καὶ
1562 1267 1621 1294 λίαν
1632 1267 1791 1302 πανεύμορ-

999 1320 1050 1345 φος
1066 1312 1112 1337 καὶ
1129 1312 1213 1338 πολλὰ
1237 1311 1379 1339 κύκλωθεν
1397 1313 1508 1347 ἔχουσα.
1526 1313 1628 1340 Λοιπὸν
1640 1314 1680 1345 εἰς
1695 1313 1758 1348 τρία
1772 1314 1789 1348 ἠ

998 1356 1092 1390 νῆσος,
1108 1358 1145 1388 ὡς
1163 1358 1344 1392 προείπομεν,
1364 1359 1540 1394 μεμέρισται,
1555 1359 1645 1386 καὶτὸ
1657 1359 1706 1393 μὲν
1720 1359 1789 1393 πρὸς

997 1402 1073 1438 ἠῷαν
1090 1405 1174 1439 μέρος
1201 1405 1230 1431 έν
1248 1406 1303 1437 τοϊς
1328 1406 1379 1439 τῆς
1401 1405 1536 1440 Γορτύνης
1561 1406 1660 1441 μέρεσι
1675 1407 1789 1441 Δωριεῖς

997 1446 1112 1473 ἐκάλουν
1125 1468 1132 1480 ,
1158 1448 1189 1474 τὸ
1203 1448 1232 1475 δὲ
1250 1449 1338 1476 νότιον
1362 1450 1554 1486 Ἐτεόκρητας,
1576 1451 1605 1477 ὲν
1620 1448 1642 1484 ᾧ
1659 1451 1715 1478 ἐστι
1740 1452 1788 1478 καὶ

998 1491 1029 1518 τὸ
1041 1493 1176 1527 πολίχνιον
1192 1494 1312 1528 Πράσου.
1334 1495 1365 1522 τὸ
1376 1495 1404 1521 δὲ
1416 1496 1524 1522 δυτικὺν
1546 1497 1628 1531 μέρος
1639 1497 1770 1528 Κύδωνας
1779 1505 1788 1514 ”

1000 1536 1046 1563 καὶ
1060 1537 1199 1573 άναμέσον
1225 1540 1315 1567 αὐτῶν
1345 1536 1476 1573 πολλάκις
1495 1542 1584 1577 μάχαι
1602 1543 1650 1569 καὶ
1672 1543 1787 1578 πόλεμοι

1000 1630 1057 1657 hzec
1075 1631 1161 1659 insula
1188 1637 1315 1660 montana
1333 1637 1358 1660 et
1375 1633 1475 1661 silvosa
1490 1638 1571 1669 atque
1583 1635 1668 1663 valles
1684 1635 1787 1664 fertiles

999 1676 1080 1703 habet
1095 1684 1102 1702 :
1120 1681 1227 1705 montes
1241 1679 1383 1706 altitudine
1399 1679 1520 1715 Taygeto
1542 1689 1593 1708 non
1608 1682 1717 1710 cedunt.
1733 1682 1787 1709 lla-

998 1721 1043 1749 bet
1057 1723 1139 1750 urbes
1150 1723 1277 1757 antiquas
1289 1732 1370 1757 supra
1381 1726 1540 1761 nonaginta,
1553 1728 1671 1762 atquein
1688 1729 1785 1763 primis

998 1774 1110 1801 magnas
1131 1772 1157 1794 et
1173 1769 1276 1796 nobiles
1289 1773 1354 1801 tres,
1369 1769 1514 1804 Cnossum,
1531 1771 1678 1808 Gortynam
1693 1780 1719 1802 et
1732 1775 1785 1810 Cy-

997 1812 1116 1845 doniam,
1132 1821 1146 1840 a
1173 1814 1271 1847 Minoe,
1286 1815 1459 1845 Cretensium
1483 1826 1556 1854 rege,
1575 1821 1619 1854 qnl
1640 1821 1782 1855 imperium

999 1865 1081 1885 maris
1096 1859 1159 1886 olim
1175 1861 1293 1893 tenebat,
1312 1867 1469 1892 exstructas
1487 1874 1493 1892 :
1509 1865 1568 1900 qui,
1584 1866 1609 1893 in
1626 1871 1682 1894 tres
1694 1872 1784 1901 partes

998 1901 1083 1930 insula
1102 1904 1199 1936 divisa.
1217 1905 1242 1932 in
1258 1906 1379 1941 qualibet
1396 1914 1476 1943 parte
1500 1918 1580 1938 unam
1609 1913 1741 1945 condidit,
1757 1919 1784 1942 et

996 1947 1128 1976 Cnossutn
1138 1951 1246 1984 quidem
1258 1961 1273 1980 e
1285 1955 1393 1988 regione
1407 1955 1583 1990 Peloponnesi
1592 1962 1620 1986 et
1630 1959 1663 1986 ad
1674 1964 1784 1994 septem

998 1995 1125 2022 trinnem.
1143 1994 1219 2023 llunc
1237 2005 1326 2032 regem
1345 1999 1480 2033 proditum
1494 2002 1662 2036 estprimum
1675 2004 1783 2032 Cretam

998 2039 1094 2067 litteris
1112 2042 1264 2070 excoluisse
1287 2048 1315 2070 et
1341 2045 1446 2078 legibus
1464 2048 1584 2075 studiose
1612 2049 1782 2078 moderatum

996 2093 1071 2113 esse:
1085 2087 1154 2114 unde
1166 2093 1246 2122 poeta
1258 2089 1323 2116 dicit
1337 2099 1344 2116 :
1359 2099 1367 2116 ι
1383 2090 1495 2125 Propter
1504 2101 1637 2121 summam
1647 2095 1782 2129 justitiam

995 2131 1080 2158 Minos
1097 2137 1123 2159 et
1143 2133 1380 2169 Rhadamanthus,
1401 2137 1546 2166 Cretenses
1563 2147 1671 2175 genere.
1689 2149 1705 2169 a
1717 2140 1783 2169 Jove

160 2191 221 2210 rure
234 2182 291 2209 illos
306 2181 458 2213 allirmavit,
471 2182 493 2208 si
505 2189 540 2209 eo
554 2182 581 2208 in
598 2182 657 2208 loco
671 2181 808 2208 collocatis
823 2182 942 2214 sedibus,

998 2176 1024 2202 in
1049 2176 1189 2205 beatorum
1207 2180 1300 2208 insulis
1315 2181 1421 2215 iudices
1439 2185 1578 2212 constituti
1594 2191 1669 2213 sunt.
1692 2197 1702 2213 ι
1721 2187 1782 2215 Ιίίιιε

159 2235 253 2254 sceurc
280 2234 309 2254 se
335 2233 413 2260 posse
431 2225 555 2253 habitare
575 2225 763 2253 existimarent
781 2233 788 2257 ;
809 2226 943 2260 simulque

159 2273 245 2300 locum
262 2273 385 2299 idoneum
393 2272 458 2298 etad
472 2279 578 2298 omnem
593 2272 740 2298 ubertatem
756 2273 944 2299 accommoda-

158 2322 213 2344 tum
227 2316 431 2343 demonstravit.
445 2316 481 2342 Ibi
494 2315 623 2350 oppidum
636 2319 829 2341 exstruxerunt
840 2319 867 2342 et
881 2322 943 2342 arce

158 2363 225 2389 bene
253 2361 498 2393 communiverunt,
527 2362 569 2388 cui
598 2360 750 2389 Cbandacis
776 2368 874 2388 nomen
896 2361 942 2386 du-

159 2413 213 2435 Inm
225 2413 282 2435 est:
293 2408 364 2435 unde
375 2407 522 2442 progressi,
536 2412 618 2435 totam
629 2407 742 2434 insulam
755 2407 941 2438 incursabant,

156 2461 305 2488 omnesque
328 2453 410 2480 urbes
435 2453 504 2486 ejus.
527 2458 623 2487 praeter
640 2452 788 2486 Gortynam
807 2452 834 2478 et
849 2451 941 2486 Cydo-

155 2500 280 2532 niant,in
311 2499 440 2526 ditionem
474 2506 551 2526 suam
580 2498 752 2532 redegerunt.
782 2496 839 2524 Hoc
858 2498 942 2531 igitur

156 2546 235 2572 modo
249 2545 341 2578 Creta,
357 2551 408 2571 una
425 2551 457 2570 ex
475 2548 577 2577 septem
593 2543 772 2569 nobilioribus
786 2542 893 2575 insulis,
908 2542 941 2569 ab

155 2591 281 2625 llispnuis
301 2591 446 2618 Saracenis
463 2595 601 2623 occupata
620 2594 671 2616 est.
700 2588 758 2616 Uno
784 2596 856 2615 anno
881 2593 941 2622 post

154 2646 247 2664 rursus
263 2637 378 2665 Michael
399 2638 545 2671 imperator
565 2635 644 2662 aliam
672 2635 787 2662 classem
807 2635 939 2662 adversus

152 2685 261 2711 etmlvm
286 2684 370 2715 misit,
387 2691 448 2717 qua
463 2688 553 2710 tamen
570 2681 636 2709 nihil
654 2681 830 2708 memorabile
845 2681 938 2716 gessit.

153 2729 209 2755 Jam
227 2731 343 2762 Agnreui
359 2730 432 2756 curis
447 2729 572 2756 omnibus
587 2727 669 2755 soluli
688 2727 815 2753 vixerunt
831 2731 939 2760 totaque

154 2774 240 2799 insula
261 2780 325 2800 sunt
342 2775 418 2808 potiti
433 2784 438 2801 :
455 2782 486 2801 ac
498 2774 572 2800 inulti
586 2773 731 2800 Christiani
746 2779 794 2806 pro
809 2779 874 2798 sana
889 2773 939 2799 lide

152 2824 244 2846 nostra
265 2819 309 2845 illo
323 2825 444 2854 tempore
462 2820 621 2854 martyrium
639 2819 767 2845 tulerunt.
786 2816 834 2844 Est
846 2822 935 2844 autent

996 2223 1027 2249 de
1044 2223 1143 2251 Minoe.
1161 2224 1277 2261 Gortyna
1294 2227 1320 2254 in
1343 2228 1455 2262 planitie
1472 2231 1522 2257 sita
1544 2239 1620 2259 mare
1651 2233 1781 2268 Libycum

994 2275 1108 2302 spectat,
1126 2278 1139 2296 :t
1161 2279 1214 2305 quo
1229 2273 1306 2300 abest
1334 2276 1429 2302 stadiis
1453 2278 1604 2312 senginta.
1624 2279 1782 2314 Aotiquitus

995 2315 1078 2341 nutris
1094 2317 1180 2344 cincta
1193 2323 1262 2349 erat,
1277 2326 1360 2352 quos.
1379 2321 1476 2355 injuria
1490 2323 1619 2357 temporis
1637 2325 1782 2354 labefacta-

994 2365 1046 2392 tos,
1065 2364 1241 2396 magistratus
1265 2366 1418 2393 instaurare
1440 2374 1590 2402 cceperunt,
1606 2370 1655 2398 sed
1671 2372 1704 2398 ad
1719 2377 1782 2400 octo

994 2407 1080 2434 stadia
1099 2410 1255 2443 productos,
1274 2416 1369 2438 exorta
1386 2412 1530 2447 seditione,
1548 2415 1721 2450 reliquerunt
1739 2419 1780 2444 in-

995 2453 1118 2480 choatos.
1140 2454 1259 2489 Cydania
1276 2456 1461 2491 incrementis,
1477 2468 1537 2494 qum
1550 2461 1680 2495 paulatim
1694 2464 1778 2497 cepit,

994 2500 1110 2526 maxima
1128 2500 1188 2533 fuit,
1200 2501 1225 2526 in
1239 2502 1452 2532 occidentalibus
1466 2506 1563 2533 ﬁnibus
1575 2507 1667 2535 insulae
1681 2511 1779 2544 posita.

992 2545 1045 2572 Alti
1070 2550 1185 2578 montes,
1201 2547 1247 2582 qui
1264 2548 1289 2573 in
1307 2549 1404 2576 vicinia
1420 2557 1494 2582 sunt.
1515 2551 1598 2588 Tityri
1617 2562 1713 2582 nomen
1731 2556 1779 2584 Ita-

992 2591 1066 2618 beut.
1082 2591 1120 2617 Ad
1137 2599 1210 2619 mare
1223 2594 1274 2620 sita
1289 2599 1343 2626 est,
1359 2601 1384 2622 et
1400 2595 1560 2625 Laconicam
1576 2605 1690 2634 spectat,
1701 2609 1780 2636 egre-

992 2637 1033 2670 gia
1048 2642 1074 2663 et
1091 2637 1204 2665 mirifice
1219 2639 1328 2674 elegans
1344 2645 1369 2668 el
1390 2643 1478 2678 ampla
1495 2644 1521 2670 in
1541 2645 1668 2673 circuitu.
1688 2647 1776 2675 Caete-

992 2689 1050 2708 rtttn
1071 2681 1097 2708 in
1114 2687 1168 2710 tres
1188 2688 1288 2718 partes,
1309 2690 1335 2712 ut
1355 2686 1484 2719 diximus,
1507 2689 1594 2717 insula
1611 2691 1694 2718 divisa
1711 2697 1776 2721 est;

992 2732 1095 2762 partem
1117 2736 1210 2756 versus
1226 2731 1358 2758 orientem
1377 2733 1448 2759 circa
1466 2734 1613 2770 Gortynam
1633 2737 1776 2765 Dorienses

991 2774 1179 2807 nominarunt;
1210 2777 1356 2804 australem
1383 2785 1485 2812 partem
1506 2781 1721 2812 Elcocrctt-uscs.
1749 2787 1775 2812 in

990 2827 1041 2854 qua
1058 2820 1138 2846 etiam
1151 2820 1249 2848 Prasus
1265 2823 1421 2857 oppidulum
1434 2832 1491 2860 est;
1506 2828 1706 2856 occidentalem
1724 2831 1776 2863 CI;-
