1933 3075
145 155 195 186 ΊΞΙ

680 162 902 195 CHRONICON
919 166 1054 198 MAJUS.
1076 181 1110 185 —
1129 169 1204 201 LIB.
1224 170 1249 199 Ι.

1721 169 1774 200 ἿΞΞ

149 212 281 260 ἐγίνοντοἶ
302 212 418 260 Λέγουσι
442 214 470 241 δέ
485 215 532 242 καὶ
552 215 629 243 τοῦτο
654 219 718 255 περὶ
744 220 793 254 τῆς
808 221 931 256 Κρήτης,
950 225 976 255 Α
991 224 1100 259 κώτερα
1116 225 1187 260 μέρη
1203 226 1252 259 τῆς
1267 225 1472 260 Πελοποννήσου
1487 226 1622 259 ληϊζουσι,
1641 225 1772 260 Μοθώνης

147 258 189 284 ὅτι
202 257 245 284 διὰ
259 257 288 284 τὸ
303 259 352 292 τῆς
368 259 450 294 νήσου
468 262 555 297 τραχῦ
573 263 624 290 οὐκ
638 264 765 292 ἐδύναντο
778 267 847 301 μετὰ
859 268 940 301 ’ἁμα-

148 304 204 337 ξῶν
217 305 373 338 προσϐολὰς
388 307 476 333 ποιεῖν
490 308 536 334 καὶ
552 309 754 344 ἀκοντίζεσθαι,
771 312 817 338 καὶ
830 312 939 347 πρῶτον

146 350 190 376 διὰ
203 351 283 377 τοῦτο
300 351 415 385 ἔφιπποι
428 354 452 378 οξ
465 354 576 389 Κρῆτες
592 355 695 389 ἔδειξαν
713 358 859 394 μάχεσθαι.

182 397 281 432 Κόριοι
305 398 334 424 δέ
348 400 494 432 γεγονότες
507 401 558 436 τῆς
572 403 702 438 τοιαύτης
719 404 840 440 μεγάλης
854 406 937 441 νήσου

144 442 247 475 τρόπον
263 442 340 477 103
354 443 383 469 ὃν
399 444 505 479 ἔφημεν
521 447 546 472 οἱ
566 447 724 482 ’Δγαρηνοὶ,
743 449 789 476 καὶ
805 450 874 484 νῆας
887 459 938 485 μα-

143 488 213 520 κρὰς
225 489 397 524 ποιήσαντες,
410 491 457 517 καὶ
468 493 768 528 θαλασσοκρατοῦντες,
780 495 880 522 νεωστὶ
891 496 937 521 τὸν

145 533 246 561 Μίνωα
261 535 439 571 μιμούμενοι,
468 537 648 572 λῃστεύοντες
662 537 735 574 ἦσαν
750 541 797 566 καὶ
812 541 861 572 τὰς
879 541 938 567 Κυ-

145 580 245 612 κλάδας
257 582 480 617 νήσουςέλήῖζον
496 585 542 611 καὶ
558 584 659 619 πολλὴν
683 585 789 620 φθορὰν
805 586 846 617 είς
873 587 937 617 τοὺς

145 626 328 661 Χριστιανοὺς
343 628 405 655 καθ’
420 630 529 664 ἡμέραν
543 631 663 658 ἐποίουν.
677 632 790 667 Χρόνων
802 632 832 658 δέ
845 640 936 667 παρα-

144 672 305 707 δραμόντων
330 676 539 710 τεσσαράκοντα
554 677 602 704 καὶ
626 678 707 709 ἐπτὰ,
724 678 772 704 ἐπὶ
794 678 845 713 τῆς
858 678 937 713 βασι-

145 716 220 748 λείας
248 717 393 746 Βασιλείου
422 721 469 747 τοῦ
492 722 662 755 Μακεδόνος,
692 723 765 759 Σαὴλ
785 724 935 758 ’Λπόχαψό

145 763 267 798 ἀρχηγὸς
298 766 422 801 Κρήτης,
439 768 496 799 υίὸς
510 768 557 794 τοῦ
583 769 746 804 ἁμερμουνῆ
777 770 935 805 Ἀπόχαποῖ

144 809 192 836 τοῦ
209 810 259 845 τὴν
285 811 399 847 Κρήτην
415 814 608 849 κερδήσαντος,
636 814 715 847 αὖθις
730 817 810 848 αὐτὸς
824 816 939 852 λῃστριπ

145 856 197 887 κὰς
210 857 278 891 νῆας
294 859 404 894 μακρὰς
428 860 621 896 οίκονομήσας,
647 861 681 893 ἃς
699 862 750 897 ἤδη
764 863 866 896 γαλέας
880 871 930 889 κα-

991 270 1037 295 καὶ
1056 270 1144 297 Πύλου
1171 270 1249 305 104
1265 271 1311 297 καὶ
1333 271 1500 305 Γλαρὲντζας
1517 271 1564 296 καὶ
1589 271 1709 304 Πάτρας,
1726 271 1774 297 καὶ

992 317 1025 343 τὰ
1040 317 1122 351 ἕτερα
1150 316 1253 342 ἐκεῖθεν
1269 316 1367 351 χωρία,
1392 316 1490 350 βουλὴν
1510 315 1668 349 βουλεύεται
1693 317 1722 341 ἐν
1739 316 1773 350 τῇ

989 361 1095 396 διανοίᾳ
1109 361 1222 397 συνετὴν
1241 362 1289 388 καὶ
1316 359 1411 396 σοφήν.
1429 363 1484 388 Καὶ
1500 360 1534 398 ἦν
1553 363 1570 396 ή
1591 361 1673 396 βουλὴ
1687 361 1734 388 καὶ
1759 363 1774 387 ὁ

990 408 1068 441 λόγος
1087 408 1168 442 ἔργον
1199 407 1303 439 εὐθύς·
1333 408 1488 442 ἰλιγγιάσας
1516 407 1571 442 γὰρ
1597 406 1772 442 περιοδεῦσαι

991 453 1040 488 τὴν
1054 454 1256 488 Πέλοπόννησον
1273 453 1316 480 διὰ
1335 453 1518 488 Μυρμιδόνων
1542 453 1589 480 καὶ
1608 452 1773 487 Ἐπιδαύρου

989 499 1036 526 καὶ
1052 498 1159 525 Μαλὲου
1177 499 1225 524 καὶ
1250 499 1396 532 Νεταρίου,
1413 498 1458 524 διὰ
1481 498 1612 525 δυσκόλου
1630 498 1698 525 πλοῦ
1726 500 1774 524 καὶ

988 544 1082 578 χιλίων
1099 543 1194 578 μιλίων
1213 544 1300 578 μῆκος
1314 543 1452 578 τηνάλλως
1468 545 1659 578 ἁναμετρὴσας
1672 552 1703 570 τε
1725 545 1773 570 καὶ

988 589 1173 624 προσήκοντος
1187 589 1341 623 ὑστερήσας
1357 589 1467 623 καιροῦ,
1480 589 1517 620 ὡς
1541 587 1625 624 εἶχεν,
1641 589 1723 621 εὐθὺς
1737 590 1771 624 τῇ

987 636 1055 670 αύτῇ
1071 636 1149 662 νυκτὶ
1164 636 1207 661 διὰ
1223 635 1270 661 τοῦ
1285 635 1468 669 Κορινθιακοῦ
1496 635 1592 670 ἰσθμοῦ
1611 635 1772 670 πολυχειρίᾳ

987 681 1159 716 χρησάμενος
1186 681 1256 714 πρὸς
1273 680 1323 715 τὴν
1347 680 1455 707 ἐκεῖθεν
1482 681 1595 714 δοτικὴν
1621 680 1771 711 θάλασσαν,

986 727 1098 760 πλησίον
1120 727 1168 753 τοῦ
1191 727 1347 761 ὀρύγματος
1369 727 1437 753 ὅπου
1458 727 1488 752 τὸ
1501 725 1548 753 τοῦ
1566 726 1664 760 ἰσθμοῦ
1680 726 1772 760 τεῖχος

985 772 1118 806 ἐγεγόνει.
1136 772 1206 799 κατὰ
1215 773 1246 798 τὸ
1260 773 1344 807 ξηρὸν
1355 772 1509 804 διαϐιϐάζει
1526 772 1575 802 τὰς
1591 772 1668 805 νῆας.
1678 771 1772 804 Ἐμϐι-

985 818 1072 848 ϐἀσας
1095 817 1124 843 δὲ
1150 817 1215 844 λαὸν
1230 818 1277 843 καὶ
1303 817 1405 852 ἄνδρας
1421 818 1560 852 μαχίμους
1579 816 1724 851 συντόμως
1743 817 1773 842 ἐν

984 862 1082 892 αὑταῖς
1097 861 1166 895 ὑπὲρ
1180 862 1210 888 τὸ
1222 862 1347 897 ἀρκετὸν,
1362 862 1423 889 ὅσον
1440 860 1475 897 ἦν
1493 862 1619 893 δυνατὸν,
1635 862 1718 896 ἔργου
1732 862 1771 887 εί-

145 903 307 937 τονομάζειν
336 904 466 932 εἰώθασιν
489 907 549 942 ἦτοι
575 908 712 943 τριήρεις,
743 909 789 935 τὸν
811 909 928 943 ἀριθμὸν
946 915 965 942 Β
980 915 1052 942 χετο.
1070 906 1125 933 Καὶ
1144 906 1228 941 μηδὲν
1242 906 1397 939 ἐλπίζοντες
1410 907 1434 934 οἱ
1450 907 1576 942 πολέμιοι
1586 906 1697 941 Κρῆτες
1708 906 1767 940 (ἐπὶ

144 947 211 974 ὡσεὶ
225 949 375 983 τριάκοντα
404 950 566 987 (κωπαρίων
590 954 678 980 εἴκοσι
705 954 751 980 καὶ
768 954 813 980 δύο
830 955 931 989 ἑκάστη

145 994 259 1028 αὐτῶν),
272 996 320 1021 καὶ
336 996 434 1031 ἐτέρας
451 997 518 1031 νῆας
543 998 704 1034 λῃπρικᾶς,
723 1000 879 1035 ἐξορμήσας
902 1002 934 1027 ἐκ

145 1040 197 1075 τῆς
211 1041 335 1076 Κρήτης,
350 1042 400 1075 τὰς
418 1043 446 1069 ἐν
457 1043 495 1078 τῷ
505 1045 610 1079 Αίγαίῳ
624 1046 737 1079 πελάγει
748 1047 846 1080 νήσους
858 1046 933 1077 ἐληΐ-

147 1092 222 1119 σατο,
238 1085 297 1114 εἶτα
322 1089 370 1115 καὶ
385 1090 471 1124 αὐτὴν
486 1090 532 1116 τοῦ
551 1091 672 1123 Πέλοπος
697 1092 780 1125 νῆσον
795 1092 933 1118 κατέϐαλε

147 1133 194 1159 καὶ
209 1133 259 1165 τὰς
274 1134 398 1162 κάτωθεν
412 1136 498 1171 αὐτῆς
512 1138 612 1172 νήσους
631 1138 736 1170 ἐλύπει,
753 1140 891 1167 Ζάκυνθόν
904 1148 933 1165 τε

147 1179 195 1205 καὶ
209 1179 396 1215 Κεφαληνίαν.
421 1183 561 1219 Ἐμηνύθη
577 1184 606 1211 δέ
621 1184 701 1210 τοῦτο
715 1185 753 1220 τῷ
770 1185 876 1219 βασιλεῖ
891 1186 935 1212 διὰ

147 1225 331 1260 ταχυδρόμου,
356 1228 404 1254 καὶ
426 1228 572 1263 ἐξαρτίσκς
598 1229 691 1256 στόλον
719 1231 814 1257 ἱκανὸν
830 1231 934 1257 στέλλει

148 1272 210 1301 κατ’
234 1271 334 1305 αὐτῶν⁷
364 1274 542 1308 καταστήσας
567 1276 751 1310 δρουγγάριον
767 1277 818 1311 τῆς
847 1277 935 1310 αὐτῆς

148 1319 280 1352 ναυτικῆς
297 1318 440 1353 δυνάμεως
458 1320 504 1347 τὸν
530 1322 678 1356 πατρίκιον
693 1322 829 1357 Νικήταν,
847 1322 933 1357 ἄνδρα

149 1363 235 1390 δεινὸν
252 1363 297 1391 καὶ
310 1365 465 1401 δραστηρδν
477 1367 523 1394 καὶ
538 1367 671 1405 ἔμπειρον
686 1369 788 1401 παντὸς
801 1370 933 1404 πολέμου,

150 1409 260 1443 ὑδραίου
276 1418 305 1436 τε
320 1411 367 1437 καὶ
384 1412 527 1446 χερσαίου,
541 1413 571 1444 ὃς
589 1415 714 1449 μηχανὰς
730 1413 801 1441 οἶδεν
822 1415 860 1446 ὡς
886 1415 934 1450 οὐχ

149 1454 253 1489 ἐτερος.
281 1455 454 1487 Πνεύσαντος
478 1457 507 1484 δέ
523 1457 624 1493 ἀνέμου
650 1458 756 1494 βορείου
776 1460 885 1495 ἡδίστου
901 1459 934 1486 δι’

149 1500 246 1535 ὀλίγων
273 1502 619 1539 ήμερῶν¹καταλαμϐάνει
642 1505 691 1540 τὴν
716 1505 934 1540 Πελοπόννησον.

150 1547 205 1574 Καὶ
219 1547 326 1581 φθάσας
341 1549 370 1575 ἐν
384 1548 422 1584 τῷ
437 1550 528 1586 λιμένι
544 1551 598 1577 τῶν
615 1551 775 1586 Κεγχρεῶν,
794 1552 831 1582 ὼς
857 1552 936 1587 εῐρη-

149 1600 207 1624 ται,
222 1592 317 1626 μαθὼν
332 1593 361 1620 δὲ
375 1594 417 1621 ὅτι
433 1595 460 1622 al
483 1595 538 1623 τῶν
551 1595 657 1630 ἐχθρῶν
673 1596 797 1632 τριήρεις
818 1597 851 1624 τὰ
865 1597 938 1625 δυτιο

151 1684 293 1713 doncnses.
311 1685 383 1714 inter
403 1686 452 1714 bos
468 1694 540 1723 saepe
554 1687 624 1716 bella
638 1693 666 1716 et
679 1689 774 1724 proelia
790 1690 936 1719 commissa

151 1735 226 1758 sunt.
244 1730 366 1759 Tradunt
382 1732 464 1760 etiam
487 1733 537 1761 hoc
551 1734 584 1762 de
600 1733 691 1768 Creta,
708 1740 818 1770 propter
834 1737 938 1772 asperi-

153 1781 236 1805 tatem
258 1777 307 1805 soli
323 1785 378 1806 non
387 1779 508 1814 potuisse
520 1780 547 1807 in
563 1787 595 1807 ea
611 1787 672 1808 cum
685 1781 811 1809 curribus
822 1782 938 1817 impetus

150 1823 209 1852 ﬁeri
236 1829 263 1852 et
283 1824 409 1860 iaculari,
435 1825 507 1854 unde
531 1825 626 1855 Cretes
649 1827 730 1862 primi
747 1835 780 1856 ex
795 1828 873 1864 equis
890 1835 956 1863 pu--

151 1870 270 1905 gnariut.
481 1901 485 1905 _

184 1914 267 1943 Potiti
287 1916 370 1951 igitur
381 1924 479 1952 magna
495 1917 546 1945 hac
558 1918 650 1946 insula
662 1926 706 1953 eo,
723 1927 777 1955 quo
801 1920 936 1953 diximus,

150 1960 232 1988 modo
243 1960 370 1996 Aglreni,
383 1962 591 1998 navibusiongis
598 1964 750 1992 exstructis
759 1969 787 1992 et
798 1965 936 1993 vindicato

151 2005 203 2033 sibi
217 2005 333 2040 imperio
349 2006 445 2040 maris,
462 2008 495 2034 ad
511 2007 610 2035 Minois
618 2009 770 2044 exemplum
787 2009 932 2044 piraticam

151 2050 314 2078 exercebant
323 2055 349 2078 et
360 2050 493 2087 Cycladas
504 2052 608 2080 insulas
619 2053 819 2088 populabantur
827 2058 855 2081 et
866 2055 937 2082 mul-

151 2101 207 2124 tam
221 2097 341 2131 quotidie
350 2097 500 2132 perniciem
510 2097 674 2127 Christianis
689 2099 855 2127 inferebant.
869 2100 936 2128 Post

151 2149 239 2170 annos
269 2147 372 2176 septem
399 2148 426 2170 et
441 2144 635 2179 quadraginta,
662 2145 812 2180 imperante
836 2145 938 2174 Basilio

152 2186 310 2220 Macedone,
327 2187 561 2224 SaeiApocbaps.
585 2189 674 2217 Cretae
698 2191 835 2226 princeps,
866 2191 935 2226 eius,

151 2234 198 2268 qui
209 2234 320 2262 Cretam
336 2235 491 2270 occupavit,
503 2236 660 2270 Apochapis
672 2238 843 2265 amermunis
852 2237 936 2270 illius,
954 2254 975 2282 Β

152 2279 244 2306 denuo
264 2287 347 2307 naves
361 2281 501 2314 piraticus,
517 2289 586 2316 quas
608 2289 683 2309 nunc
694 2282 786 2317 galeas
814 2285 871 2311 sive
888 2285 938 2312 tri-

153 2333 242 2353 remes
260 2327 402 2354 nominare
424 2327 524 2361 solent,
541 2335 657 2355 numero
687 2329 744 2356 fere
774 2329 883 2364 triginta
910 2335 939 2357 et

154 2373 300 2406 remigibus
319 2373 414 2408 viginti
436 2373 543 2401 duobus
576 2374 735 2408 instructas,
763 2382 843 2411 atque
869 2376 937 2404 alias

154 2425 236 2445 naves
245 2420 421 2454 pradaloﬁas
436 2421 622 2453 comparavit:
638 2422 736 2449 deinde
753 2430 767 2449 e
783 2423 864 2450 Creta
875 2431 938 2458 pro-

153 2471 272 2499 gressus,
288 2464 391 2492 insulas
410 2467 495 2493 maris
513 2465 598 2501 [Egaai
615 2468 760 2502 populatus
775 2470 938 2503 est,ipsam-

153 2518 206 2544 que
222 2512 291 2538 adeo
310 2511 529 2547 Peloponnesum
550 2512 660 2546 invasit,
678 2518 706 2541 et
735 2513 839 2541 insulas
868 2515 937 2542 infra

153 2564 213 2584 eam
228 2557 304 2591 sitas,
335 2557 503 2594 Zacynthum
529 2562 558 2585 et
584 2559 790 2594 Cepbaieniam,
818 2561 936 2588 vexavit.

153 2603 211 2636 Qua
225 2610 254 2630 re
270 2603 429 2638 imperatori
443 2612 490 2639 per
505 2604 619 2632 faselum
646 2607 782 2639 nuntiata,
809 2607 936 2634 idoneam

153 2649 178 2676 is
194 2648 309 2676 classem
341 2649 473 2678 adversus
487 2650 549 2678 illos
576 2651 662 2684 misit,
692 2652 840 2686 drungario
865 2653 937 2679 fat-to

152 2694 246 2723 Niceta
263 2695 389 2730 patricio,
403 2697 463 2724 viro
477 2697 604 2732 prudenti
617 2703 644 2725 et
660 2704 773 2725 strenuo
788 2706 820 2725 ac
833 2699 935 2726 scienti

152 2742 241 2770 Omnis
255 2742 293 2770 rei
311 2741 423 2776 bellica,
440 2747 495 2770 tum
508 2743 646 2771 terrestris
662 2748 717 2771 tum
732 2744 845 2771 navalis.
865 2743 935 2771 idem

152 2786 311 2817 bellicarum
330 2787 427 2815 artium
448 2788 552 2822 peritus
578 2795 647 2822 erat,
679 2794 709 2816 ut
737 2796 817 2816 nemo
843 2797 934 2824 supra.

154 2830 247 2859 Fiante
262 2831 404 2860 lenissimo
427 2833 518 2865 borea,
533 2834 627 2868 paucis
640 2833 736 2861 diebus
759 2834 785 2861 in
803 2833 936 2869 Pelopon-

156 2883 250 2904 nesum
274 2878 407 2909 pervenit.
421 2879 529 2907 Delatus
547 2880 574 2906 in
592 2884 697 2911 portum
719 2880 933 2912 Cencltrcnrum,

985 955 1095 982 Μαλέου
1111 954 1166 989 γὰρ
1181 953 1253 989 εῐχον
1266 954 1316 985 τὰς
1340 953 1550 988 ἡμεροσκόπους
1564 953 1611 978 καὶ
1625 951 1772 978 νυκτοσκό-

986 1009 1054 1031 πους
1068 1001 1161 1034 ταχεῖς
1176 999 1244 1033 νῆας
1261 999 1417 1033 φυλάττειν,
1444 999 1492 1025 ἐάν
1519 1007 1562 1030 τις
1592 997 1686 1026 στόλος
1707 996 1772 1022 Ῥωσ

987 1045 1084 1080 μαῖκδς
1099 1045 1164 1079 ἔλθῃ
1181 1044 1240 1071 κατ’
1257 1044 1371 1078 αὐτῶν),
1393 1043 1478 1074 οὕτως
1497 1042 1640 1077 αίφνιδίως
1654 1042 1770 1068 ἐπιτίθε-

986 1099 1030 1117 ται
1045 1091 1149 1121 αὐτοῖς,
1167 1091 1215 1117 καὶ
1231 1089 1368 1124 συγχύσας
1389 1089 1435 1116 καὶ
1463 1089 1634 1124 συνταράξας
1661 1088 1771 1118 αὐτοὺς.

986 1137 1025 1167 είς
1040 1136 1128 1170 φυγὴν
1145 1136 1315 1170 ἐτράπησαν.
1330 1136 1386 1167 Τὰς
1411 1136 1461 1169 μὲν
1475 1133 1521 1161 οὖν
1538 1135 1718 1169 πυρπολήσας
1732 1133 1771 1167 τῷ

986 1182 1062 1217 ὑγρῷ
1077 1182 1155 1216 πυρὶ,
1169 1181 1218 1212 τὰς
1233 1181 1261 1207 δέ
1277 1182 1487 1214 καταποντίσας,
1502 1181 1551 1212 τὰς
1573 1181 1601 1207 δὲ
1627 1180 1772 1215 ζωγρήσας

985 1228 1039 1254 τῶν
1055 1226 1194 1261 πολεμίων
1217 1227 1299 1262 νηῶν,
1331 1227 1393 1258 τοὺς
1423 1226 1451 1252 δὲ
1469 1226 1626 1261 βαρϐάρους
1642 1227 1705 1257 τοὺς
1721 1226 1771 1260 μὲν

985 1273 1088 1300 ἀνελὼν
1099 1273 1138 1307 τῷ
1152 1273 1224 1307 ξίφει
1240 1273 1303 1304 τοὺς
1317 1273 1344 1299 δὲ
1362 1272 1546 1307 ὑποϐρυχίους
1572 1271 1772 1305 ποιησάμενος.

986 1321 1032 1345 καὶ
1050 1319 1096 1345 τὸν
1110 1319 1251 1354 ναυάρχήν
1264 1318 1310 1345 καὶ
1325 1319 1459 1353 αὐθέντην
1475 1318 1567 1345 αὐτῶν
1583 1317 1695 1348 ἀνελὼν,
1709 1317 1774 1348 τοὺς

985 1364 1095 1396 λοιποὺς
1106 1364 1337 1399 διασκεδασθῆναι
1350 1363 1422 1390 κατὰ
1439 1364 1490 1398 τὴν
1505 1365 1587 1398 νῆσον
1604 1363 1771 1397 ἠνάγκασεν·

986 1408 1045 1436 εἶτα
1059 1409 1140 1441 αὐτὸς
1164 1409 1270 1441 πάντας
1287 1409 1436 1444 ζωγρήσας
1464 1409 1512 1435 καὶ
1529 1408 1702 1442 σαγηνεύσας
1715 1408 1773 1433 δια-

986 1456 1080 1491 φόροις
1093 1456 1241 1491 τιμωρίαις
1257 1455 1378 1484 ἐνέϐαλε.
1392 1456 1448 1481 Καὶ
1463 1454 1541 1490 105
1554 1453 1641 1485 οὕτως
1657 1454 1681 1479 οἱ
1695 1454 1772 1488 K971—

986 1510 1032 1533 τις
1048 1502 1196 1537 ’Δγαρηνοὶ
1210 1502 1311 1533 ίδόντες
1327 1500 1489 1534 ἐδειλίασαν,
1506 1500 1555 1532 τὰς
1568 1500 1620 1526 τῶν
1628 1500 1772 1534 Ῥωμαίων

989 1547 1157 1582 στρατηγίας
1186 1547 1233 1573 καὶ
1263 1546 1387 1581 μηχανὰς
1411 1545 1620 1581 θαυμάζοντες·
1652 1545 1699 1571 καὶ
1723 1543 1772 1580 τὴν

988 1594 1116 1628 τοιαύτην
1131 1592 1270 1619 ἀπώλειαν
1288 1592 1418 1627 ἐξαίφνης
1446 1591 1591 1625 παθόντες,
1607 1590 1772 1626 φοϐηθέντες

989 1693 1018 1717 ut
1031 1688 1133 1716 dictum
1144 1690 1197 1719 est,
1212 1693 1274 1714 cum
1310 1685 1431 1713 hostium
1448 1684 1574 1712 triremes
1587 1683 1771 1711 occidentales

987 1740 1080 1770 partes
1112 1732 1217 1764 insulae.
1249 1731 1407 1764 Mothonen,
1442 1729 1549 1766 Pylmr,
1586 1730 1772 1761 Glarenuam,

988 1780 1084 1808 Putrss
1100 1784 1127 1807 et
1147 1779 1250 1814 reliqua
1268 1778 1341 1806 illius
1364 1778 1484 1812 regionis
1501 1778 1558 1805 loca
1589 1777 1711 1812 popul-ri
1725 1784 1773 1802 au-

988 1826 1110 1857 divisset,
1123 1825 1267 1853 consilium
1276 1824 1367 1851 animo
1378 1823 1449 1858 cepit
1459 1823 1579 1858 prudens
1590 1818 1617 1850 et
1631 1822 1771 1850 callidum.

988 1869 1077 1907 Atque
1087 1870 1232 1898 consilium
1245 1874 1272 1898 et
1286 1869 1398 1897 verbum
1409 1869 1503 1897 statim
1519 1869 1627 1904 excepit
1643 1869 1701 1904 ipsa
1717 1875 1771 1895 res.

987 1916 1057 1944 Cum
1068 1916 1140 1943 enim
1159 1916 1285 1943 horreret
1302 1914 1452 1942 circumire
1473 1914 1691 1949 Peloponnesum
1722 1920 1771 1948 per

987 1961 1180 1998 Myrmidones,
1192 1960 1376 1995 Epidaurum,
1395 1959 1511 1987 Maleam
1525 1964 1554 1987 et
1565 1958 1717 1989 Netarium,
1739 1965 1773 1984 ne

988 2007 1189 2042 navigationem
1207 2006 1348 2033 molestam
1365 2005 1469 2033 subiret
1483 2009 1540 2038 aut,
1567 2004 1642 2032 mille
1670 2003 1772 2043 minia-

987 2053 1058 2080 rium
1077 2051 1270 2088 iongitudinem
1288 2051 1474 2086 nequidquam
1496 2057 1636 2082 emensus,
1662 2049 1774 2077 adveni-

988 2103 1029 2127 ret
1040 2106 1111 2131 sero,
1121 2097 1212 2125 statim
1221 2097 1265 2125 illa
1273 2097 1332 2132 ipsa
1346 2101 1437 2129 nocte,
1449 2096 1596 2123 multorum
1606 2103 1671 2123 usus
1678 2101 1773 2129 opera,

988 2153 1038 2180 per
1053 2145 1184 2173 lsthmum
1198 2144 1403 2172 Corinthiacum
1430 2143 1462 2170 ad
1486 2142 1657 2170 occidentale
1687 2149 1773 2174 mare,

987 2198 1073 2226 prope
1090 2190 1202 2224 fossam,
1215 2190 1260 2217 ubi
1274 2197 1370 2217 murus
1388 2189 1484 2216 Isthmi
1510 2193 1578 2221 erat,
1596 2195 1646 2222 per
1672 2192 1772 2214 terram

989 2245 1073 2266 naves
1086 2237 1228 2266 transfert.
1258 2236 1389 2271 imposito
1413 2235 1560 2263 confestim
1593 2239 1773 2263 strenuornn-

990 2284 1106 2311 militum
1123 2291 1236 2311 numcro
1265 2283 1373 2318 majori,
1395 2290 1476 2318 quam
1493 2282 1561 2310 satis
1592 2287 1661 2314 erat,
1685 2281 1773 2316 operi,

990 2335 1122 2365 quantum
1143 2333 1259 2363 poterat,
1275 2328 1456 2361 incumbebat,
1470 2333 1552 2363 atque
1562 2327 1629 2355 nihil
1647 2327 1701 2354 tale
1710 2334 1773 2362 spe-

990 2381 1083 2403 rantes
1099 2375 1194 2402 Cretes
1210 2375 1313 2407 hostes,
1332 2374 1377 2409 qui
1395 2374 1427 2400 ad
1448 2374 1561 2400 Maleam
1577 2373 1623 2401 diu
1634 2378 1772 2407 noctuque

990 2420 1097 2446 veloces
1106 2419 1252 2448 habebant.
1268 2425 1329 2452 quae
1348 2419 1538 2450 observarent,
1561 2418 1584 2445 si
1601 2425 1653 2452 qua
1669 2417 1773 2444 Itoma-

990 2472 1086 2491 normn
1102 2464 1196 2491 classis
1211 2469 1306 2491 contra
1320 2464 1392 2498 ipsos
1407 2471 1518 2491 cursum
1531 2465 1665 2497 tenderet,
1682 2463 1774 2490 subito

990 2512 1104 2544 invadit,
1127 2510 1307 2545 confususque
1319 2516 1346 2537 et
1372 2511 1495 2538 turbatos
1508 2511 1534 2538 in
1566 2511 1656 2544 fugam
1682 2510 1773 2537 vertit.

989 2556 1077 2585 Naves
1090 2564 1183 2584 eorum
1195 2557 1294 2591 partim
1307 2556 1369 2590 igne
1386 2556 1481 2584 Graeco
1505 2557 1637 2589 incendit,
1674 2556 1772 2591 partim

989 2605 1132 2640 depressit,
1149 2605 1246 2638 partim
1264 2604 1336 2639 cepit
1350 2612 1358 2637 ;
1383 2602 1520 2631 Barbaros
1538 2604 1610 2638 ipsos
1626 2606 1673 2630 aut
1683 2603 1773 2638 gladio

989 2650 1276 2682 interemit,autundis
1290 2650 1449 2682 submersit.
1467 2655 1558 2685 atque,
1571 2651 1663 2678 occiso
1677 2657 1771 2678 eorum

988 2695 1058 2722 duce
1073 2701 1100 2722 et
1114 2697 1249 2730 principe,
1266 2696 1387 2731 reliquos
1402 2704 1451 2731 per
1470 2696 1586 2724 insulam
1603 2701 1633 2724 ut
1647 2704 1677 2724 se
1691 2697 1773 2724 dissi-

988 2747 1085 2776 pztrcnt
1101 2743 1189 2776 coegit
1204 2751 1210 2769 :
1242 2750 1311 2777 quos
1327 2747 1416 2770 tamen
1437 2748 1528 2778 postea
1541 2750 1639 2770 omnes
1649 2750 1773 2777 compre-

989 2787 1074 2814 henso
1082 2804 1087 2808 ι
1094 2789 1176 2815 variis
1185 2788 1270 2815 affecit
1280 2789 1427 2823 suppliciis.
1438 2788 1484 2816 llis
1493 2790 1648 2824 compertis,
1659 2789 1773 2825 Λευειιί

987 2833 1131 2862 Cretenses
1143 2840 1175 2861 te:
1183 2843 1243 2862 rore
1254 2837 1448 2870 pert-uisisunt,
1458 2837 1621 2864 admirantes
1629 2837 1667 2864 rei
1675 2836 1775 2864 bellica:

989 2880 1249 2913 pel‘iliamartcsuue
1262 2881 1456 2916 Romanorum;
1471 2891 1500 2910 ac
1517 2883 1563 2910 tali
1578 2883 1655 2911 clade
1664 2885 1775 2918 repente
