  <div class='ocr_page' id='page_1' title='image "/cluster/home/n/w/nwhite01/storage/ocr_20150623/156/njp.32101077773214/377.png"; bbox 0 0 1931 3079; ppageno 0'>
   <div class='ocr_carea' id='block_1_1' title="bbox 151 87 199 118">
    <p class='ocr_par' dir='ltr' id='par_1_1' title="bbox 151 87 199 118">
     <span class='ocr_line' id='line_1_1' title="bbox 151 87 199 118; baseline 0.021 -1"><span class='ocrx_word' id='word_1_1' title='bbox 151 87 199 118; x_wconf 65' lang='grc' dir='ltr'><strong>τω</strong></span> 
     </span>
    </p>
   </div>
   <div class='ocr_carea' id='block_1_2' title="bbox 758 77 1162 111">
    <p class='ocr_par' dir='ltr' id='par_1_2' title="bbox 758 77 1162 111">
     <span class='ocr_line' id='line_1_2' title="bbox 758 77 1162 111; baseline -0.005 -1"><span class='ocrx_word' id='word_1_2' title='bbox 758 79 923 111; x_wconf 75' lang='lat' dir='ltr'><strong>GEORGII</strong></span> <span class='ocrx_word' id='word_1_3' title='bbox 947 77 1162 110; x_wconf 59' lang='grc' dir='ltr'><strong>ΡΗΠΛΝΤΖῈ</strong></span> 
     </span>
    </p>
   </div>
   <div class='ocr_carea' id='block_1_3' title="bbox 1720 76 1774 105">
    <p class='ocr_par' dir='ltr' id='par_1_3' title="bbox 1720 76 1774 105">
     <span class='ocr_line' id='line_1_3' title="bbox 1720 76 1774 105; baseline -0.037 0"><span class='ocrx_word' id='word_1_4' title='bbox 1720 76 1774 105; x_wconf 67' lang='grc' dir='ltr'><strong>ἨΔ</strong></span> 
     </span>
    </p>
   </div>
   <div class='ocr_carea' id='block_1_4' title="bbox 148 130 1775 174">
    <p class='ocr_par' dir='ltr' id='par_1_4' title="bbox 148 130 1775 174">
     <span class='ocr_line' id='line_1_4' title="bbox 148 130 1775 174; baseline -0.005 -10"><span class='ocrx_word' id='word_1_5' title='bbox 148 139 285 174; x_wconf 75' lang='grc' dir='ltr'><strong>ποιήσωσι</strong></span> <span class='ocrx_word' id='word_1_6' title='bbox 306 137 354 165; x_wconf 79' lang='grc' dir='ltr'>καὶ</span> <span class='ocrx_word' id='word_1_7' title='bbox 377 137 423 165; x_wconf 72' lang='grc' dir='ltr'><strong>διὰ</strong></span> <span class='ocrx_word' id='word_1_8' title='bbox 437 137 467 164; x_wconf 82' lang='grc' dir='ltr'><strong>τδ</strong></span> <span class='ocrx_word' id='word_1_9' title='bbox 486 136 525 172; x_wconf 76' lang='grc' dir='ltr'>μὴ</span> <span class='ocrx_word' id='word_1_10' title='bbox 547 137 587 169; x_wconf 88' lang='grc' dir='ltr'><strong>εἰς</strong></span> <span class='ocrx_word' id='word_1_11' title='bbox 612 135 833 171; x_wconf 74' lang='grc' dir='ltr'><strong>Λακεδαιμονίαν</strong></span> <span class='ocrx_word' id='word_1_12' title='bbox 849 135 934 170; x_wconf 78' lang='grc' dir='ltr'>ἧγουν</span> <span class='ocrx_word' id='word_1_13' title='bbox 950 133 972 160; x_wconf 80' lang='grc' dir='ltr'>Α</span> <span class='ocrx_word' id='word_1_14' title='bbox 986 142 1032 168; x_wconf 89' lang='grc' dir='ltr'><strong>ρος</strong></span> <span class='ocrx_word' id='word_1_15' title='bbox 1058 133 1170 160; x_wconf 74' lang='grc' dir='ltr'>ὄπισθεν</span> <span class='ocrx_word' id='word_1_16' title='bbox 1195 132 1240 160; x_wconf 80' lang='grc' dir='ltr'><strong>διὰ</strong></span> <span class='ocrx_word' id='word_1_17' title='bbox 1267 133 1315 167; x_wconf 89' lang='grc' dir='ltr'><strong>τῆς</strong></span> <span class='ocrx_word' id='word_1_18' title='bbox 1339 132 1400 159; x_wconf 79' lang='grc' dir='ltr'><strong>ὁδσῦ</strong></span> <span class='ocrx_word' id='word_1_19' title='bbox 1425 130 1475 164; x_wconf 73' lang='grc' dir='ltr'><strong>τῆς</strong></span> <span class='ocrx_word' id='word_1_20' title='bbox 1491 131 1652 167; x_wconf 80' lang='grc' dir='ltr'>ἀπαγοῦσης</span> <span class='ocrx_word' id='word_1_21' title='bbox 1667 131 1708 162; x_wconf 82' lang='grc' dir='ltr'><strong>είς</strong></span> <span class='ocrx_word' id='word_1_22' title='bbox 1723 130 1775 165; x_wconf 78' lang='grc' dir='ltr'><strong>τὴν</strong></span> 
     </span>
    </p>
   </div>
   <div class='ocr_carea' id='block_1_5' title="bbox 148 180 934 219">
    <p class='ocr_par' dir='ltr' id='par_1_5' title="bbox 148 180 934 219">
     <span class='ocr_line' id='line_1_5' title="bbox 148 180 934 219; baseline -0.005 -9"><span class='ocrx_word' id='word_1_23' title='bbox 148 184 279 219; x_wconf 77' lang='grc' dir='ltr'><strong>Σπάρτην</strong></span> <span class='ocrx_word' id='word_1_24' title='bbox 305 182 452 218; x_wconf 81' lang='grc' dir='ltr'>εὑρεθῆναι</span> <span class='ocrx_word' id='word_1_25' title='bbox 475 181 542 217; x_wconf 80' lang='grc' dir='ltr'>ὁμοῦ</span> <span class='ocrx_word' id='word_1_26' title='bbox 564 182 629 214; x_wconf 79' lang='grc' dir='ltr'>τοὺς</span> <span class='ocrx_word' id='word_1_27' title='bbox 649 181 794 215; x_wconf 79' lang='grc' dir='ltr'>ἀδελφοὺς.</span> <span class='ocrx_word' id='word_1_28' title='bbox 816 180 899 216; x_wconf 82' lang='grc' dir='ltr'>ἡνίκα</span> <span class='ocrx_word' id='word_1_29' title='bbox 920 181 934 206; x_wconf 82' lang='grc' dir='ltr'><strong>ό</strong></span> 
     </span>
    </p>
   </div>
   <div class='ocr_carea' id='block_1_6' title="bbox 147 226 934 263">
    <p class='ocr_par' dir='ltr' id='par_1_6' title="bbox 147 226 934 263">
     <span class='ocr_line' id='line_1_6' title="bbox 147 226 934 263; baseline -0.004 -8"><span class='ocrx_word' id='word_1_30' title='bbox 147 229 263 263; x_wconf 83' lang='grc' dir='ltr'>ἁδελφὸς</span> <span class='ocrx_word' id='word_1_31' title='bbox 295 229 386 255; x_wconf 79' lang='grc' dir='ltr'>αὐτῶν</span> <span class='ocrx_word' id='word_1_32' title='bbox 415 228 544 254; x_wconf 68' lang='grc' dir='ltr'>ἐϐούλετο</span> <span class='ocrx_word' id='word_1_33' title='bbox 579 227 696 263; x_wconf 80' lang='grc' dir='ltr'>μοναχὺς</span> <span class='ocrx_word' id='word_1_34' title='bbox 723 227 863 260; x_wconf 78' lang='grc' dir='ltr'>γενέσθαι.</span> <span class='ocrx_word' id='word_1_35' title='bbox 894 226 934 261; x_wconf 86' lang='grc' dir='ltr'><strong>Τῇ</strong></span> 
     </span>
    </p>
   </div>
   <div class='ocr_carea' id='block_1_7' title="bbox 147 271 936 310">
    <p class='ocr_par' dir='ltr' id='par_1_7' title="bbox 147 271 936 310">
     <span class='ocr_line' id='line_1_7' title="bbox 147 271 936 310; baseline -0.001 -10"><span class='ocrx_word' id='word_1_36' title='bbox 147 272 384 310; x_wconf 73' lang='grc' dir='ltr'>πρώτῃἻουλίου</span> <span class='ocrx_word' id='word_1_37' title='bbox 406 274 454 300; x_wconf 78' lang='grc' dir='ltr'>τοῦ</span> <span class='ocrx_word' id='word_1_38' title='bbox 471 273 555 301; x_wconf 81' lang='grc' dir='ltr'>αὑτοῦ</span> <span class='ocrx_word' id='word_1_39' title='bbox 578 274 656 306; x_wconf 75' lang='grc' dir='ltr'>ἔτους</span> <span class='ocrx_word' id='word_1_40' title='bbox 678 272 833 307; x_wconf 71' lang='grc' dir='ltr'><strong>ἐξελθόντες</strong></span> <span class='ocrx_word' id='word_1_41' title='bbox 853 271 936 310; x_wconf 82' lang='grc' dir='ltr'>ἦλθον</span> 
     </span>
    </p>
   </div>
   <div class='ocr_carea' id='block_1_8' title="bbox 149 320 937 357">
    <p class='ocr_par' dir='ltr' id='par_1_8' title="bbox 149 320 937 357">
     <span class='ocr_line' id='line_1_8' title="bbox 149 320 937 357; baseline 0.001 -11"><span class='ocrx_word' id='word_1_42' title='bbox 149 321 219 347; x_wconf 75' lang='grc' dir='ltr'>κατὰ</span> <span class='ocrx_word' id='word_1_43' title='bbox 231 321 279 355; x_wconf 83' lang='grc' dir='ltr'><strong>τῆς</strong></span> <span class='ocrx_word' id='word_1_44' title='bbox 294 321 404 357; x_wconf 82' lang='grc' dir='ltr'>Πάτρας</span> <span class='ocrx_word' id='word_1_45' title='bbox 416 321 440 347; x_wconf 87' lang='grc' dir='ltr'>οῐ</span> <span class='ocrx_word' id='word_1_46' title='bbox 454 321 530 356; x_wconf 79' lang='grc' dir='ltr'>τρεῖς</span> <span class='ocrx_word' id='word_1_47' title='bbox 544 321 599 348; x_wconf 81' lang='grc' dir='ltr'><strong>τῶν</strong></span> <span class='ocrx_word' id='word_1_48' title='bbox 609 321 796 356; x_wconf 70' lang='grc' dir='ltr'>αὺταδὲλφων,</span> <span class='ocrx_word' id='word_1_49' title='bbox 810 321 858 348; x_wconf 74' lang='grc' dir='ltr'>καὶ</span> <span class='ocrx_word' id='word_1_50' title='bbox 870 329 903 348; x_wconf 84' lang='grc' dir='ltr'><strong>πε</strong></span> <span class='ocrx_word' id='word_1_51' title='bbox 908 320 937 356; x_wconf 82' lang='lat' dir='ltr'><strong>pl.</strong></span> 
     </span>
    </p>
   </div>
   <div class='ocr_carea' id='block_1_9' title="bbox 149 366 937 403">
    <p class='ocr_par' dir='ltr' id='par_1_9' title="bbox 149 366 937 403">
     <span class='ocr_line' id='line_1_9' title="bbox 149 366 937 403; baseline 0.003 -12"><span class='ocrx_word' id='word_1_52' title='bbox 149 367 214 397; x_wconf 80' lang='grc' dir='ltr'>τοὺς</span> <span class='ocrx_word' id='word_1_53' title='bbox 231 366 341 401; x_wconf 80' lang='grc' dir='ltr'>μύλους</span> <span class='ocrx_word' id='word_1_54' title='bbox 357 367 457 400; x_wconf 75' lang='grc' dir='ltr'>ἔξωθεν</span> <span class='ocrx_word' id='word_1_55' title='bbox 470 368 519 402; x_wconf 87' lang='grc' dir='ltr'><strong>τῆς</strong></span> <span class='ocrx_word' id='word_1_56' title='bbox 535 368 619 402; x_wconf 76' lang='grc' dir='ltr'>αὐτῆς</span> <span class='ocrx_word' id='word_1_57' title='bbox 631 368 734 400; x_wconf 83' lang='grc' dir='ltr'>πόλεως</span> <span class='ocrx_word' id='word_1_58' title='bbox 746 368 937 403; x_wconf 83' lang='grc' dir='ltr'>σκηνώσαντες</span> 
     </span>
    </p>
   </div>
   <div class='ocr_carea' id='block_1_10' title="bbox 151 411 939 448">
    <p class='ocr_par' dir='ltr' id='par_1_10' title="bbox 151 411 939 448">
     <span class='ocr_line' id='line_1_10' title="bbox 151 411 939 448; baseline 0 -10"><span class='ocrx_word' id='word_1_59' title='bbox 151 413 241 439; x_wconf 73' lang='grc' dir='ltr'>ἐκεῖσε</span> <span class='ocrx_word' id='word_1_60' title='bbox 260 413 306 439; x_wconf 77' lang='grc' dir='ltr'>καὶ</span> <span class='ocrx_word' id='word_1_61' title='bbox 323 413 372 448; x_wconf 82' lang='grc' dir='ltr'>τὴν</span> <span class='ocrx_word' id='word_1_62' title='bbox 388 413 503 448; x_wconf 79' lang='grc' dir='ltr'>ἀνεψιὰν</span> <span class='ocrx_word' id='word_1_63' title='bbox 518 413 565 440; x_wconf 85' lang='grc' dir='ltr'>τοῦ</span> <span class='ocrx_word' id='word_1_64' title='bbox 578 413 702 447; x_wconf 77' lang='grc' dir='ltr'>Καρόλου</span> <span class='ocrx_word' id='word_1_65' title='bbox 722 413 820 448; x_wconf 80' lang='grc' dir='ltr'>κυρίαν</span> <span class='ocrx_word' id='word_1_66' title='bbox 836 411 939 440; x_wconf 80' lang='grc' dir='ltr'>Θεοδώ-</span> 
     </span>
    </p>
   </div>
   <div class='ocr_carea' id='block_1_11' title="bbox 152 458 939 495">
    <p class='ocr_par' dir='ltr' id='par_1_11' title="bbox 152 458 939 495">
     <span class='ocr_line' id='line_1_11' title="bbox 152 458 939 495; baseline 0 -10"><span class='ocrx_word' id='word_1_67' title='bbox 152 466 202 493; x_wconf 84' lang='grc' dir='ltr'><strong>ραν</strong></span> <span class='ocrx_word' id='word_1_68' title='bbox 217 459 333 493; x_wconf 78' lang='grc' dir='ltr'>ῆγαγον,</span> <span class='ocrx_word' id='word_1_69' title='bbox 347 458 410 486; x_wconf 76' lang='grc' dir='ltr'>ἔνθα</span> <span class='ocrx_word' id='word_1_70' title='bbox 426 459 473 486; x_wconf 84' lang='grc' dir='ltr'>καὶ</span> <span class='ocrx_word' id='word_1_71' title='bbox 485 460 499 486; x_wconf 81' lang='grc' dir='ltr'>ὁ</span> <span class='ocrx_word' id='word_1_72' title='bbox 513 459 648 495; x_wconf 80' lang='grc' dir='ltr'><strong>δεσπότης</strong></span> <span class='ocrx_word' id='word_1_73' title='bbox 665 460 716 494; x_wconf 75' lang='grc' dir='ltr'><strong>κδρ</strong></span> <span class='ocrx_word' id='word_1_74' title='bbox 733 459 939 491; x_wconf 80' lang='grc' dir='ltr'>Κωνστανττνος</span> 
     </span>
    </p>
   </div>
   <div class='ocr_carea' id='block_1_12' title="bbox 153 504 940 541">
    <p class='ocr_par' dir='ltr' id='par_1_12' title="bbox 153 504 940 541">
     <span class='ocr_line' id='line_1_12' title="bbox 153 504 940 541; baseline 0.003 -11"><span class='ocrx_word' id='word_1_75' title='bbox 153 504 321 539; x_wconf 79' lang='grc' dir='ltr'>συνεζεύχθη</span> <span class='ocrx_word' id='word_1_76' title='bbox 339 506 387 532; x_wconf 72' lang='grc' dir='ltr'>καλ.</span> <span class='ocrx_word' id='word_1_77' title='bbox 399 506 541 541; x_wconf 81' lang='grc' dir='ltr'>ηὐλογήθη</span> <span class='ocrx_word' id='word_1_78' title='bbox 557 505 651 541; x_wconf 74' lang='grc' dir='ltr'>αὺτήν.</span> <span class='ocrx_word' id='word_1_79' title='bbox 664 506 711 537; x_wconf 74' lang='grc' dir='ltr'><strong>Εἰς</strong></span> <span class='ocrx_word' id='word_1_80' title='bbox 727 506 755 533; x_wconf 79' lang='grc' dir='ltr'>δὲ</span> <span class='ocrx_word' id='word_1_81' title='bbox 771 506 881 541; x_wconf 83' lang='grc' dir='ltr'>Πάτραν</span> <span class='ocrx_word' id='word_1_82' title='bbox 893 506 940 532; x_wconf 81' lang='grc' dir='ltr'><strong>οὺ-</strong></span> 
     </span>
    </p>
   </div>
   <div class='ocr_carea' id='block_1_13' title="bbox 151 549 940 587">
    <p class='ocr_par' dir='ltr' id='par_1_13' title="bbox 151 549 940 587">
     <span class='ocr_line' id='line_1_13' title="bbox 151 549 940 587; baseline 0.004 -12"><span class='ocrx_word' id='word_1_83' title='bbox 151 549 197 575; x_wconf 68' lang='grc' dir='ltr'><strong>δδν</strong></span> <span class='ocrx_word' id='word_1_84' title='bbox 222 550 412 586; x_wconf 76' lang='grc' dir='ltr'>ἑκατωρθώθη</span> <span class='ocrx_word' id='word_1_85' title='bbox 439 552 509 586; x_wconf 78' lang='grc' dir='ltr'>πρὸς</span> <span class='ocrx_word' id='word_1_86' title='bbox 533 551 647 584; x_wconf 67' lang='grc' dir='ltr'>ἅλωσιν,</span> <span class='ocrx_word' id='word_1_87' title='bbox 660 551 728 578; x_wconf 78' lang='grc' dir='ltr'>ἀλλὰ</span> <span class='ocrx_word' id='word_1_88' title='bbox 745 551 848 587; x_wconf 80' lang='grc' dir='ltr'>μᾶλλον</span> <span class='ocrx_word' id='word_1_89' title='bbox 863 551 901 584; x_wconf 83' lang='grc' dir='ltr'>ὥς</span> <span class='ocrx_word' id='word_1_90' title='bbox 914 561 940 579; x_wconf 83' lang='grc' dir='ltr'><strong>τι</strong></span> 
     </span>
    </p>
   </div>
   <div class='ocr_carea' id='block_1_14' title="bbox 150 595 940 634">
    <p class='ocr_par' dir='ltr' id='par_1_14' title="bbox 150 595 940 634">
     <span class='ocr_line' id='line_1_14' title="bbox 150 595 940 634; baseline 0.003 -11"><span class='ocrx_word' id='word_1_91' title='bbox 150 597 260 623; x_wconf 71' lang='grc' dir='ltr'>ἀστεῖον</span> <span class='ocrx_word' id='word_1_92' title='bbox 274 595 308 631; x_wconf 85' lang='grc' dir='ltr'>ἦν</span> <span class='ocrx_word' id='word_1_93' title='bbox 322 598 358 623; x_wconf 80' lang='grc' dir='ltr'><strong>τὰ.</strong></span> <span class='ocrx_word' id='word_1_94' title='bbox 372 597 449 632; x_wconf 79' lang='grc' dir='ltr'>παρὰ</span> <span class='ocrx_word' id='word_1_95' title='bbox 463 597 509 623; x_wconf 82' lang='grc' dir='ltr'>τοῦ</span> <span class='ocrx_word' id='word_1_96' title='bbox 525 597 657 624; x_wconf 75' lang='grc' dir='ltr'>δεσπότου</span> <span class='ocrx_word' id='word_1_97' title='bbox 670 598 724 633; x_wconf 80' lang='grc' dir='ltr'>κῦρ</span> <span class='ocrx_word' id='word_1_98' title='bbox 738 598 876 633; x_wconf 79' lang='grc' dir='ltr'><strong>Θεοδώρου</strong></span> <span class='ocrx_word' id='word_1_99' title='bbox 893 606 940 634; x_wconf 88' lang='grc' dir='ltr'>με-</span> 
     </span>
    </p>
   </div>
   <div class='ocr_carea' id='block_1_15' title="bbox 152 641 941 679">
    <p class='ocr_par' dir='ltr' id='par_1_15' title="bbox 152 641 941 679">
     <span class='ocr_line' id='line_1_15' title="bbox 152 641 941 679; baseline 0.005 -13"><span class='ocrx_word' id='word_1_100' title='bbox 152 641 304 675; x_wconf 81' lang='grc' dir='ltr'>λετούμενα</span> <span class='ocrx_word' id='word_1_101' title='bbox 326 642 374 668; x_wconf 81' lang='grc' dir='ltr'>τοῦ</span> <span class='ocrx_word' id='word_1_102' title='bbox 401 642 531 676; x_wconf 76' lang='grc' dir='ltr'>γενέσθαι</span> <span class='ocrx_word' id='word_1_103' title='bbox 558 643 695 678; x_wconf 84' lang='grc' dir='ltr'>μοναχόν·</span> <span class='ocrx_word' id='word_1_104' title='bbox 721 643 856 677; x_wconf 78' lang='grc' dir='ltr'><strong>ἀθετῆσαι</strong></span> <span class='ocrx_word' id='word_1_105' title='bbox 886 645 941 679; x_wconf 82' lang='grc' dir='ltr'><strong>γὰρ</strong></span> 
     </span>
    </p>
   </div>
   <div class='ocr_carea' id='block_1_16' title="bbox 153 685 942 727">
    <p class='ocr_par' dir='ltr' id='par_1_16' title="bbox 153 685 942 727">
     <span class='ocr_line' id='line_1_16' title="bbox 153 685 942 727; baseline 0.005 -17"><span class='ocrx_word' id='word_1_106' title='bbox 153 685 278 712; x_wconf 76' lang='grc' dir='ltr'>ἐϐούλετο</span> <span class='ocrx_word' id='word_1_107' title='bbox 290 687 337 712; x_wconf 76' lang='grc' dir='ltr'><strong>καὶ</strong></span> <span class='ocrx_word' id='word_1_108' title='bbox 349 687 402 714; x_wconf 81' lang='grc' dir='ltr'><strong>ἀνὰ</strong></span> <span class='ocrx_word' id='word_1_109' title='bbox 416 687 472 714; x_wconf 83' lang='grc' dir='ltr'><strong>τῶν</strong></span> <span class='ocrx_word' id='word_1_110' title='bbox 485 687 609 722; x_wconf 78' lang='grc' dir='ltr'>ἀδελφῶν</span> <span class='ocrx_word' id='word_1_111' title='bbox 625 687 777 714; x_wconf 72' lang='grc' dir='ltr'><strong>σκανδάλου</strong></span> <span class='ocrx_word' id='word_1_112' title='bbox 792 685 825 722; x_wconf 81' lang='grc' dir='ltr'>ἦν</span> <span class='ocrx_word' id='word_1_113' title='bbox 842 688 942 727; x_wconf 59' lang='grc' dir='ltr'>αἴτιον,</span> 
     </span>
    </p>
   </div>
   <div class='ocr_carea' id='block_1_17' title="bbox 152 731 942 770">
    <p class='ocr_par' dir='ltr' id='par_1_17' title="bbox 152 731 942 770">
     <span class='ocr_line' id='line_1_17' title="bbox 152 731 942 770; baseline 0.006 -13"><span class='ocrx_word' id='word_1_114' title='bbox 152 731 224 758; x_wconf 77' lang='grc' dir='ltr'>ὥστε</span> <span class='ocrx_word' id='word_1_115' title='bbox 239 732 279 759; x_wconf 76' lang='lat' dir='ltr'><strong>sic</strong></span> <span class='ocrx_word' id='word_1_116' title='bbox 292 733 325 758; x_wconf 76' lang='grc' dir='ltr'>τὰ</span> <span class='ocrx_word' id='word_1_117' title='bbox 339 732 389 767; x_wconf 85' lang='grc' dir='ltr'><strong>τῆς</strong></span> <span class='ocrx_word' id='word_1_118' title='bbox 404 733 515 767; x_wconf 80' lang='grc' dir='ltr'><strong>Πάτρας</strong></span> <span class='ocrx_word' id='word_1_119' title='bbox 530 733 723 768; x_wconf 73' lang='grc' dir='ltr'>συμπέρασμα</span> <span class='ocrx_word' id='word_1_120' title='bbox 737 742 764 760; x_wconf 91' lang='grc' dir='ltr'><strong>τι</strong></span> <span class='ocrx_word' id='word_1_121' title='bbox 777 735 896 770; x_wconf 73' lang='grc' dir='ltr'>χρηστὸν</span> <span class='ocrx_word' id='word_1_122' title='bbox 911 736 942 762; x_wconf 83' lang='grc' dir='ltr'>οὐ</span> 
     </span>
    </p>
   </div>
   <div class='ocr_carea' id='block_1_18' title="bbox 153 777 942 816">
    <p class='ocr_par' dir='ltr' id='par_1_18' title="bbox 153 777 942 816">
     <span class='ocr_line' id='line_1_18' title="bbox 153 777 942 816; baseline 0.006 -13"><span class='ocrx_word' id='word_1_123' title='bbox 153 777 343 812; x_wconf 72' lang='grc' dir='ltr'><strong>κατωρθοῦτο,</strong></span> <span class='ocrx_word' id='word_1_124' title='bbox 358 777 416 804; x_wconf 77' lang='grc' dir='ltr'>ἀλλ’</span> <span class='ocrx_word' id='word_1_125' title='bbox 429 778 446 813; x_wconf 83' lang='grc' dir='ltr'>ἦ</span> <span class='ocrx_word' id='word_1_126' title='bbox 464 779 548 813; x_wconf 84' lang='grc' dir='ltr'>μόνον</span> <span class='ocrx_word' id='word_1_127' title='bbox 563 779 631 814; x_wconf 84' lang='grc' dir='ltr'>τρία</span> <span class='ocrx_word' id='word_1_128' title='bbox 653 780 740 814; x_wconf 80' lang='grc' dir='ltr'>μικρὰ</span> <span class='ocrx_word' id='word_1_129' title='bbox 754 780 840 807; x_wconf 74' lang='grc' dir='ltr'>ἄστεα</span> <span class='ocrx_word' id='word_1_130' title='bbox 854 781 942 816; x_wconf 77' lang='grc' dir='ltr'>παρέ-</span> 
     </span>
    </p>
   </div>
   <div class='ocr_carea' id='block_1_19' title="bbox 124 823 942 861">
    <p class='ocr_par' dir='ltr' id='par_1_19' title="bbox 124 823 942 861">
     <span class='ocr_line' id='line_1_19' title="bbox 124 823 942 861; baseline 0.005 -12"><span class='ocrx_word' id='word_1_131' title='bbox 124 838 127 841; x_wconf 98' lang='grc'><strong><em>-</em></strong></span> <span class='ocrx_word' id='word_1_132' title='bbox 154 823 248 855; x_wconf 83' lang='grc' dir='ltr'>λασον,</span> <span class='ocrx_word' id='word_1_133' title='bbox 264 824 429 859; x_wconf 79' lang='grc' dir='ltr'><strong>ποιήσαντες</strong></span> <span class='ocrx_word' id='word_1_134' title='bbox 444 825 559 859; x_wconf 76' lang='grc' dir='ltr'>εἰρήνην</span> <span class='ocrx_word' id='word_1_135' title='bbox 577 825 626 852; x_wconf 81' lang='grc' dir='ltr'>καὶ</span> <span class='ocrx_word' id='word_1_136' title='bbox 637 823 790 861; x_wconf 80' lang='grc' dir='ltr'>συμϐάσεις</span> <span class='ocrx_word' id='word_1_137' title='bbox 807 827 876 861; x_wconf 75' lang='grc' dir='ltr'>μετὰ</span> <span class='ocrx_word' id='word_1_138' title='bbox 888 827 942 854; x_wconf 75' lang='grc' dir='ltr'><strong>τῶν</strong></span> 
     </span>
    </p>
   </div>
   <div class='ocr_carea' id='block_1_20' title="bbox 156 867 942 908">
    <p class='ocr_par' dir='ltr' id='par_1_20' title="bbox 156 867 942 908">
     <span class='ocr_line' id='line_1_20' title="bbox 156 867 942 908; baseline 0.006 -14"><span class='ocrx_word' id='word_1_139' title='bbox 156 867 232 894; x_wconf 66' lang='grc' dir='ltr'>ἔνδον</span> <span class='ocrx_word' id='word_1_140' title='bbox 256 868 403 896; x_wconf 76' lang='grc' dir='ltr'>οἰκούντων</span> <span class='ocrx_word' id='word_1_141' title='bbox 421 869 492 904; x_wconf 81' lang='grc' dir='ltr'>μετὰ</span> <span class='ocrx_word' id='word_1_142' title='bbox 511 869 661 906; x_wconf 81' lang='grc' dir='ltr'>συνθήκης,</span> <span class='ocrx_word' id='word_1_143' title='bbox 686 870 730 897; x_wconf 73' lang='grc' dir='ltr'><strong>ἵνα</strong></span> <span class='ocrx_word' id='word_1_144' title='bbox 751 871 849 898; x_wconf 86' lang='grc' dir='ltr'>τελῶσι</span> <span class='ocrx_word' id='word_1_145' title='bbox 873 872 942 908; x_wconf 77' lang='grc' dir='ltr'>πρὸς</span> 
     </span>
    </p>
   </div>
   <div class='ocr_carea' id='block_1_21' title="bbox 155 913 943 953">
    <p class='ocr_par' dir='ltr' id='par_1_21' title="bbox 155 913 943 953">
     <span class='ocr_line' id='line_1_21' title="bbox 155 913 943 953; baseline 0.008 -14"><span class='ocrx_word' id='word_1_146' title='bbox 155 913 203 940; x_wconf 79' lang='grc' dir='ltr'><strong>τὸν</strong></span> <span class='ocrx_word' id='word_1_147' title='bbox 221 914 358 948; x_wconf 72' lang='grc' dir='ltr'>δεσπότην</span> <span class='ocrx_word' id='word_1_148' title='bbox 380 915 434 949; x_wconf 78' lang='grc' dir='ltr'><strong>κὺρ</strong></span> <span class='ocrx_word' id='word_1_149' title='bbox 457 914 665 943; x_wconf 81' lang='grc' dir='ltr'>Κωνσταντῖνον</span> <span class='ocrx_word' id='word_1_150' title='bbox 686 917 747 943; x_wconf 82' lang='grc' dir='ltr'>κατ’</span> <span class='ocrx_word' id='word_1_151' title='bbox 770 916 831 949; x_wconf 79' lang='grc' dir='ltr'>ἔτος</span> <span class='ocrx_word' id='word_1_152' title='bbox 852 919 943 953; x_wconf 79' lang='grc' dir='ltr'>χρυσᾶ</span> 
     </span>
    </p>
   </div>
   <div class='ocr_carea' id='block_1_22' title="bbox 158 960 943 999">
    <p class='ocr_par' dir='ltr' id='par_1_22' title="bbox 158 960 943 999">
     <span class='ocr_line' id='line_1_22' title="bbox 158 960 943 999; baseline 0.006 -13"><span class='ocrx_word' id='word_1_153' title='bbox 158 960 258 996; x_wconf 87' lang='grc' dir='ltr'>νούμια</span> <span class='ocrx_word' id='word_1_154' title='bbox 273 961 452 988; x_wconf 84' lang='grc' dir='ltr'>πεντακόσια.</span> <span class='ocrx_word' id='word_1_155' title='bbox 470 962 526 989; x_wconf 84' lang='grc' dir='ltr'><strong>Καὶ</strong></span> <span class='ocrx_word' id='word_1_156' title='bbox 536 962 623 994; x_wconf 80' lang='grc' dir='ltr'>οὕτως</span> <span class='ocrx_word' id='word_1_157' title='bbox 636 962 794 998; x_wconf 73' lang='grc' dir='ltr'>ιγερθίντες</span> <span class='ocrx_word' id='word_1_158' title='bbox 808 964 858 998; x_wconf 75' lang='grc' dir='ltr'>μὲν</span> <span class='ocrx_word' id='word_1_159' title='bbox 873 964 943 999; x_wconf 83' lang='grc' dir='ltr'>μετὰ</span> 
     </span>
    </p>
   </div>
   <div class='ocr_carea' id='block_1_23' title="bbox 154 1005 942 1044">
    <p class='ocr_par' dir='ltr' id='par_1_23' title="bbox 154 1005 942 1044">
     <span class='ocr_line' id='line_1_23' title="bbox 154 1005 942 1044; baseline 0.008 -13"><span class='ocrx_word' id='word_1_160' title='bbox 154 1005 202 1032; x_wconf 84' lang='grc' dir='ltr'>τοῦ</span> <span class='ocrx_word' id='word_1_161' title='bbox 219 1005 353 1041; x_wconf 79' lang='grc' dir='ltr'>βασιλέως</span> <span class='ocrx_word' id='word_1_162' title='bbox 366 1007 414 1034; x_wconf 81' lang='grc' dir='ltr'>καὶ</span> <span class='ocrx_word' id='word_1_163' title='bbox 430 1007 477 1034; x_wconf 79' lang='grc' dir='ltr'><strong>τοῦ</strong></span> <span class='ocrx_word' id='word_1_164' title='bbox 493 1007 573 1043; x_wconf 78' lang='lat' dir='ltr'><strong>13o</strong></span> <span class='ocrx_word' id='word_1_165' title='bbox 587 1008 718 1035; x_wconf 80' lang='grc' dir='ltr'>δεσπότου</span> <span class='ocrx_word' id='word_1_166' title='bbox 735 1009 787 1044; x_wconf 82' lang='grc' dir='ltr'>κὺρ</span> <span class='ocrx_word' id='word_1_167' title='bbox 803 1009 942 1044; x_wconf 83' lang='grc' dir='ltr'>Θεοδώρου</span> 
     </span>
    </p>
   </div>
   <div class='ocr_carea' id='block_1_24' title="bbox 155 1051 942 1091">
    <p class='ocr_par' dir='ltr' id='par_1_24' title="bbox 155 1051 942 1091">
     <span class='ocr_line' id='line_1_24' title="bbox 155 1051 942 1091; baseline 0.006 -13"><span class='ocrx_word' id='word_1_168' title='bbox 155 1051 317 1087; x_wconf 79' lang='grc' dir='ltr'><strong>ἀπήλθομεν</strong></span> <span class='ocrx_word' id='word_1_169' title='bbox 337 1052 382 1079; x_wconf 76' lang='grc' dir='ltr'><strong>διὰ</strong></span> <span class='ocrx_word' id='word_1_170' title='bbox 397 1051 446 1089; x_wconf 89' lang='grc' dir='ltr'><strong>τῆς</strong></span> <span class='ocrx_word' id='word_1_171' title='bbox 461 1053 523 1080; x_wconf 83' lang='grc' dir='ltr'>ὀδοῦ</span> <span class='ocrx_word' id='word_1_172' title='bbox 547 1053 600 1088; x_wconf 87' lang='grc' dir='ltr'><strong>τῆς</strong></span> <span class='ocrx_word' id='word_1_173' title='bbox 624 1055 664 1086; x_wconf 83' lang='grc' dir='ltr'><strong>είς</strong></span> <span class='ocrx_word' id='word_1_174' title='bbox 682 1053 732 1089; x_wconf 78' lang='grc' dir='ltr'>τὴν</span> <span class='ocrx_word' id='word_1_175' title='bbox 747 1055 876 1091; x_wconf 75' lang='grc' dir='ltr'>Σπάρτην</span> <span class='ocrx_word' id='word_1_176' title='bbox 894 1064 942 1091; x_wconf 81' lang='grc' dir='ltr'><strong>φε-</strong></span> 
     </span>
    </p>
   </div>
   <div class='ocr_carea' id='block_1_25' title="bbox 156 1097 943 1139">
    <p class='ocr_par' dir='ltr' id='par_1_25' title="bbox 156 1097 943 1139">
     <span class='ocr_line' id='line_1_25' title="bbox 156 1097 943 1139; baseline 0.008 -16"><span class='ocrx_word' id='word_1_177' title='bbox 156 1097 268 1133; x_wconf 82' lang='grc' dir='ltr'>ρούσης,</span> <span class='ocrx_word' id='word_1_178' title='bbox 282 1099 295 1124; x_wconf 84' lang='grc' dir='ltr'><strong>ό</strong></span> <span class='ocrx_word' id='word_1_179' title='bbox 310 1097 337 1125; x_wconf 82' lang='grc' dir='ltr'>δὲ</span> <span class='ocrx_word' id='word_1_180' title='bbox 352 1098 485 1134; x_wconf 77' lang='grc' dir='ltr'>δεσπότης</span> <span class='ocrx_word' id='word_1_181' title='bbox 501 1099 553 1135; x_wconf 85' lang='grc' dir='ltr'><strong>κὺρ</strong></span> <span class='ocrx_word' id='word_1_182' title='bbox 571 1100 780 1132; x_wconf 80' lang='grc' dir='ltr'>Κωνσταντῖνος</span> <span class='ocrx_word' id='word_1_183' title='bbox 803 1101 838 1128; x_wconf 86' lang='grc' dir='ltr'><strong>δι’</strong></span> <span class='ocrx_word' id='word_1_184' title='bbox 857 1101 943 1139; x_wconf 73' lang='grc' dir='ltr'>ἄλλης</span> 
     </span>
    </p>
   </div>
   <div class='ocr_carea' id='block_1_26' title="bbox 155 1143 943 1182">
    <p class='ocr_par' dir='ltr' id='par_1_26' title="bbox 155 1143 943 1182">
     <span class='ocr_line' id='line_1_26' title="bbox 155 1143 943 1182; baseline 0.008 -13"><span class='ocrx_word' id='word_1_185' title='bbox 155 1143 195 1174; x_wconf 78' lang='grc' dir='ltr'>εἰς</span> <span class='ocrx_word' id='word_1_186' title='bbox 208 1143 239 1170; x_wconf 77' lang='grc' dir='ltr'>τὸ</span> <span class='ocrx_word' id='word_1_187' title='bbox 253 1143 424 1179; x_wconf 80' lang='grc' dir='ltr'>Χλομοῦτζιν</span> <span class='ocrx_word' id='word_1_188' title='bbox 438 1144 508 1179; x_wconf 81' lang='grc' dir='ltr'>μετὰ</span> <span class='ocrx_word' id='word_1_189' title='bbox 522 1145 571 1179; x_wconf 85' lang='grc' dir='ltr'><strong>τῆς</strong></span> <span class='ocrx_word' id='word_1_190' title='bbox 586 1146 720 1180; x_wconf 78' lang='grc' dir='ltr'>γυναικὸς</span> <span class='ocrx_word' id='word_1_191' title='bbox 735 1146 818 1174; x_wconf 77' lang='grc' dir='ltr'>αὐτοῦ</span> <span class='ocrx_word' id='word_1_192' title='bbox 830 1148 878 1174; x_wconf 71' lang='grc' dir='ltr'><strong>καὶ</strong></span> <span class='ocrx_word' id='word_1_193' title='bbox 891 1148 943 1182; x_wconf 90' lang='grc' dir='ltr'><strong>βα-</strong></span> 
     </span>
    </p>
   </div>
   <div class='ocr_carea' id='block_1_27' title="bbox 156 1189 943 1227">
    <p class='ocr_par' dir='ltr' id='par_1_27' title="bbox 156 1189 943 1227">
     <span class='ocr_line' id='line_1_27' title="bbox 156 1189 943 1227; baseline 0.009 -12"><span class='ocrx_word' id='word_1_194' title='bbox 156 1189 290 1225; x_wconf 74' lang='grc' dir='ltr'>σιλίσσης.</span> <span class='ocrx_word' id='word_1_195' title='bbox 303 1189 382 1217; x_wconf 78' lang='grc' dir='ltr'>Μετὰ</span> <span class='ocrx_word' id='word_1_196' title='bbox 396 1189 425 1217; x_wconf 82' lang='grc' dir='ltr'><em>δέ</em></span> <span class='ocrx_word' id='word_1_197' title='bbox 441 1198 503 1217; x_wconf 85' lang='grc' dir='ltr'>τινα</span> <span class='ocrx_word' id='word_1_198' title='bbox 518 1191 615 1227; x_wconf 77' lang='grc' dir='ltr'>καιρὸν</span> <span class='ocrx_word' id='word_1_199' title='bbox 632 1191 723 1227; x_wconf 83' lang='grc' dir='ltr'>ὀλίγον</span> <span class='ocrx_word' id='word_1_200' title='bbox 740 1193 802 1221; x_wconf 75' lang='grc' dir='ltr'>ἐπεὶ</span> <span class='ocrx_word' id='word_1_201' title='bbox 816 1194 943 1222; x_wconf 75' lang='grc' dir='ltr'>ιϐούλετο</span> 
     </span>
    </p>
   </div>
   <div class='ocr_carea' id='block_1_28' title="bbox 154 1235 943 1273">
    <p class='ocr_par' dir='ltr' id='par_1_28' title="bbox 154 1235 943 1273">
     <span class='ocr_line' id='line_1_28' title="bbox 154 1235 943 1273; baseline 0.008 -12"><span class='ocrx_word' id='word_1_202' title='bbox 154 1235 314 1262; x_wconf 70' lang='grc' dir='ltr'>ἐπανελθεῖν</span> <span class='ocrx_word' id='word_1_203' title='bbox 328 1237 342 1262; x_wconf 90' lang='grc' dir='ltr'><strong>ό</strong></span> <span class='ocrx_word' id='word_1_204' title='bbox 359 1236 490 1271; x_wconf 80' lang='grc' dir='ltr'>βασιλεὺς</span> <span class='ocrx_word' id='word_1_205' title='bbox 505 1237 609 1270; x_wconf 69' lang='grc' dir='ltr'>οἴκαδε,</span> <span class='ocrx_word' id='word_1_206' title='bbox 630 1239 762 1273; x_wconf 77' lang='grc' dir='ltr'>μηνυθεὶς</span> <span class='ocrx_word' id='word_1_207' title='bbox 778 1239 825 1268; x_wconf 70' lang='grc' dir='ltr'>καὶ</span> <span class='ocrx_word' id='word_1_208' title='bbox 839 1241 853 1267; x_wconf 86' lang='grc' dir='ltr'><strong>ό</strong></span> <span class='ocrx_word' id='word_1_209' title='bbox 866 1241 943 1267; x_wconf 83' lang='grc' dir='ltr'>ἀδελ-</span> 
     </span>
    </p>
   </div>
   <div class='ocr_carea' id='block_1_29' title="bbox 155 1281 942 1321">
    <p class='ocr_par' dir='ltr' id='par_1_29' title="bbox 155 1281 942 1321">
     <span class='ocr_line' id='line_1_29' title="bbox 155 1281 942 1321; baseline 0.009 -14"><span class='ocrx_word' id='word_1_210' title='bbox 155 1281 206 1316; x_wconf 69' lang='grc' dir='ltr'><strong>φὸς</strong></span> <span class='ocrx_word' id='word_1_211' title='bbox 223 1282 307 1309; x_wconf 81' lang='grc' dir='ltr'>αὑτοῦ</span> <span class='ocrx_word' id='word_1_212' title='bbox 323 1282 449 1317; x_wconf 78' lang='grc' dir='ltr'>ἀπῆλθεν</span> <span class='ocrx_word' id='word_1_213' title='bbox 462 1284 503 1315; x_wconf 83' lang='grc' dir='ltr'><strong>είς</strong></span> <span class='ocrx_word' id='word_1_214' title='bbox 517 1284 567 1320; x_wconf 81' lang='grc' dir='ltr'>τὴν</span> <span class='ocrx_word' id='word_1_215' title='bbox 592 1284 725 1321; x_wconf 81' lang='grc' dir='ltr'>Σπάρτην</span> <span class='ocrx_word' id='word_1_216' title='bbox 741 1286 795 1313; x_wconf 78' lang='grc' dir='ltr'><strong>ἀπὸ</strong></span> <span class='ocrx_word' id='word_1_217' title='bbox 811 1286 860 1314; x_wconf 80' lang='grc' dir='ltr'>τοῦ</span> <span class='ocrx_word' id='word_1_218' title='bbox 874 1287 942 1314; x_wconf 56' lang='lat' dir='ltr'><strong>XXo-</strong></span> 
     </span>
    </p>
   </div>
   <div class='ocr_carea' id='block_1_30' title="bbox 157 1327 943 1368">
    <p class='ocr_par' dir='ltr' id='par_1_30' title="bbox 157 1327 943 1368">
     <span class='ocr_line' id='line_1_30' title="bbox 157 1327 943 1368; baseline 0.01 -16"><span class='ocrx_word' id='word_1_219' title='bbox 157 1327 301 1359; x_wconf 77' lang='grc' dir='ltr'>μουτζίου·</span> <span class='ocrx_word' id='word_1_220' title='bbox 317 1328 445 1356; x_wconf 74' lang='grc' dir='ltr'>κάκεῖθεν</span> <span class='ocrx_word' id='word_1_221' title='bbox 468 1329 680 1363; x_wconf 83' lang='grc' dir='ltr'>διαϐιϐάσαντες</span> <span class='ocrx_word' id='word_1_222' title='bbox 704 1331 868 1368; x_wconf 79' lang='grc' dir='ltr'>ἀμφότεροι,</span> <span class='ocrx_word' id='word_1_223' title='bbox 895 1334 943 1360; x_wconf 74' lang='grc' dir='ltr'>καὶ</span> 
     </span>
    </p>
   </div>
   <div class='ocr_carea' id='block_1_31' title="bbox 155 1373 942 1415">
    <p class='ocr_par' dir='ltr' id='par_1_31' title="bbox 155 1373 942 1415">
     <span class='ocr_line' id='line_1_31' title="bbox 155 1373 942 1415; baseline 0.01 -17"><span class='ocrx_word' id='word_1_224' title='bbox 155 1373 181 1399; x_wconf 84' lang='grc' dir='ltr'><strong>οι</strong></span> <span class='ocrx_word' id='word_1_225' title='bbox 199 1373 333 1407; x_wconf 72' lang='grc' dir='ltr'>τέσσαρες</span> <span class='ocrx_word' id='word_1_226' title='bbox 347 1374 458 1410; x_wconf 77' lang='grc' dir='ltr'>ἀδελφοὶ</span> <span class='ocrx_word' id='word_1_227' title='bbox 474 1375 543 1410; x_wconf 81' lang='grc' dir='ltr'>ὁμοῦ</span> <span class='ocrx_word' id='word_1_228' title='bbox 559 1377 669 1411; x_wconf 74' lang='grc' dir='ltr'>ἡμέρας</span> <span class='ocrx_word' id='word_1_229' title='bbox 694 1377 789 1412; x_wconf 83' lang='grc' dir='ltr'>ὀλίγας</span> <span class='ocrx_word' id='word_1_230' title='bbox 810 1379 942 1415; x_wconf 84' lang='grc' dir='ltr'>ποιήσαν-</span> 
     </span>
    </p>
   </div>
   <div class='ocr_carea' id='block_1_32' title="bbox 157 1418 943 1457">
    <p class='ocr_par' dir='ltr' id='par_1_32' title="bbox 157 1418 943 1457">
     <span class='ocr_line' id='line_1_32' title="bbox 157 1418 943 1457; baseline 0.014 -14"><span class='ocrx_word' id='word_1_231' title='bbox 157 1425 214 1449; x_wconf 79' lang='grc' dir='ltr'>τες,</span> <span class='ocrx_word' id='word_1_232' title='bbox 226 1418 264 1453; x_wconf 84' lang='grc' dir='ltr'><strong>τῷ</strong></span> <span class='ocrx_word' id='word_1_233' title='bbox 283 1419 443 1455; x_wconf 79' lang='grc' dir='ltr'>Ὀκτωϐριῳ</span> <span class='ocrx_word' id='word_1_234' title='bbox 460 1421 526 1455; x_wconf 82' lang='grc' dir='ltr'>μηνὶ</span> <span class='ocrx_word' id='word_1_235' title='bbox 539 1421 587 1448; x_wconf 79' lang='grc' dir='ltr'><strong>τοῦ</strong></span> <span class='ocrx_word' id='word_1_236' title='bbox 597 1421 690 1457; x_wconf 31' lang='grc' dir='ltr'>ςςθλξ</span> <span class='ocrx_word' id='word_1_237' title='bbox 702 1423 780 1455; x_wconf 79' lang='grc' dir='ltr'>ἔτους</span> <span class='ocrx_word' id='word_1_238' title='bbox 793 1425 943 1454; x_wconf 79' lang='grc' dir='ltr'>ἀναϐάντες</span> 
     </span>
    </p>
   </div>
   <div class='ocr_carea' id='block_1_33' title="bbox 987 177 1777 215">
    <p class='ocr_par' dir='ltr' id='par_1_33' title="bbox 987 177 1777 215">
     <span class='ocr_line' id='line_1_33' title="bbox 987 177 1777 215; baseline -0.003 -11"><span class='ocrx_word' id='word_1_239' title='bbox 987 179 1127 215; x_wconf 79' lang='grc' dir='ltr'>Σπάρτην,</span> <span class='ocrx_word' id='word_1_240' title='bbox 1151 179 1197 206; x_wconf 74' lang='grc' dir='ltr'><strong>καλ</strong></span> <span class='ocrx_word' id='word_1_241' title='bbox 1220 179 1234 205; x_wconf 83' lang='grc' dir='ltr'><strong>ό</strong></span> <span class='ocrx_word' id='word_1_242' title='bbox 1260 179 1312 214; x_wconf 81' lang='grc' dir='ltr'>κὺρ</span> <span class='ocrx_word' id='word_1_243' title='bbox 1335 179 1437 214; x_wconf 83' lang='grc' dir='ltr'>θωμᾶς</span> <span class='ocrx_word' id='word_1_244' title='bbox 1453 179 1467 204; x_wconf 86' lang='grc' dir='ltr'><strong>ὀ</strong></span> <span class='ocrx_word' id='word_1_245' title='bbox 1483 177 1703 209; x_wconf 77' lang='grc' dir='ltr'>αὕθεντόπουλος</span> <span class='ocrx_word' id='word_1_246' title='bbox 1726 177 1777 204; x_wconf 72' lang='grc' dir='ltr'><strong>σὺν</strong></span> 
     </span>
    </p>
   </div>
   <div class='ocr_carea' id='block_1_34' title="bbox 987 224 1673 260">
    <p class='ocr_par' dir='ltr' id='par_1_34' title="bbox 987 224 1673 260">
     <span class='ocr_line' id='line_1_34' title="bbox 987 224 1673 260; baseline 0 -9"><span class='ocrx_word' id='word_1_247' title='bbox 987 225 1060 259; x_wconf 82' lang='grc' dir='ltr'><strong>αὐτῷ</strong></span> <span class='ocrx_word' id='word_1_248' title='bbox 1077 225 1159 260; x_wconf 85' lang='grc' dir='ltr'>μέχρι</span> <span class='ocrx_word' id='word_1_249' title='bbox 1173 225 1246 256; x_wconf 70' lang='grc' dir='ltr'>τινος</span> <span class='ocrx_word' id='word_1_250' title='bbox 1261 225 1380 256; x_wconf 82' lang='grc' dir='ltr'>ἀπῆλθεν</span> <span class='ocrx_word' id='word_1_251' title='bbox 1393 225 1433 256; x_wconf 82' lang='grc' dir='ltr'><strong>εἰς</strong></span> <span class='ocrx_word' id='word_1_252' title='bbox 1447 224 1480 250; x_wconf 80' lang='grc' dir='ltr'><strong>τὰ.</strong></span> <span class='ocrx_word' id='word_1_253' title='bbox 1493 224 1673 259; x_wconf 83' lang='grc' dir='ltr'>Καλάϐρυτα.</span> 
     </span>
    </p>
   </div>
   <div class='ocr_carea' id='block_1_35' title="bbox 1028 269 1776 306">
    <p class='ocr_par' dir='ltr' id='par_1_35' title="bbox 1028 269 1776 306">
     <span class='ocr_line' id='line_1_35' title="bbox 1028 269 1776 306; baseline -0.003 -9"><span class='ocrx_word' id='word_1_254' title='bbox 1028 270 1124 304; x_wconf 78' lang='grc' dir='ltr'>Ἡμεῖς</span> <span class='ocrx_word' id='word_1_255' title='bbox 1139 271 1168 297; x_wconf 79' lang='grc' dir='ltr'>δὲ</span> <span class='ocrx_word' id='word_1_256' title='bbox 1183 271 1252 306; x_wconf 81' lang='grc' dir='ltr'>μετὰ</span> <span class='ocrx_word' id='word_1_257' title='bbox 1267 270 1313 297; x_wconf 69' lang='grc' dir='ltr'>τοῦ</span> <span class='ocrx_word' id='word_1_258' title='bbox 1330 271 1462 297; x_wconf 83' lang='grc' dir='ltr'>αὖθὲντου</span> <span class='ocrx_word' id='word_1_259' title='bbox 1474 270 1552 304; x_wconf 83' lang='grc' dir='ltr'>ἡμῶν</span> <span class='ocrx_word' id='word_1_260' title='bbox 1564 269 1776 297; x_wconf 79' lang='grc' dir='ltr'>Κωνσταντίνου</span> 
     </span>
    </p>
   </div>
   <div class='ocr_carea' id='block_1_36' title="bbox 987 314 1775 351">
    <p class='ocr_par' dir='ltr' id='par_1_36' title="bbox 987 314 1775 351">
     <span class='ocr_line' id='line_1_36' title="bbox 987 314 1775 351; baseline -0.004 -8"><span class='ocrx_word' id='word_1_261' title='bbox 987 316 1035 343; x_wconf 80' lang='grc' dir='ltr'>τοῦ</span> <span class='ocrx_word' id='word_1_262' title='bbox 1050 315 1180 343; x_wconf 80' lang='grc' dir='ltr'>δεσπότου</span> <span class='ocrx_word' id='word_1_263' title='bbox 1196 315 1231 342; x_wconf 77' lang='grc' dir='ltr'>δι’</span> <span class='ocrx_word' id='word_1_264' title='bbox 1242 316 1326 351; x_wconf 75' lang='grc' dir='ltr'>ἄλλης</span> <span class='ocrx_word' id='word_1_265' title='bbox 1341 315 1401 343; x_wconf 83' lang='grc' dir='ltr'>ὀδοῦ</span> <span class='ocrx_word' id='word_1_266' title='bbox 1418 315 1539 351; x_wconf 72' lang='grc' dir='ltr'>ἧλθομεν</span> <span class='ocrx_word' id='word_1_267' title='bbox 1552 316 1591 345; x_wconf 80' lang='grc' dir='ltr'><strong>είς</strong></span> <span class='ocrx_word' id='word_1_268' title='bbox 1609 314 1775 347; x_wconf 71' lang='grc' dir='ltr'>Βοστῐτζανε</span> 
     </span>
    </p>
   </div>
   <div class='ocr_carea' id='block_1_37' title="bbox 989 361 1778 398">
    <p class='ocr_par' dir='ltr' id='par_1_37' title="bbox 989 361 1778 398">
     <span class='ocr_line' id='line_1_37' title="bbox 989 361 1778 398; baseline -0.004 -9"><span class='ocrx_word' id='word_1_269' title='bbox 989 362 1037 389; x_wconf 76' lang='grc' dir='ltr'>καὶ</span> <span class='ocrx_word' id='word_1_270' title='bbox 1052 362 1107 397; x_wconf 81' lang='grc' dir='ltr'><strong>γὰρ</strong></span> <span class='ocrx_word' id='word_1_271' title='bbox 1123 363 1148 389; x_wconf 82' lang='grc' dir='ltr'><strong>εί</strong></span> <span class='ocrx_word' id='word_1_272' title='bbox 1164 363 1212 390; x_wconf 81' lang='grc' dir='ltr'>καὶ</span> <span class='ocrx_word' id='word_1_273' title='bbox 1226 362 1344 398; x_wconf 66' lang='lat' dir='ltr'><strong>pouqu</strong></span> <span class='ocrx_word' id='word_1_274' title='bbox 1360 363 1410 389; x_wconf 72' lang='grc' dir='ltr'><strong>οὐκ</strong></span> <span class='ocrx_word' id='word_1_275' title='bbox 1424 362 1534 396; x_wconf 70' lang='grc' dir='ltr'>ἐγένετο</span> <span class='ocrx_word' id='word_1_276' title='bbox 1549 361 1563 387; x_wconf 79' lang='grc' dir='ltr'>ὁ</span> <span class='ocrx_word' id='word_1_277' title='bbox 1576 361 1711 396; x_wconf 72' lang='grc' dir='ltr'>δεσπότης</span> <span class='ocrx_word' id='word_1_278' title='bbox 1723 361 1778 395; x_wconf 78' lang='grc' dir='ltr'>κὺρ</span> 
     </span>
    </p>
   </div>
   <div class='ocr_carea' id='block_1_38' title="bbox 990 406 1778 444">
    <p class='ocr_par' dir='ltr' id='par_1_38' title="bbox 990 406 1778 444">
     <span class='ocr_line' id='line_1_38' title="bbox 990 406 1778 444; baseline -0.005 -8"><span class='ocrx_word' id='word_1_279' title='bbox 990 409 1138 444; x_wconf 84' lang='grc' dir='ltr'>Θεόδωρος,</span> <span class='ocrx_word' id='word_1_280' title='bbox 1153 409 1197 436; x_wconf 76' lang='grc' dir='ltr'>ἵνα</span> <span class='ocrx_word' id='word_1_281' title='bbox 1214 409 1350 444; x_wconf 81' lang='grc' dir='ltr'>ἁπομείνῃ</span> <span class='ocrx_word' id='word_1_282' title='bbox 1365 408 1440 440; x_wconf 71' lang='grc' dir='ltr'>ἄπας</span> <span class='ocrx_word' id='word_1_283' title='bbox 1454 407 1468 435; x_wconf 84' lang='grc' dir='ltr'><strong>ό</strong></span> <span class='ocrx_word' id='word_1_284' title='bbox 1481 408 1564 439; x_wconf 82' lang='grc' dir='ltr'>τόπος</span> <span class='ocrx_word' id='word_1_285' title='bbox 1579 406 1662 434; x_wconf 78' lang='grc' dir='ltr'>αὐτοῦ</span> <span class='ocrx_word' id='word_1_286' title='bbox 1676 407 1714 438; x_wconf 76' lang='grc' dir='ltr'><strong>εις</strong></span> <span class='ocrx_word' id='word_1_287' title='bbox 1730 407 1778 432; x_wconf 78' lang='grc' dir='ltr'><strong>τὸν</strong></span> 
     </span>
    </p>
   </div>
   <div class='ocr_carea' id='block_1_39' title="bbox 989 453 1779 490">
    <p class='ocr_par' dir='ltr' id='par_1_39' title="bbox 989 453 1779 490">
     <span class='ocr_line' id='line_1_39' title="bbox 989 453 1779 490; baseline -0.005 -8"><span class='ocrx_word' id='word_1_288' title='bbox 989 455 1043 490; x_wconf 76' lang='grc' dir='ltr'><strong>κὺρ</strong></span> <span class='ocrx_word' id='word_1_289' title='bbox 1059 455 1268 482; x_wconf 82' lang='grc' dir='ltr'>Κωνσταντῖνον</span> <span class='ocrx_word' id='word_1_290' title='bbox 1281 455 1324 481; x_wconf 70' lang='grc' dir='ltr'>τὸν</span> <span class='ocrx_word' id='word_1_291' title='bbox 1335 455 1452 489; x_wconf 74' lang='grc' dir='ltr'>ἀδελφὺν</span> <span class='ocrx_word' id='word_1_292' title='bbox 1466 453 1549 481; x_wconf 79' lang='grc' dir='ltr'>αὑτοῦ</span> <span class='ocrx_word' id='word_1_293' title='bbox 1563 453 1637 480; x_wconf 75' lang='grc' dir='ltr'>κατᾶ</span> <span class='ocrx_word' id='word_1_294' title='bbox 1652 453 1701 484; x_wconf 74' lang='grc' dir='ltr'><strong>τὰς</strong></span> <span class='ocrx_word' id='word_1_295' title='bbox 1715 461 1779 479; x_wconf 82' lang='grc' dir='ltr'>συν-</span> 
     </span>
    </p>
   </div>
   <div class='ocr_carea' id='block_1_40' title="bbox 992 494 1779 536">
    <p class='ocr_par' dir='ltr' id='par_1_40' title="bbox 992 494 1779 536">
     <span class='ocr_line' id='line_1_40' title="bbox 992 494 1779 536; baseline -0.003 -9"><span class='ocrx_word' id='word_1_296' title='bbox 992 501 1079 536; x_wconf 84' lang='grc' dir='ltr'>θήκας</span> <span class='ocrx_word' id='word_1_297' title='bbox 1095 501 1142 527; x_wconf 59' lang='lat' dir='ltr'><strong>ua).</strong></span> <span class='ocrx_word' id='word_1_298' title='bbox 1166 500 1317 536; x_wconf 84' lang='grc' dir='ltr'>συμϐάσεις</span> <span class='ocrx_word' id='word_1_299' title='bbox 1335 500 1383 532; x_wconf 74' lang='grc' dir='ltr'>τὰς</span> <span class='ocrx_word' id='word_1_300' title='bbox 1400 499 1451 527; x_wconf 85' lang='grc' dir='ltr'>ἀνά</span> <span class='ocrx_word' id='word_1_301' title='bbox 1467 500 1567 532; x_wconf 79' lang='grc' dir='ltr'>αὐτῶν,</span> <span class='ocrx_word' id='word_1_302' title='bbox 1584 499 1643 526; x_wconf 82' lang='grc' dir='ltr'>ἀλλ’</span> <span class='ocrx_word' id='word_1_303' title='bbox 1664 494 1711 526; x_wconf 78' lang='grc' dir='ltr'>οὖν</span> <span class='ocrx_word' id='word_1_304' title='bbox 1729 499 1779 525; x_wconf 69' lang='grc' dir='ltr'>καὶ</span> 
     </span>
    </p>
   </div>
   <div class='ocr_carea' id='block_1_41' title="bbox 991 543 1778 582">
    <p class='ocr_par' dir='ltr' id='par_1_41' title="bbox 991 543 1778 582">
     <span class='ocr_line' id='line_1_41' title="bbox 991 543 1778 582; baseline -0.004 -9"><span class='ocrx_word' id='word_1_305' title='bbox 991 543 1070 579; x_wconf 76' lang='grc' dir='ltr'>οὗτος</span> <span class='ocrx_word' id='word_1_306' title='bbox 1085 546 1184 573; x_wconf 82' lang='grc' dir='ltr'>δέδωκε</span> <span class='ocrx_word' id='word_1_307' title='bbox 1200 547 1269 582; x_wconf 88' lang='grc' dir='ltr'>πρὸς</span> <span class='ocrx_word' id='word_1_308' title='bbox 1286 546 1368 573; x_wconf 55' lang='grc' dir='ltr'>αὐτὴν</span> <span class='ocrx_word' id='word_1_309' title='bbox 1382 546 1432 581; x_wconf 80' lang='grc' dir='ltr'>τὴν</span> <span class='ocrx_word' id='word_1_310' title='bbox 1456 545 1605 578; x_wconf 77' lang='grc' dir='ltr'>Βοστίτζαν</span> <span class='ocrx_word' id='word_1_311' title='bbox 1619 546 1666 571; x_wconf 73' lang='grc' dir='ltr'>καὶ</span> <span class='ocrx_word' id='word_1_312' title='bbox 1681 545 1715 571; x_wconf 85' lang='grc' dir='ltr'>τὰ</span> <span class='ocrx_word' id='word_1_313' title='bbox 1728 544 1778 571; x_wconf 77' lang='grc' dir='ltr'><strong>πέ-</strong></span> 
     </span>
    </p>
   </div>
   <div class='ocr_carea' id='block_1_42' title="bbox 994 591 1779 628">
    <p class='ocr_par' dir='ltr' id='par_1_42' title="bbox 994 591 1779 628">
     <span class='ocr_line' id='line_1_42' title="bbox 994 591 1779 628; baseline -0.004 -9"><span class='ocrx_word' id='word_1_314' title='bbox 994 592 1037 627; x_wconf 78' lang='grc' dir='ltr'>ριξ</span> <span class='ocrx_word' id='word_1_315' title='bbox 1062 592 1147 627; x_wconf 80' lang='grc' dir='ltr'>αὐτῆς</span> <span class='ocrx_word' id='word_1_316' title='bbox 1163 593 1210 619; x_wconf 74' lang='grc' dir='ltr'>καὶ</span> <span class='ocrx_word' id='word_1_317' title='bbox 1227 593 1266 624; x_wconf 85' lang='grc' dir='ltr'><strong>είς</strong></span> <span class='ocrx_word' id='word_1_318' title='bbox 1281 592 1312 619; x_wconf 76' lang='grc' dir='ltr'><strong>τὸ</strong></span> <span class='ocrx_word' id='word_1_319' title='bbox 1330 592 1424 627; x_wconf 71' lang='grc' dir='ltr'>ἕτερον</span> <span class='ocrx_word' id='word_1_320' title='bbox 1450 592 1532 628; x_wconf 85' lang='grc' dir='ltr'>μέρος</span> <span class='ocrx_word' id='word_1_321' title='bbox 1548 592 1582 619; x_wconf 78' lang='grc' dir='ltr'>τὰ</span> <span class='ocrx_word' id='word_1_322' title='bbox 1599 592 1649 618; x_wconf 81' lang='grc' dir='ltr'>ὅσα</span> <span class='ocrx_word' id='word_1_323' title='bbox 1675 591 1704 617; x_wconf 66' lang='grc' dir='ltr'>ἓν</span> <span class='ocrx_word' id='word_1_324' title='bbox 1721 592 1779 622; x_wconf 88' lang='grc' dir='ltr'>τοῖς</span> 
     </span>
    </p>
   </div>
   <div class='ocr_carea' id='block_1_43' title="bbox 993 636 1778 673">
    <p class='ocr_par' dir='ltr' id='par_1_43' title="bbox 993 636 1778 673">
     <span class='ocr_line' id='line_1_43' title="bbox 993 636 1778 673; baseline -0.003 -9"><span class='ocrx_word' id='word_1_325' title='bbox 993 639 1057 665; x_wconf 71' lang='grc' dir='ltr'>ποσὶ</span> <span class='ocrx_word' id='word_1_326' title='bbox 1071 639 1129 669; x_wconf 84' lang='grc' dir='ltr'>τοῖς</span> <span class='ocrx_word' id='word_1_327' title='bbox 1143 638 1211 673; x_wconf 87' lang='grc' dir='ltr'>πρὸς</span> <span class='ocrx_word' id='word_1_328' title='bbox 1227 638 1333 673; x_wconf 77' lang='grc' dir='ltr'>δυσμὰς</span> <span class='ocrx_word' id='word_1_329' title='bbox 1344 637 1419 673; x_wconf 80' lang='grc' dir='ltr'>ἡλίου</span> <span class='ocrx_word' id='word_1_330' title='bbox 1434 638 1488 664; x_wconf 76' lang='grc' dir='ltr'>εἰσὶ</span> <span class='ocrx_word' id='word_1_331' title='bbox 1502 637 1548 664; x_wconf 72' lang='grc' dir='ltr'>τοῦ</span> <span class='ocrx_word' id='word_1_332' title='bbox 1558 637 1629 671; x_wconf 83' lang='grc' dir='ltr'>ὕπερ</span> <span class='ocrx_word' id='word_1_333' title='bbox 1644 636 1778 671; x_wconf 79' lang='grc' dir='ltr'>μεγέθους</span> 
     </span>
    </p>
   </div>
   <div class='ocr_carea' id='block_1_44' title="bbox 993 682 1779 720">
    <p class='ocr_par' dir='ltr' id='par_1_44' title="bbox 993 682 1779 720">
     <span class='ocr_line' id='line_1_44' title="bbox 993 682 1779 720; baseline -0.003 -10"><span class='ocrx_word' id='word_1_334' title='bbox 993 684 1074 720; x_wconf 74' lang='grc' dir='ltr'>ὅρους</span> <span class='ocrx_word' id='word_1_335' title='bbox 1088 684 1136 711; x_wconf 83' lang='grc' dir='ltr'><strong>τοῦ</strong></span> <span class='ocrx_word' id='word_1_336' title='bbox 1151 683 1291 718; x_wconf 74' lang='grc' dir='ltr'>Ταὒγέτου</span> <span class='ocrx_word' id='word_1_337' title='bbox 1316 684 1371 718; x_wconf 74' lang='grc' dir='ltr'>(καὶ</span> <span class='ocrx_word' id='word_1_338' title='bbox 1387 683 1508 710; x_wconf 71' lang='grc' dir='ltr'>ἐνέκειτο</span> <span class='ocrx_word' id='word_1_339' title='bbox 1523 683 1628 718; x_wconf 77' lang='grc' dir='ltr'>βέλτιον</span> <span class='ocrx_word' id='word_1_340' title='bbox 1645 682 1779 718; x_wconf 75' lang='grc' dir='ltr'>φρούριον</span> 
     </span>
    </p>
   </div>
   <div class='ocr_carea' id='block_1_45' title="bbox 994 727 1779 765">
    <p class='ocr_par' dir='ltr' id='par_1_45' title="bbox 994 727 1779 765">
     <span class='ocr_line' id='line_1_45' title="bbox 994 727 1779 765; baseline -0.004 -8"><span class='ocrx_word' id='word_1_341' title='bbox 994 730 1041 757; x_wconf 77' lang='grc' dir='ltr'>καὶ</span> <span class='ocrx_word' id='word_1_342' title='bbox 1057 730 1145 765; x_wconf 78' lang='grc' dir='ltr'>χῶρον</span> <span class='ocrx_word' id='word_1_343' title='bbox 1164 730 1379 763; x_wconf 78' lang='grc' dir='ltr'>Πελοποννήσου,</span> <span class='ocrx_word' id='word_1_344' title='bbox 1403 727 1479 764; x_wconf 77' lang='lat'><strong>131</strong></span> <span class='ocrx_word' id='word_1_345' title='bbox 1497 730 1527 755; x_wconf 79' lang='grc' dir='ltr'>τὸ</span> <span class='ocrx_word' id='word_1_346' title='bbox 1543 729 1683 764; x_wconf 77' lang='grc' dir='ltr'>Λεῦκτρον</span> <span class='ocrx_word' id='word_1_347' title='bbox 1705 728 1779 756; x_wconf 84' lang='grc' dir='ltr'>Μαί-</span> 
     </span>
    </p>
   </div>
   <div class='ocr_carea' id='block_1_46' title="bbox 995 774 1781 812">
    <p class='ocr_par' dir='ltr' id='par_1_46' title="bbox 995 774 1781 812">
     <span class='ocr_line' id='line_1_46' title="bbox 995 774 1781 812; baseline -0.003 -9"><span class='ocrx_word' id='word_1_348' title='bbox 995 785 1055 812; x_wconf 78' lang='grc' dir='ltr'>νης,</span> <span class='ocrx_word' id='word_1_349' title='bbox 1068 776 1097 803; x_wconf 76' lang='grc' dir='ltr'>τὸ</span> <span class='ocrx_word' id='word_1_350' title='bbox 1112 777 1203 803; x_wconf 83' lang='grc' dir='ltr'>ὁποῖον</span> <span class='ocrx_word' id='word_1_351' title='bbox 1222 776 1345 811; x_wconf 78' lang='grc' dir='ltr'>Κεταρὶα</span> <span class='ocrx_word' id='word_1_352' title='bbox 1361 776 1446 802; x_wconf 79' lang='grc' dir='ltr'>παλαι</span> <span class='ocrx_word' id='word_1_353' title='bbox 1462 775 1595 810; x_wconf 77' lang='grc' dir='ltr'>ἐκαλεῖτο)</span> <span class='ocrx_word' id='word_1_354' title='bbox 1620 776 1667 802; x_wconf 77' lang='grc' dir='ltr'>καὶ</span> <span class='ocrx_word' id='word_1_355' title='bbox 1688 774 1781 801; x_wconf 80' lang='grc' dir='ltr'>πάντα</span> 
     </span>
    </p>
   </div>
   <div class='ocr_carea' id='block_1_47' title="bbox 992 819 1780 856">
    <p class='ocr_par' dir='ltr' id='par_1_47' title="bbox 992 819 1780 856">
     <span class='ocr_line' id='line_1_47' title="bbox 992 819 1780 856; baseline -0.004 -7"><span class='ocrx_word' id='word_1_356' title='bbox 992 823 1039 849; x_wconf 86' lang='grc' dir='ltr'><strong>τδν</strong></span> <span class='ocrx_word' id='word_1_357' title='bbox 1063 822 1168 849; x_wconf 78' lang='grc' dir='ltr'>ἐκείνου</span> <span class='ocrx_word' id='word_1_358' title='bbox 1192 821 1274 856; x_wconf 78' lang='grc' dir='ltr'>ζυγὸν</span> <span class='ocrx_word' id='word_1_359' title='bbox 1289 821 1353 856; x_wconf 80' lang='grc' dir='ltr'>ἄχρι</span> <span class='ocrx_word' id='word_1_360' title='bbox 1371 821 1418 848; x_wconf 69' lang='grc' dir='ltr'><strong>καὶ</strong></span> <span class='ocrx_word' id='word_1_361' title='bbox 1434 822 1484 856; x_wconf 82' lang='grc' dir='ltr'><strong>τῆς</strong></span> <span class='ocrx_word' id='word_1_362' title='bbox 1500 820 1587 847; x_wconf 85' lang='grc' dir='ltr'>Πύλου</span> <span class='ocrx_word' id='word_1_363' title='bbox 1603 820 1652 855; x_wconf 87' lang='grc' dir='ltr'><strong>τῆς</strong></span> <span class='ocrx_word' id='word_1_364' title='bbox 1665 819 1780 854; x_wconf 74' lang='grc' dir='ltr'>λεγομέ-</span> 
     </span>
    </p>
   </div>
   <div class='ocr_carea' id='block_1_48' title="bbox 993 864 1781 904">
    <p class='ocr_par' dir='ltr' id='par_1_48' title="bbox 993 864 1781 904">
     <span class='ocr_line' id='line_1_48' title="bbox 993 864 1781 904; baseline -0.005 -9"><span class='ocrx_word' id='word_1_365' title='bbox 993 878 1041 904; x_wconf 86' lang='grc' dir='ltr'><strong>νης</strong></span> <span class='ocrx_word' id='word_1_366' title='bbox 1062 868 1169 898; x_wconf 78' lang='grc' dir='ltr'>Ίτίλου,</span> <span class='ocrx_word' id='word_1_367' title='bbox 1191 869 1223 894; x_wconf 81' lang='grc' dir='ltr'>ἐκ</span> <span class='ocrx_word' id='word_1_368' title='bbox 1244 868 1273 894; x_wconf 78' lang='grc' dir='ltr'>δὲ</span> <span class='ocrx_word' id='word_1_369' title='bbox 1290 867 1339 894; x_wconf 70' lang='grc' dir='ltr'>τοῦ</span> <span class='ocrx_word' id='word_1_370' title='bbox 1361 867 1413 899; x_wconf 76' lang='grc' dir='ltr'><strong>ἔξω</strong></span> <span class='ocrx_word' id='word_1_371' title='bbox 1430 866 1513 901; x_wconf 80' lang='grc' dir='ltr'>ζυγοῦ</span> <span class='ocrx_word' id='word_1_372' title='bbox 1528 866 1559 894; x_wconf 83' lang='grc' dir='ltr'>τὸ</span> <span class='ocrx_word' id='word_1_373' title='bbox 1575 866 1694 901; x_wconf 82' lang='grc' dir='ltr'>κάστρον</span> <span class='ocrx_word' id='word_1_374' title='bbox 1710 864 1781 900; x_wconf 72' lang='grc' dir='ltr'>Ζαρ-</span> 
     </span>
    </p>
   </div>
   <div class='ocr_carea' id='block_1_49' title="bbox 994 912 1780 948">
    <p class='ocr_par' dir='ltr' id='par_1_49' title="bbox 994 912 1780 948">
     <span class='ocr_line' id='line_1_49' title="bbox 994 912 1780 948; baseline -0.006 -6"><span class='ocrx_word' id='word_1_375' title='bbox 994 916 1077 947; x_wconf 86' lang='grc' dir='ltr'>νάτας</span> <span class='ocrx_word' id='word_1_376' title='bbox 1092 915 1140 942; x_wconf 81' lang='grc' dir='ltr'>καὶ</span> <span class='ocrx_word' id='word_1_377' title='bbox 1161 914 1310 946; x_wconf 75' lang='grc' dir='ltr'>Γαστίτζα.</span> <span class='ocrx_word' id='word_1_378' title='bbox 1324 914 1354 940; x_wconf 79' lang='grc' dir='ltr'>τὸ</span> <span class='ocrx_word' id='word_1_379' title='bbox 1366 914 1539 944; x_wconf 72' lang='grc' dir='ltr'>Διάσειστον,</span> <span class='ocrx_word' id='word_1_380' title='bbox 1555 913 1640 945; x_wconf 79' lang='grc' dir='ltr'>Μελὲ,</span> <span class='ocrx_word' id='word_1_381' title='bbox 1662 912 1780 948; x_wconf 79' lang='grc' dir='ltr'>Δράχιον</span> 
     </span>
    </p>
   </div>
   <div class='ocr_carea' id='block_1_50' title="bbox 993 959 1780 996">
    <p class='ocr_par' dir='ltr' id='par_1_50' title="bbox 993 959 1780 996">
     <span class='ocr_line' id='line_1_50' title="bbox 993 959 1780 996; baseline -0.005 -7"><span class='ocrx_word' id='word_1_382' title='bbox 993 962 1042 989; x_wconf 74' lang='grc' dir='ltr'>καὶ</span> <span class='ocrx_word' id='word_1_383' title='bbox 1056 961 1205 989; x_wconf 82' lang='grc' dir='ltr'>Πολιανοῦν</span> <span class='ocrx_word' id='word_1_384' title='bbox 1222 961 1270 988; x_wconf 78' lang='grc' dir='ltr'>καὶ</span> <span class='ocrx_word' id='word_1_385' title='bbox 1283 960 1317 988; x_wconf 83' lang='grc' dir='ltr'>τὰ</span> <span class='ocrx_word' id='word_1_386' title='bbox 1332 960 1395 996; x_wconf 78' lang='grc' dir='ltr'>περὶ</span> <span class='ocrx_word' id='word_1_387' title='bbox 1409 960 1500 987; x_wconf 83' lang='grc' dir='ltr'>αὐτόν.</span> <span class='ocrx_word' id='word_1_388' title='bbox 1521 959 1577 987; x_wconf 74' lang='grc' dir='ltr'>Καὶ</span> <span class='ocrx_word' id='word_1_389' title='bbox 1589 959 1690 986; x_wconf 78' lang='grc' dir='ltr'>ἐδωσεν</span> <span class='ocrx_word' id='word_1_390' title='bbox 1705 959 1780 994; x_wconf 78' lang='grc' dir='ltr'><strong>αὑτῷ</strong></span> 
     </span>
    </p>
   </div>
   <div class='ocr_carea' id='block_1_51' title="bbox 994 1005 1780 1043">
    <p class='ocr_par' dir='ltr' id='par_1_51' title="bbox 994 1005 1780 1043">
     <span class='ocr_line' id='line_1_51' title="bbox 994 1005 1780 1043; baseline -0.005 -8"><span class='ocrx_word' id='word_1_391' title='bbox 994 1009 1042 1035; x_wconf 79' lang='grc' dir='ltr'>καὶ</span> <span class='ocrx_word' id='word_1_392' title='bbox 1055 1009 1090 1035; x_wconf 76' lang='grc' dir='ltr'>τὰ</span> <span class='ocrx_word' id='word_1_393' title='bbox 1105 1008 1157 1035; x_wconf 80' lang='grc' dir='ltr'>ὅσα</span> <span class='ocrx_word' id='word_1_394' title='bbox 1176 1007 1256 1043; x_wconf 72' lang='lat'><strong>132</strong></span> <span class='ocrx_word' id='word_1_395' title='bbox 1272 1007 1428 1042; x_wconf 83' lang='grc' dir='ltr'>πολίσματα</span> <span class='ocrx_word' id='word_1_396' title='bbox 1443 1006 1491 1033; x_wconf 75' lang='grc' dir='ltr'>καὶ</span> <span class='ocrx_word' id='word_1_397' title='bbox 1506 1005 1626 1042; x_wconf 76' lang='grc' dir='ltr'>φρούριά</span> <span class='ocrx_word' id='word_1_398' title='bbox 1646 1006 1716 1032; x_wconf 76' lang='grc' dir='ltr'>εἰσιν</span> <span class='ocrx_word' id='word_1_399' title='bbox 1739 1006 1780 1036; x_wconf 79' lang='grc' dir='ltr'><strong>εἰς</strong></span> 
     </span>
    </p>
   </div>
   <div class='ocr_carea' id='block_1_52' title="bbox 994 1051 1782 1090">
    <p class='ocr_par' dir='ltr' id='par_1_52' title="bbox 994 1051 1782 1090">
     <span class='ocr_line' id='line_1_52' title="bbox 994 1051 1782 1090; baseline -0.004 -10"><span class='ocrx_word' id='word_1_400' title='bbox 994 1054 1086 1081; x_wconf 80' lang='grc' dir='ltr'>πάντα</span> <span class='ocrx_word' id='word_1_401' title='bbox 1109 1055 1157 1081; x_wconf 75' lang='grc' dir='ltr'>τὸν</span> <span class='ocrx_word' id='word_1_402' title='bbox 1180 1053 1374 1090; x_wconf 74' lang='grc' dir='ltr'>Μεσσηνιακὸν</span> <span class='ocrx_word' id='word_1_403' title='bbox 1391 1052 1502 1084; x_wconf 79' lang='grc' dir='ltr'>κόλπον,</span> <span class='ocrx_word' id='word_1_404' title='bbox 1514 1052 1579 1079; x_wconf 76' lang='grc' dir='ltr'>Ινθα</span> <span class='ocrx_word' id='word_1_405' title='bbox 1599 1051 1657 1086; x_wconf 75' lang='grc' dir='ltr'>ῥέει</span> <span class='ocrx_word' id='word_1_406' title='bbox 1669 1051 1714 1078; x_wconf 75' lang='grc' dir='ltr'><strong>διὰ</strong></span> <span class='ocrx_word' id='word_1_407' title='bbox 1731 1051 1782 1086; x_wconf 73' lang='grc' dir='ltr'><strong>μί-</strong></span> 
     </span>
    </p>
   </div>
   <div class='ocr_carea' id='block_1_53' title="bbox 993 1097 1783 1135">
    <p class='ocr_par' dir='ltr' id='par_1_53' title="bbox 993 1097 1783 1135">
     <span class='ocr_line' id='line_1_53' title="bbox 993 1097 1783 1135; baseline -0.005 -8"><span class='ocrx_word' id='word_1_408' title='bbox 993 1109 1041 1127; x_wconf 89' lang='grc' dir='ltr'><strong>σου</strong></span> <span class='ocrx_word' id='word_1_409' title='bbox 1054 1101 1102 1127; x_wconf 78' lang='grc' dir='ltr'>καὶ</span> <span class='ocrx_word' id='word_1_410' title='bbox 1113 1101 1127 1126; x_wconf 86' lang='grc'>6</span> <span class='ocrx_word' id='word_1_411' title='bbox 1142 1101 1267 1135; x_wconf 82' lang='grc' dir='ltr'>Πάμισος</span> <span class='ocrx_word' id='word_1_412' title='bbox 1282 1100 1388 1132; x_wconf 71' lang='grc' dir='ltr'>ἰκεϊνος</span> <span class='ocrx_word' id='word_1_413' title='bbox 1401 1098 1535 1134; x_wconf 83' lang='grc' dir='ltr'>ποταμός.</span> <span class='ocrx_word' id='word_1_414' title='bbox 1563 1097 1658 1125; x_wconf 82' lang='grc' dir='ltr'>Ταῦτα</span> <span class='ocrx_word' id='word_1_415' title='bbox 1671 1098 1783 1132; x_wconf 76' lang='grc' dir='ltr'>ἐπιτρο-</span> 
     </span>
    </p>
   </div>
   <div class='ocr_carea' id='block_1_54' title="bbox 993 1143 1783 1182">
    <p class='ocr_par' dir='ltr' id='par_1_54' title="bbox 993 1143 1783 1182">
     <span class='ocr_line' id='line_1_54' title="bbox 993 1143 1783 1182; baseline -0.003 -10"><span class='ocrx_word' id='word_1_416' title='bbox 993 1146 1082 1179; x_wconf 75' lang='grc' dir='ltr'>πικῶς</span> <span class='ocrx_word' id='word_1_417' title='bbox 1097 1146 1209 1182; x_wconf 72' lang='grc' dir='ltr'>ἤρχετο,</span> <span class='ocrx_word' id='word_1_418' title='bbox 1224 1145 1272 1173; x_wconf 82' lang='grc' dir='ltr'>τοῦ</span> <span class='ocrx_word' id='word_1_419' title='bbox 1291 1144 1413 1181; x_wconf 76' lang='grc' dir='ltr'>μεγάλου</span> <span class='ocrx_word' id='word_1_420' title='bbox 1435 1144 1680 1181; x_wconf 82' lang='grc' dir='ltr'>πρωτοστράτορος</span> <span class='ocrx_word' id='word_1_421' title='bbox 1695 1143 1783 1180; x_wconf 83' lang='grc' dir='ltr'>Νικη-</span> 
     </span>
    </p>
   </div>
   <div class='ocr_carea' id='block_1_55' title="bbox 994 1191 1782 1228">
    <p class='ocr_par' dir='ltr' id='par_1_55' title="bbox 994 1191 1782 1228">
     <span class='ocr_line' id='line_1_55' title="bbox 994 1191 1782 1228; baseline -0.001 -9"><span class='ocrx_word' id='word_1_422' title='bbox 994 1193 1080 1228; x_wconf 81' lang='grc' dir='ltr'>φόρου</span> <span class='ocrx_word' id='word_1_423' title='bbox 1094 1192 1142 1219; x_wconf 81' lang='grc' dir='ltr'>τοῦ</span> <span class='ocrx_word' id='word_1_424' title='bbox 1155 1192 1330 1228; x_wconf 84' lang='grc' dir='ltr'>Μελισσηνοῦ</span> <span class='ocrx_word' id='word_1_425' title='bbox 1343 1191 1419 1223; x_wconf 72' lang='grc' dir='ltr'>ὄντα.</span> <span class='ocrx_word' id='word_1_426' title='bbox 1435 1191 1465 1218; x_wconf 80' lang='grc' dir='ltr'>ὃν</span> <span class='ocrx_word' id='word_1_427' title='bbox 1481 1191 1527 1219; x_wconf 79' lang='grc' dir='ltr'><strong>διὰ</strong></span> <span class='ocrx_word' id='word_1_428' title='bbox 1536 1191 1586 1226; x_wconf 84' lang='grc' dir='ltr'>τὴν</span> <span class='ocrx_word' id='word_1_429' title='bbox 1602 1191 1782 1224; x_wconf 81' lang='grc' dir='ltr'>ποικιλότητα</span> 
     </span>
    </p>
   </div>
   <div class='ocr_carea' id='block_1_56' title="bbox 992 1235 1783 1274">
    <p class='ocr_par' dir='ltr' id='par_1_56' title="bbox 992 1235 1783 1274">
     <span class='ocr_line' id='line_1_56' title="bbox 992 1235 1783 1274; baseline -0.003 -9"><span class='ocrx_word' id='word_1_430' title='bbox 992 1240 1042 1273; x_wconf 85' lang='grc' dir='ltr'><strong>τῆς</strong></span> <span class='ocrx_word' id='word_1_431' title='bbox 1060 1238 1222 1274; x_wconf 82' lang='grc' dir='ltr'>φρονήσεως</span> <span class='ocrx_word' id='word_1_432' title='bbox 1243 1238 1292 1265; x_wconf 79' lang='grc' dir='ltr'>καὶ</span> <span class='ocrx_word' id='word_1_433' title='bbox 1313 1237 1343 1264; x_wconf 84' lang='grc' dir='ltr'><strong>τδ</strong></span> <span class='ocrx_word' id='word_1_434' title='bbox 1357 1237 1404 1271; x_wconf 75' lang='grc' dir='ltr'><strong>ὀξὺ</strong></span> <span class='ocrx_word' id='word_1_435' title='bbox 1425 1235 1476 1274; x_wconf 79' lang='grc' dir='ltr'><strong>τῆς</strong></span> <span class='ocrx_word' id='word_1_436' title='bbox 1493 1236 1616 1269; x_wconf 81' lang='grc' dir='ltr'>διανοίας</span> <span class='ocrx_word' id='word_1_437' title='bbox 1631 1237 1678 1264; x_wconf 72' lang='grc' dir='ltr'>καὶ</span> <span class='ocrx_word' id='word_1_438' title='bbox 1694 1237 1734 1268; x_wconf 85' lang='grc' dir='ltr'><strong>είς</strong></span> <span class='ocrx_word' id='word_1_439' title='bbox 1748 1237 1783 1263; x_wconf 78' lang='grc' dir='ltr'>τὰ</span> 
     </span>
    </p>
   </div>
   <div class='ocr_carea' id='block_1_57' title="bbox 993 1283 1781 1319">
    <p class='ocr_par' dir='ltr' id='par_1_57' title="bbox 993 1283 1781 1319">
     <span class='ocr_line' id='line_1_57' title="bbox 993 1283 1781 1319; baseline -0.004 -7"><span class='ocrx_word' id='word_1_440' title='bbox 993 1285 1081 1312; x_wconf 82' lang='grc' dir='ltr'>πάντα</span> <span class='ocrx_word' id='word_1_441' title='bbox 1098 1284 1260 1317; x_wconf 76' lang='grc' dir='ltr'>δεξιώτατον</span> <span class='ocrx_word' id='word_1_442' title='bbox 1276 1285 1443 1319; x_wconf 67' lang='grc' dir='ltr'>κοινοτέροις</span> <span class='ocrx_word' id='word_1_443' title='bbox 1463 1283 1606 1310; x_wconf 81' lang='grc' dir='ltr'>πείθεσθαι</span> <span class='ocrx_word' id='word_1_444' title='bbox 1622 1283 1781 1318; x_wconf 73' lang='grc' dir='ltr'>πράγμασι,</span> 
     </span>
    </p>
   </div>
   <div class='ocr_carea' id='block_1_58' title="bbox 993 1330 1783 1369">
    <p class='ocr_par' dir='ltr' id='par_1_58' title="bbox 993 1330 1783 1369">
     <span class='ocr_line' id='line_1_58' title="bbox 993 1330 1783 1369; baseline -0.001 -11"><span class='ocrx_word' id='word_1_445' title='bbox 993 1332 1040 1358; x_wconf 74' lang='grc' dir='ltr'>καὶ</span> <span class='ocrx_word' id='word_1_446' title='bbox 1064 1331 1272 1366; x_wconf 83' lang='grc' dir='ltr'>Μελισσουργδν</span> <span class='ocrx_word' id='word_1_447' title='bbox 1289 1331 1468 1365; x_wconf 71' lang='grc' dir='ltr'>ἑπωνόμαζον</span> <span class='ocrx_word' id='word_1_448' title='bbox 1480 1330 1627 1369; x_wconf 20' lang='grc' dir='ltr'>τδνιάνδρα</span> <span class='ocrx_word' id='word_1_449' title='bbox 1639 1338 1646 1347; x_wconf 87' lang='grc'>·</span> <span class='ocrx_word' id='word_1_450' title='bbox 1661 1330 1783 1365; x_wconf 83' lang='grc' dir='ltr'>διστρισ-</span> 
     </span>
    </p>
   </div>
   <div class='ocr_carea' id='block_1_59' title="bbox 992 1373 1783 1414">
    <p class='ocr_par' dir='ltr' id='par_1_59' title="bbox 992 1373 1783 1414">
     <span class='ocr_line' id='line_1_59' title="bbox 992 1373 1783 1414; baseline -0.003 -10"><span class='ocrx_word' id='word_1_451' title='bbox 992 1378 1103 1412; x_wconf 75' lang='grc' dir='ltr'>ἔγγονος</span> <span class='ocrx_word' id='word_1_452' title='bbox 1126 1378 1182 1413; x_wconf 74' lang='grc' dir='ltr'><strong>γὰρ</strong></span> <span class='ocrx_word' id='word_1_453' title='bbox 1224 1373 1259 1414; x_wconf 76' lang='grc' dir='ltr'>ἦν</span> <span class='ocrx_word' id='word_1_454' title='bbox 1282 1377 1330 1404; x_wconf 73' lang='grc' dir='ltr'>τοῦ</span> <span class='ocrx_word' id='word_1_455' title='bbox 1361 1375 1520 1412; x_wconf 84' lang='grc' dir='ltr'>θαυμαστοῦ</span> <span class='ocrx_word' id='word_1_456' title='bbox 1551 1377 1657 1405; x_wconf 70' lang='grc' dir='ltr'>ἐκείνου</span> <span class='ocrx_word' id='word_1_457' title='bbox 1684 1377 1783 1411; x_wconf 66' lang='grc' dir='ltr'>ἀνδρὸς</span> 
     </span>
    </p>
   </div>
   <div class='ocr_carea' id='block_1_60' title="bbox 994 1420 1782 1458">
    <p class='ocr_par' dir='ltr' id='par_1_60' title="bbox 994 1420 1782 1458">
     <span class='ocr_line' id='line_1_60' title="bbox 994 1420 1782 1458; baseline -0.003 -9"><span class='ocrx_word' id='word_1_458' title='bbox 994 1423 1152 1458; x_wconf 78' lang='grc' dir='ltr'>Νικηφόρον</span> <span class='ocrx_word' id='word_1_459' title='bbox 1183 1423 1325 1458; x_wconf 78' lang='grc' dir='ltr'>Καίσαρος</span> <span class='ocrx_word' id='word_1_460' title='bbox 1347 1422 1394 1449; x_wconf 81' lang='grc' dir='ltr'>τοῦ</span> <span class='ocrx_word' id='word_1_461' title='bbox 1413 1421 1598 1457; x_wconf 82' lang='grc' dir='ltr'>Μελισσητοῡ,</span> <span class='ocrx_word' id='word_1_462' title='bbox 1613 1422 1669 1453; x_wconf 78' lang='grc' dir='ltr'>υίὸς</span> <span class='ocrx_word' id='word_1_463' title='bbox 1689 1420 1718 1447; x_wconf 76' lang='grc' dir='ltr'>δὲ</span> <span class='ocrx_word' id='word_1_464' title='bbox 1733 1420 1782 1447; x_wconf 80' lang='grc' dir='ltr'>τοῦ</span> 
     </span>
    </p>
   </div>
   <div class='ocr_carea' id='block_1_61' title="bbox 157 1463 1783 1505">
    <p class='ocr_par' dir='ltr' id='par_1_61' title="bbox 157 1463 1783 1505">
     <span class='ocr_line' id='line_1_61' title="bbox 157 1463 1783 1505; baseline 0.002 -16"><span class='ocrx_word' id='word_1_465' title='bbox 157 1463 225 1498; x_wconf 78' lang='grc' dir='ltr'>ὁμοῦ</span> <span class='ocrx_word' id='word_1_466' title='bbox 253 1465 412 1500; x_wconf 76' lang='grc' dir='ltr'>ἀπήλθομεν</span> <span class='ocrx_word' id='word_1_467' title='bbox 431 1467 513 1502; x_wconf 72' lang='grc' dir='ltr'>μέχρι</span> <span class='ocrx_word' id='word_1_468' title='bbox 540 1467 589 1494; x_wconf 83' lang='grc' dir='ltr'>καὶ</span> <span class='ocrx_word' id='word_1_469' title='bbox 615 1468 667 1503; x_wconf 88' lang='grc' dir='ltr'><strong>τῆς</strong></span> <span class='ocrx_word' id='word_1_470' title='bbox 697 1469 831 1505; x_wconf 83' lang='grc' dir='ltr'>Κορίνθου</span> <span class='ocrx_word' id='word_1_471' title='bbox 844 1479 851 1486; x_wconf 91' lang='grc'><strong>·</strong></span> <span class='ocrx_word' id='word_1_472' title='bbox 867 1471 915 1497; x_wconf 76' lang='grc' dir='ltr'>καὶ</span> <span class='ocrx_word' id='word_1_473' title='bbox 930 1472 944 1498; x_wconf 77' lang='grc' dir='ltr'><strong>ὁ</strong></span> <span class='ocrx_word' id='word_1_474' title='bbox 957 1474 979 1503; x_wconf 83' lang='lat' dir='ltr'><strong>c</strong></span> <span class='ocrx_word' id='word_1_475' title='bbox 997 1468 1254 1505; x_wconf 82' lang='grc' dir='ltr'>σεϐαστοκράτορος</span> <span class='ocrx_word' id='word_1_476' title='bbox 1274 1469 1388 1499; x_wconf 81' lang='grc' dir='ltr'>Λέοντος</span> <span class='ocrx_word' id='word_1_477' title='bbox 1404 1468 1451 1494; x_wconf 81' lang='grc' dir='ltr'>τοῦ</span> <span class='ocrx_word' id='word_1_478' title='bbox 1469 1467 1655 1503; x_wconf 80' lang='grc' dir='ltr'>Μελισσηνοῦ,</span> <span class='ocrx_word' id='word_1_479' title='bbox 1672 1467 1719 1494; x_wconf 75' lang='grc' dir='ltr'>καὶ</span> <span class='ocrx_word' id='word_1_480' title='bbox 1733 1468 1783 1493; x_wconf 77' lang='grc' dir='ltr'><strong>αὺ-</strong></span> 
     </span>
    </p>
   </div>
   <div class='ocr_carea' id='block_1_62' title="bbox 157 1510 944 1552">
    <p class='ocr_par' dir='ltr' id='par_1_62' title="bbox 157 1510 944 1552">
     <span class='ocr_line' id='line_1_62' title="bbox 157 1510 944 1552; baseline 0.011 -16"><span class='ocrx_word' id='word_1_481' title='bbox 157 1510 208 1545; x_wconf 75' lang='grc' dir='ltr'>μὲν</span> <span class='ocrx_word' id='word_1_482' title='bbox 231 1511 359 1546; x_wconf 78' lang='grc' dir='ltr'>βασιλεὺς</span> <span class='ocrx_word' id='word_1_483' title='bbox 377 1512 465 1547; x_wconf 74' lang='grc' dir='ltr'>ἐμϐὰς</span> <span class='ocrx_word' id='word_1_484' title='bbox 489 1513 530 1544; x_wconf 79' lang='grc' dir='ltr'>εἰς</span> <span class='ocrx_word' id='word_1_485' title='bbox 548 1514 598 1545; x_wconf 87' lang='grc' dir='ltr'><strong>τὰς</strong></span> <span class='ocrx_word' id='word_1_486' title='bbox 620 1515 746 1550; x_wconf 84' lang='grc' dir='ltr'>τριήρεις</span> <span class='ocrx_word' id='word_1_487' title='bbox 761 1517 885 1552; x_wconf 81' lang='grc' dir='ltr'>ἀπῆλθεν</span> <span class='ocrx_word' id='word_1_488' title='bbox 903 1519 944 1550; x_wconf 80' lang='grc' dir='ltr'><strong>εἰς</strong></span> 
     </span>
    </p>
   </div>
   <div class='ocr_carea' id='block_1_63' title="bbox 157 1556 944 1597">
    <p class='ocr_par' dir='ltr' id='par_1_63' title="bbox 157 1556 944 1597">
     <span class='ocr_line' id='line_1_63' title="bbox 157 1556 944 1597; baseline 0.009 -14"><span class='ocrx_word' id='word_1_489' title='bbox 157 1556 207 1592; x_wconf 80' lang='grc' dir='ltr'><strong>τήν</strong></span> <span class='ocrx_word' id='word_1_490' title='bbox 223 1557 522 1593; x_wconf 80' lang='grc' dir='ltr'>Κωνσταντινοὺπολιν,</span> <span class='ocrx_word' id='word_1_491' title='bbox 534 1559 548 1586; x_wconf 82' lang='grc' dir='ltr'>ὁ</span> <span class='ocrx_word' id='word_1_492' title='bbox 561 1559 590 1587; x_wconf 74' lang='grc' dir='ltr'>δὲ</span> <span class='ocrx_word' id='word_1_493' title='bbox 601 1560 736 1596; x_wconf 85' lang='grc' dir='ltr'>δεσπότης</span> <span class='ocrx_word' id='word_1_494' title='bbox 750 1561 763 1588; x_wconf 85' lang='grc' dir='ltr'><strong>ό</strong></span> <span class='ocrx_word' id='word_1_495' title='bbox 776 1562 829 1597; x_wconf 71' lang='grc' dir='ltr'><strong>κίιρ</strong></span> <span class='ocrx_word' id='word_1_496' title='bbox 841 1562 944 1590; x_wconf 80' lang='grc' dir='ltr'>Θεόδω-</span> 
     </span>
    </p>
   </div>
   <div class='ocr_carea' id='block_1_64' title="bbox 156 1648 945 1683">
    <p class='ocr_par' dir='ltr' id='par_1_64' title="bbox 156 1648 945 1683">
     <span class='ocr_line' id='line_1_64' title="bbox 156 1648 945 1683; baseline 0.008 -9"><span class='ocrx_word' id='word_1_497' title='bbox 156 1655 250 1675; x_wconf 90' lang='lat' dir='ltr'><strong>omnes</strong></span> <span class='ocrx_word' id='word_1_498' title='bbox 267 1653 369 1681; x_wconf 86' lang='lat' dir='ltr'><strong>essent,</strong></span> <span class='ocrx_word' id='word_1_499' title='bbox 384 1648 490 1683; x_wconf 84' lang='lat' dir='ltr'><strong>quando</strong></span> <span class='ocrx_word' id='word_1_500' title='bbox 514 1656 607 1677; x_wconf 89' lang='lat' dir='ltr'><strong>eorum</strong></span> <span class='ocrx_word' id='word_1_501' title='bbox 636 1650 720 1678; x_wconf 87' lang='lat' dir='ltr'><strong>frater</strong></span> <span class='ocrx_word' id='word_1_502' title='bbox 741 1651 820 1679; x_wconf 83' lang='lat' dir='ltr'><strong>vellet</strong></span> <span class='ocrx_word' id='word_1_503' title='bbox 853 1660 945 1680; x_wconf 82' lang='lat' dir='ltr'><strong>mona-</strong></span> 
     </span>
    </p>
   </div>
   <div class='ocr_carea' id='block_1_65' title="bbox 158 1694 942 1733">
    <p class='ocr_par' dir='ltr' id='par_1_65' title="bbox 158 1694 942 1733">
     <span class='ocr_line' id='line_1_65' title="bbox 158 1694 942 1733; baseline 0.008 -13"><span class='ocrx_word' id='word_1_504' title='bbox 158 1695 225 1721; x_wconf 77' lang='lat' dir='ltr'><strong>chus</strong></span> <span class='ocrx_word' id='word_1_505' title='bbox 245 1694 315 1721; x_wconf 85' lang='lat' dir='ltr'><strong>fieri.</strong></span> <span class='ocrx_word' id='word_1_506' title='bbox 334 1694 466 1722; x_wconf 84' lang='lat' dir='ltr'><strong>Kalendis</strong></span> <span class='ocrx_word' id='word_1_507' title='bbox 495 1695 575 1723; x_wconf 81' lang='lat' dir='ltr'><strong>Juliis</strong></span> <span class='ocrx_word' id='word_1_508' title='bbox 603 1695 723 1730; x_wconf 77' lang='lat' dir='ltr'><strong>ejusdem</strong></span> <span class='ocrx_word' id='word_1_509' title='bbox 748 1698 811 1724; x_wconf 88' lang='lat' dir='ltr'><strong>anni</strong></span> <span class='ocrx_word' id='word_1_510' title='bbox 838 1699 942 1733; x_wconf 76' lang='lat' dir='ltr'><strong>egressi</strong></span> 
     </span>
    </p>
   </div>
   <div class='ocr_carea' id='block_1_66' title="bbox 155 1740 943 1780">
    <p class='ocr_par' dir='ltr' id='par_1_66' title="bbox 155 1740 943 1780">
     <span class='ocr_line' id='line_1_66' title="bbox 155 1740 943 1780; baseline 0.006 -13"><span class='ocrx_word' id='word_1_511' title='bbox 155 1745 212 1767; x_wconf 86' lang='lat' dir='ltr'><strong>tres</strong></span> <span class='ocrx_word' id='word_1_512' title='bbox 234 1740 445 1772; x_wconf 80' lang='lat' dir='ltr'><strong>fratres,Patras</strong></span> <span class='ocrx_word' id='word_1_513' title='bbox 461 1747 605 1774; x_wconf 86' lang='lat' dir='ltr'><strong>venerunt,</strong></span> <span class='ocrx_word' id='word_1_514' title='bbox 617 1747 644 1769; x_wconf 86' lang='lat' dir='ltr'><strong>et</strong></span> <span class='ocrx_word' id='word_1_515' title='bbox 657 1748 735 1770; x_wconf 76' lang='lat' dir='ltr'><strong>extra</strong></span> <span class='ocrx_word' id='word_1_516' title='bbox 752 1744 847 1771; x_wconf 82' lang='lat' dir='ltr'><strong>urbem</strong></span> <span class='ocrx_word' id='word_1_517' title='bbox 873 1746 943 1780; x_wconf 82' lang='lat' dir='ltr'><strong>apud</strong></span> 
     </span>
    </p>
   </div>
   <div class='ocr_carea' id='block_1_67' title="bbox 159 1786 942 1822">
    <p class='ocr_par' dir='ltr' id='par_1_67' title="bbox 159 1786 942 1822">
     <span class='ocr_line' id='line_1_67' title="bbox 159 1786 942 1822; baseline 0.008 -9"><span class='ocrx_word' id='word_1_518' title='bbox 159 1787 245 1814; x_wconf 86' lang='lat' dir='ltr'><strong>molas</strong></span> <span class='ocrx_word' id='word_1_519' title='bbox 256 1786 375 1814; x_wconf 80' lang='lat' dir='ltr'><strong>ﬁxerunt</strong></span> <span class='ocrx_word' id='word_1_520' title='bbox 386 1788 520 1822; x_wconf 87' lang='lat' dir='ltr'><strong>tentoria,</strong></span> <span class='ocrx_word' id='word_1_521' title='bbox 537 1795 590 1822; x_wconf 91' lang='lat' dir='ltr'><strong>quo</strong></span> <span class='ocrx_word' id='word_1_522' title='bbox 602 1788 699 1817; x_wconf 85' lang='lat' dir='ltr'><strong>deinde</strong></span> <span class='ocrx_word' id='word_1_523' title='bbox 720 1790 836 1818; x_wconf 72' lang='lat' dir='ltr'><strong>adducta</strong></span> <span class='ocrx_word' id='word_1_524' title='bbox 851 1791 942 1819; x_wconf 88' lang='lat' dir='ltr'><strong>Theo-</strong></span> 
     </span>
    </p>
   </div>
   <div class='ocr_carea' id='block_1_68' title="bbox 158 1833 942 1869">
    <p class='ocr_par' dir='ltr' id='par_1_68' title="bbox 158 1833 942 1869">
     <span class='ocr_line' id='line_1_68' title="bbox 158 1833 942 1869; baseline 0.009 -10"><span class='ocrx_word' id='word_1_525' title='bbox 158 1834 222 1861; x_wconf 83' lang='lat' dir='ltr'><strong>dora</strong></span> <span class='ocrx_word' id='word_1_526' title='bbox 236 1833 357 1867; x_wconf 87' lang='lat' dir='ltr'><strong>domina,</strong></span> <span class='ocrx_word' id='word_1_527' title='bbox 384 1838 498 1869; x_wconf 80' lang='lat' dir='ltr'><strong>cognata</strong></span> <span class='ocrx_word' id='word_1_528' title='bbox 533 1835 762 1869; x_wconf 84' lang='lat' dir='ltr'><strong>Caroli,solemni</strong></span> <span class='ocrx_word' id='word_1_529' title='bbox 782 1840 942 1867; x_wconf 80' lang='lat' dir='ltr'><strong>caeremonia</strong></span> 
     </span>
    </p>
   </div>
   <div class='ocr_carea' id='block_1_69' title="bbox 157 1878 944 1916">
    <p class='ocr_par' dir='ltr' id='par_1_69' title="bbox 157 1878 944 1916">
     <span class='ocr_line' id='line_1_69' title="bbox 157 1878 944 1916; baseline 0.01 -12"><span class='ocrx_word' id='word_1_530' title='bbox 157 1878 336 1906; x_wconf 83' lang='lat' dir='ltr'><strong>Constantino</strong></span> <span class='ocrx_word' id='word_1_531' title='bbox 351 1880 524 1907; x_wconf 86' lang='lat' dir='ltr'><strong>matrimonio</strong></span> <span class='ocrx_word' id='word_1_532' title='bbox 539 1881 632 1916; x_wconf 83' lang='lat' dir='ltr'><strong>juncta</strong></span> <span class='ocrx_word' id='word_1_533' title='bbox 648 1887 702 1910; x_wconf 88' lang='lat' dir='ltr'><strong>est.</strong></span> <span class='ocrx_word' id='word_1_534' title='bbox 720 1882 818 1910; x_wconf 83' lang='lat' dir='ltr'><strong>Verum</strong></span> <span class='ocrx_word' id='word_1_535' title='bbox 838 1886 871 1911; x_wconf 84' lang='lat' dir='ltr'><strong>ad</strong></span> <span class='ocrx_word' id='word_1_536' title='bbox 881 1886 944 1912; x_wconf 77' lang='lat' dir='ltr'><strong>sub-</strong></span> 
     </span>
    </p>
   </div>
   <div class='ocr_carea' id='block_1_70' title="bbox 156 1924 938 1965">
    <p class='ocr_par' dir='ltr' id='par_1_70' title="bbox 156 1924 938 1965">
     <span class='ocr_line' id='line_1_70' title="bbox 156 1924 938 1965; baseline 0.009 -15"><span class='ocrx_word' id='word_1_537' title='bbox 156 1924 293 1959; x_wconf 77' lang='lat' dir='ltr'><strong>jngandas</strong></span> <span class='ocrx_word' id='word_1_538' title='bbox 309 1924 404 1952; x_wconf 82' lang='lat' dir='ltr'><strong>Patras</strong></span> <span class='ocrx_word' id='word_1_539' title='bbox 431 1926 499 1952; x_wconf 86' lang='lat' dir='ltr'><strong>nihil</strong></span> <span class='ocrx_word' id='word_1_540' title='bbox 529 1933 658 1960; x_wconf 81' lang='lat' dir='ltr'><strong>prospere</strong></span> <span class='ocrx_word' id='word_1_541' title='bbox 678 1932 782 1963; x_wconf 78' lang='lat' dir='ltr'><strong>gestum</strong></span> <span class='ocrx_word' id='word_1_542' title='bbox 795 1934 849 1963; x_wconf 78' lang='lat' dir='ltr'><strong>est,</strong></span> <span class='ocrx_word' id='word_1_543' title='bbox 874 1931 938 1965; x_wconf 90' lang='lat' dir='ltr'><strong>quin</strong></span> 
     </span>
    </p>
   </div>
   <div class='ocr_carea' id='block_1_71' title="bbox 159 1970 940 2005">
    <p class='ocr_par' dir='ltr' id='par_1_71' title="bbox 159 1970 940 2005">
     <span class='ocr_line' id='line_1_71' title="bbox 159 1970 940 2005; baseline 0.009 -9"><span class='ocrx_word' id='word_1_544' title='bbox 159 1971 247 2004; x_wconf 88' lang='lat' dir='ltr'><strong>potius</strong></span> <span class='ocrx_word' id='word_1_545' title='bbox 263 1970 359 1997; x_wconf 83' lang='lat' dir='ltr'><strong>callida</strong></span> <span class='ocrx_word' id='word_1_546' title='bbox 375 1971 498 2005; x_wconf 81' lang='lat' dir='ltr'><strong>quaedam</strong></span> <span class='ocrx_word' id='word_1_547' title='bbox 510 1971 649 1999; x_wconf 74' lang='lat' dir='ltr'><strong>simulatio</strong></span> <span class='ocrx_word' id='word_1_548' title='bbox 666 1978 726 2000; x_wconf 88' lang='lat' dir='ltr'><strong>erat</strong></span> <span class='ocrx_word' id='word_1_549' title='bbox 756 1975 819 2001; x_wconf 79' lang='lat' dir='ltr'><strong>vita:</strong></span> <span class='ocrx_word' id='word_1_550' title='bbox 846 1983 940 2003; x_wconf 85' lang='lat' dir='ltr'><strong>mona-</strong></span> 
     </span>
    </p>
   </div>
   <div class='ocr_carea' id='block_1_72' title="bbox 156 2016 942 2055">
    <p class='ocr_par' dir='ltr' id='par_1_72' title="bbox 156 2016 942 2055">
     <span class='ocr_line' id='line_1_72' title="bbox 156 2016 942 2055; baseline 0.008 -12"><span class='ocrx_word' id='word_1_551' title='bbox 156 2016 240 2044; x_wconf 75' lang='lat' dir='ltr'><strong>chicze</strong></span> <span class='ocrx_word' id='word_1_552' title='bbox 253 2016 393 2044; x_wconf 82' lang='lat' dir='ltr'><strong>meditatio</strong></span> <span class='ocrx_word' id='word_1_553' title='bbox 407 2024 422 2044; x_wconf 86' lang='lat' dir='ltr'><strong>a</strong></span> <span class='ocrx_word' id='word_1_554' title='bbox 449 2017 593 2045; x_wconf 91' lang='lat' dir='ltr'><strong>Theodoro</strong></span> <span class='ocrx_word' id='word_1_555' title='bbox 611 2023 749 2053; x_wconf 87' lang='lat' dir='ltr'><strong>suscepta.</strong></span> <span class='ocrx_word' id='word_1_556' title='bbox 773 2019 942 2055; x_wconf 78' lang='lat' dir='ltr'><strong>Repudiatu-</strong></span> 
     </span>
    </p>
   </div>
   <div class='ocr_carea' id='block_1_73' title="bbox 158 2063 938 2100">
    <p class='ocr_par' dir='ltr' id='par_1_73' title="bbox 158 2063 938 2100">
     <span class='ocr_line' id='line_1_73' title="bbox 158 2063 938 2100; baseline 0.008 -11"><span class='ocrx_word' id='word_1_557' title='bbox 158 2070 206 2090; x_wconf 85' lang='lat' dir='ltr'><strong>rus</strong></span> <span class='ocrx_word' id='word_1_558' title='bbox 239 2063 312 2089; x_wconf 89' lang='lat' dir='ltr'><strong>enim</strong></span> <span class='ocrx_word' id='word_1_559' title='bbox 339 2063 413 2090; x_wconf 89' lang='lat' dir='ltr'><strong>illum</strong></span> <span class='ocrx_word' id='word_1_560' title='bbox 449 2067 520 2096; x_wconf 87' lang='lat' dir='ltr'><strong>erat,</strong></span> <span class='ocrx_word' id='word_1_561' title='bbox 548 2072 718 2100; x_wconf 80' lang='lat' dir='ltr'><strong>magnosque</strong></span> <span class='ocrx_word' id='word_1_562' title='bbox 750 2066 822 2094; x_wconf 88' lang='lat' dir='ltr'><strong>inter</strong></span> <span class='ocrx_word' id='word_1_563' title='bbox 837 2067 938 2096; x_wconf 81' lang='lat' dir='ltr'><strong>fratres</strong></span> 
     </span>
    </p>
   </div>
   <div class='ocr_carea' id='block_1_74' title="bbox 156 2109 938 2142">
    <p class='ocr_par' dir='ltr' id='par_1_74' title="bbox 156 2109 938 2142">
     <span class='ocr_line' id='line_1_74' title="bbox 156 2109 938 2142; baseline 0.008 -7"><span class='ocrx_word' id='word_1_564' title='bbox 156 2109 292 2135; x_wconf 78' lang='lat' dir='ltr'><strong>excitabat</strong></span> <span class='ocrx_word' id='word_1_565' title='bbox 321 2109 460 2142; x_wconf 88' lang='lat' dir='ltr'><strong>tumultus,</strong></span> <span class='ocrx_word' id='word_1_566' title='bbox 492 2109 528 2136; x_wconf 87' lang='lat' dir='ltr'><strong>ita</strong></span> <span class='ocrx_word' id='word_1_567' title='bbox 545 2115 632 2138; x_wconf 81' lang='lat' dir='ltr'><strong>utres</strong></span> <span class='ocrx_word' id='word_1_568' title='bbox 666 2110 806 2140; x_wconf 83' lang='lat' dir='ltr'><strong>Patrensis</strong></span> <span class='ocrx_word' id='word_1_569' title='bbox 834 2113 938 2142; x_wconf 78' lang='lat' dir='ltr'><strong>felicem</strong></span> 
     </span>
    </p>
   </div>
   <div class='ocr_carea' id='block_1_75' title="bbox 157 2155 938 2196">
    <p class='ocr_par' dir='ltr' id='par_1_75' title="bbox 157 2155 938 2196">
     <span class='ocr_line' id='line_1_75' title="bbox 157 2155 938 2196; baseline 0.01 -16"><span class='ocrx_word' id='word_1_570' title='bbox 157 2155 258 2181; x_wconf 82' lang='lat' dir='ltr'><strong>exitum</strong></span> <span class='ocrx_word' id='word_1_571' title='bbox 276 2161 328 2182; x_wconf 91' lang='lat' dir='ltr'><strong>non</strong></span> <span class='ocrx_word' id='word_1_572' title='bbox 343 2155 466 2188; x_wconf 75' lang='lat' dir='ltr'><strong>haberet,</strong></span> <span class='ocrx_word' id='word_1_573' title='bbox 485 2155 531 2183; x_wconf 89' lang='lat' dir='ltr'><strong>sed</strong></span> <span class='ocrx_word' id='word_1_574' title='bbox 548 2156 598 2183; x_wconf 85' lang='lat' dir='ltr'><strong>tria</strong></span> <span class='ocrx_word' id='word_1_575' title='bbox 612 2160 715 2184; x_wconf 86' lang='lat' dir='ltr'><strong>tantum</strong></span> <span class='ocrx_word' id='word_1_576' title='bbox 728 2158 826 2194; x_wconf 74' lang='lat' dir='ltr'><strong>exigua</strong></span> <span class='ocrx_word' id='word_1_577' title='bbox 841 2161 938 2196; x_wconf 85' lang='lat' dir='ltr'><strong>oppida</strong></span> 
     </span>
    </p>
   </div>
   <div class='ocr_carea' id='block_1_76' title="bbox 155 2202 940 2239">
    <p class='ocr_par' dir='ltr' id='par_1_76' title="bbox 155 2202 940 2239">
     <span class='ocr_line' id='line_1_76' title="bbox 155 2202 940 2239; baseline 0.008 -11"><span class='ocrx_word' id='word_1_578' title='bbox 155 2208 328 2236; x_wconf 80' lang='lat' dir='ltr'><strong>caperentur,</strong></span> <span class='ocrx_word' id='word_1_579' title='bbox 351 2210 413 2230; x_wconf 87' lang='lat' dir='ltr'><strong>cum</strong></span> <span class='ocrx_word' id='word_1_580' title='bbox 443 2202 542 2230; x_wconf 81' lang='lat' dir='ltr'><strong>incolis</strong></span> <span class='ocrx_word' id='word_1_581' title='bbox 557 2210 624 2237; x_wconf 84' lang='lat' dir='ltr'><strong>pace</strong></span> <span class='ocrx_word' id='word_1_582' title='bbox 643 2203 679 2230; x_wconf 88' lang='lat' dir='ltr'><strong>ita</strong></span> <span class='ocrx_word' id='word_1_583' title='bbox 711 2209 801 2239; x_wconf 83' lang='lat' dir='ltr'><strong>pacta,</strong></span> <span class='ocrx_word' id='word_1_584' title='bbox 830 2206 940 2234; x_wconf 83' lang='lat' dir='ltr'><strong>utCon-</strong></span> 
     </span>
    </p>
   </div>
   <div class='ocr_carea' id='block_1_77' title="bbox 157 2246 944 2287">
    <p class='ocr_par' dir='ltr' id='par_1_77' title="bbox 157 2246 944 2287">
     <span class='ocr_line' id='line_1_77' title="bbox 157 2246 944 2287; baseline 0.01 -15"><span class='ocrx_word' id='word_1_585' title='bbox 157 2246 278 2274; x_wconf 79' lang='lat' dir='ltr'><strong>stantino</strong></span> <span class='ocrx_word' id='word_1_586' title='bbox 288 2247 314 2286; x_wconf 83' lang='lat' dir='ltr'><strong>in</strong></span> <span class='ocrx_word' id='word_1_587' title='bbox 324 2255 409 2275; x_wconf 85' lang='lat' dir='ltr'><strong>annos</strong></span> <span class='ocrx_word' id='word_1_588' title='bbox 418 2248 539 2282; x_wconf 79' lang='lat' dir='ltr'><strong>singulos</strong></span> <span class='ocrx_word' id='word_1_589' title='bbox 545 2256 669 2277; x_wconf 88' lang='lat' dir='ltr'><strong>nummos</strong></span> <span class='ocrx_word' id='word_1_590' title='bbox 677 2257 775 2277; x_wconf 83' lang='lat' dir='ltr'><strong>aureos</strong></span> <span class='ocrx_word' id='word_1_591' title='bbox 782 2251 944 2287; x_wconf 74' lang='lat' dir='ltr'><strong>quingentos</strong></span> 
     </span>
    </p>
   </div>
   <div class='ocr_carea' id='block_1_78' title="bbox 137 2293 944 2332">
    <p class='ocr_par' dir='ltr' id='par_1_78' title="bbox 137 2293 944 2332">
     <span class='ocr_line' id='line_1_78' title="bbox 137 2293 944 2332; baseline 0.01 -13"><span class='ocrx_word' id='word_1_592' title='bbox 137 2326 140 2332; x_wconf 43' lang='lat'><em>‘</em></span> <span class='ocrx_word' id='word_1_593' title='bbox 159 2293 320 2327; x_wconf 84' lang='lat' dir='ltr'><strong>penderent.</strong></span> <span class='ocrx_word' id='word_1_594' title='bbox 335 2294 374 2322; x_wconf 88' lang='lat' dir='ltr'><strong>Ita</strong></span> <span class='ocrx_word' id='word_1_595' title='bbox 390 2295 512 2323; x_wconf 85' lang='lat' dir='ltr'><strong>collectis</strong></span> <span class='ocrx_word' id='word_1_596' title='bbox 533 2295 614 2329; x_wconf 80' lang='lat' dir='ltr'><strong>vasis,</strong></span> <span class='ocrx_word' id='word_1_597' title='bbox 645 2303 707 2323; x_wconf 89' lang='lat' dir='ltr'><strong>cum</strong></span> <span class='ocrx_word' id='word_1_598' title='bbox 728 2297 894 2332; x_wconf 84' lang='lat' dir='ltr'><strong>imperatore</strong></span> <span class='ocrx_word' id='word_1_599' title='bbox 916 2305 944 2327; x_wconf 86' lang='lat' dir='ltr'><strong>et</strong></span> 
     </span>
    </p>
   </div>
   <div class='ocr_carea' id='block_1_79' title="bbox 132 2337 943 2387">
    <p class='ocr_par' dir='ltr' id='par_1_79' title="bbox 132 2337 943 2387">
     <span class='ocr_line' id='line_1_79' title="bbox 132 2337 943 2387; baseline 0.009 -22"><span class='ocrx_word' id='word_1_600' title='bbox 132 2337 300 2387; x_wconf 52' lang='lat' dir='ltr'><strong>lTlteodoro</strong></span> <span class='ocrx_word' id='word_1_601' title='bbox 332 2339 443 2376; x_wconf 83' lang='lat' dir='ltr'><strong>despota</strong></span> <span class='ocrx_word' id='word_1_602' title='bbox 495 2340 619 2376; x_wconf 83' lang='lat' dir='ltr'><strong>Spartam</strong></span> <span class='ocrx_word' id='word_1_603' title='bbox 648 2341 824 2371; x_wconf 66' lang='lat' dir='ltr'><strong>discessimus</strong></span> <span class='ocrx_word' id='word_1_604' title='bbox 847 2344 943 2376; x_wconf 79' lang='lat' dir='ltr'><strong>;Con-</strong></span> 
     </span>
    </p>
   </div>
   <div class='ocr_carea' id='block_1_80' title="bbox 156 2385 944 2424">
    <p class='ocr_par' dir='ltr' id='par_1_80' title="bbox 156 2385 944 2424">
     <span class='ocr_line' id='line_1_80' title="bbox 156 2385 944 2424; baseline 0.01 -13"><span class='ocrx_word' id='word_1_605' title='bbox 156 2385 293 2413; x_wconf 77' lang='lat' dir='ltr'><strong>stantinus</strong></span> <span class='ocrx_word' id='word_1_606' title='bbox 309 2391 399 2414; x_wconf 78' lang='lat' dir='ltr'><strong>autent</strong></span> <span class='ocrx_word' id='word_1_607' title='bbox 424 2386 535 2421; x_wconf 87' lang='lat' dir='ltr'><strong>despota</strong></span> <span class='ocrx_word' id='word_1_608' title='bbox 551 2386 601 2414; x_wconf 86' lang='lat' dir='ltr'><strong>alia</strong></span> <span class='ocrx_word' id='word_1_609' title='bbox 615 2387 658 2413; x_wconf 82' lang='lat' dir='ltr'><strong>via</strong></span> <span class='ocrx_word' id='word_1_610' title='bbox 671 2395 731 2415; x_wconf 87' lang='lat' dir='ltr'><strong>cum</strong></span> <span class='ocrx_word' id='word_1_611' title='bbox 748 2389 837 2424; x_wconf 72' lang='lat' dir='ltr'><strong>regina</strong></span> <span class='ocrx_word' id='word_1_612' title='bbox 860 2398 944 2419; x_wconf 77' lang='lat' dir='ltr'><strong>uxore</strong></span> 
     </span>
    </p>
   </div>
   <div class='ocr_carea' id='block_1_81' title="bbox 155 2430 942 2468">
    <p class='ocr_par' dir='ltr' id='par_1_81' title="bbox 155 2430 942 2468">
     <span class='ocr_line' id='line_1_81' title="bbox 155 2430 942 2468; baseline 0.009 -11"><span class='ocrx_word' id='word_1_613' title='bbox 155 2430 340 2458; x_wconf 83' lang='lat' dir='ltr'><strong>Chlomutzim</strong></span> <span class='ocrx_word' id='word_1_614' title='bbox 361 2431 500 2466; x_wconf 88' lang='lat' dir='ltr'><strong>profectus</strong></span> <span class='ocrx_word' id='word_1_615' title='bbox 521 2437 573 2460; x_wconf 87' lang='lat' dir='ltr'><strong>est.</strong></span> <span class='ocrx_word' id='word_1_616' title='bbox 600 2432 680 2460; x_wconf 86' lang='lat' dir='ltr'><strong>Brevi</strong></span> <span class='ocrx_word' id='word_1_617' title='bbox 709 2438 832 2468; x_wconf 86' lang='lat' dir='ltr'><strong>tempore</strong></span> <span class='ocrx_word' id='word_1_618' title='bbox 855 2435 942 2464; x_wconf 80' lang='lat' dir='ltr'><strong>inter-</strong></span> 
     </span>
    </p>
   </div>
   <div class='ocr_carea' id='block_1_82' title="bbox 157 2476 940 2515">
    <p class='ocr_par' dir='ltr' id='par_1_82' title="bbox 157 2476 940 2515">
     <span class='ocr_line' id='line_1_82' title="bbox 157 2476 940 2515; baseline 0.011 -14"><span class='ocrx_word' id='word_1_619' title='bbox 157 2476 249 2509; x_wconf 85' lang='lat' dir='ltr'><strong>misso,</strong></span> <span class='ocrx_word' id='word_1_620' title='bbox 266 2484 327 2504; x_wconf 90' lang='lat' dir='ltr'><strong>cum</strong></span> <span class='ocrx_word' id='word_1_621' title='bbox 344 2477 453 2505; x_wconf 89' lang='lat' dir='ltr'><strong>domum</strong></span> <span class='ocrx_word' id='word_1_622' title='bbox 471 2478 561 2506; x_wconf 88' lang='lat' dir='ltr'><strong>redire</strong></span> <span class='ocrx_word' id='word_1_623' title='bbox 578 2479 658 2506; x_wconf 88' lang='lat' dir='ltr'><strong>vellet</strong></span> <span class='ocrx_word' id='word_1_624' title='bbox 671 2479 831 2515; x_wconf 84' lang='lat' dir='ltr'><strong>imperator,</strong></span> <span class='ocrx_word' id='word_1_625' title='bbox 860 2483 940 2509; x_wconf 86' lang='lat' dir='ltr'><strong>etiam</strong></span> 
     </span>
    </p>
   </div>
   <div class='ocr_carea' id='block_1_83' title="bbox 155 2520 942 2556">
    <p class='ocr_par' dir='ltr' id='par_1_83' title="bbox 155 2520 942 2556">
     <span class='ocr_line' id='line_1_83' title="bbox 155 2520 942 2556; baseline 0.008 -9"><span class='ocrx_word' id='word_1_626' title='bbox 155 2520 351 2548; x_wconf 79' lang='lat' dir='ltr'><strong>Constantinus</strong></span> <span class='ocrx_word' id='word_1_627' title='bbox 379 2521 412 2548; x_wconf 90' lang='lat' dir='ltr'><strong>de</strong></span> <span class='ocrx_word' id='word_1_628' title='bbox 428 2529 458 2548; x_wconf 87' lang='lat' dir='ltr'><strong>ea</strong></span> <span class='ocrx_word' id='word_1_629' title='bbox 470 2529 500 2549; x_wconf 90' lang='lat' dir='ltr'><strong>re</strong></span> <span class='ocrx_word' id='word_1_630' title='bbox 516 2522 617 2550; x_wconf 86' lang='lat' dir='ltr'><strong>certior</strong></span> <span class='ocrx_word' id='word_1_631' title='bbox 644 2523 742 2556; x_wconf 89' lang='lat' dir='ltr'><strong>factus,</strong></span> <span class='ocrx_word' id='word_1_632' title='bbox 769 2524 942 2553; x_wconf 80' lang='lat' dir='ltr'><strong>Chlomutzio</strong></span> 
     </span>
    </p>
   </div>
   <div class='ocr_carea' id='block_1_84' title="bbox 157 2566 942 2604">
    <p class='ocr_par' dir='ltr' id='par_1_84' title="bbox 157 2566 942 2604">
     <span class='ocr_line' id='line_1_84' title="bbox 157 2566 942 2604; baseline 0.009 -12"><span class='ocrx_word' id='word_1_633' title='bbox 157 2566 280 2600; x_wconf 77' lang='lat' dir='ltr'><strong>Spartam</strong></span> <span class='ocrx_word' id='word_1_634' title='bbox 301 2567 385 2595; x_wconf 82' lang='lat' dir='ltr'><strong>venit.</strong></span> <span class='ocrx_word' id='word_1_635' title='bbox 424 2567 501 2601; x_wconf 87' lang='lat' dir='ltr'><strong>lnde,</strong></span> <span class='ocrx_word' id='word_1_636' title='bbox 527 2574 673 2604; x_wconf 86' lang='lat' dir='ltr'><strong>postquam</strong></span> <span class='ocrx_word' id='word_1_637' title='bbox 700 2575 816 2604; x_wconf 80' lang='lat' dir='ltr'><strong>quatuor</strong></span> <span class='ocrx_word' id='word_1_638' title='bbox 843 2571 942 2599; x_wconf 76' lang='lat' dir='ltr'><strong>fratres</strong></span> 
     </span>
    </p>
   </div>
   <div class='ocr_carea' id='block_1_85' title="bbox 156 2612 942 2647">
    <p class='ocr_par' dir='ltr' id='par_1_85' title="bbox 156 2612 942 2647">
     <span class='ocr_line' id='line_1_85' title="bbox 156 2612 942 2647; baseline 0.011 -9"><span class='ocrx_word' id='word_1_639' title='bbox 156 2612 260 2646; x_wconf 80' lang='lat' dir='ltr'><strong>aliquot</strong></span> <span class='ocrx_word' id='word_1_640' title='bbox 273 2613 332 2641; x_wconf 79' lang='lat' dir='ltr'><strong>dies</strong></span> <span class='ocrx_word' id='word_1_641' title='bbox 346 2621 398 2640; x_wconf 86' lang='lat' dir='ltr'><strong>una</strong></span> <span class='ocrx_word' id='word_1_642' title='bbox 417 2613 537 2647; x_wconf 86' lang='lat' dir='ltr'><strong>fuerunt,</strong></span> <span class='ocrx_word' id='word_1_643' title='bbox 552 2622 645 2643; x_wconf 87' lang='lat' dir='ltr'><strong>mense</strong></span> <span class='ocrx_word' id='word_1_644' title='bbox 656 2615 764 2644; x_wconf 86' lang='lat' dir='ltr'><strong>Octobri</strong></span> <span class='ocrx_word' id='word_1_645' title='bbox 783 2618 845 2645; x_wconf 90' lang='lat' dir='ltr'><strong>anni</strong></span> <span class='ocrx_word' id='word_1_646' title='bbox 872 2619 942 2647; x_wconf 80' lang='grc'>6957</span> 
     </span>
    </p>
   </div>
   <div class='ocr_carea' id='block_1_86' title="bbox 156 2658 942 2696">
    <p class='ocr_par' dir='ltr' id='par_1_86' title="bbox 156 2658 942 2696">
     <span class='ocr_line' id='line_1_86' title="bbox 156 2658 942 2696; baseline 0.01 -12"><span class='ocrx_word' id='word_1_647' title='bbox 156 2658 315 2685; x_wconf 80' lang='lat' dir='ltr'><strong>Corinthum</strong></span> <span class='ocrx_word' id='word_1_648' title='bbox 333 2659 490 2693; x_wconf 75' lang='lat' dir='ltr'><strong>traiecimus</strong></span> <span class='ocrx_word' id='word_1_649' title='bbox 507 2669 514 2687; x_wconf 90' lang='lat'><strong>:</strong></span> <span class='ocrx_word' id='word_1_650' title='bbox 530 2660 566 2688; x_wconf 91' lang='lat' dir='ltr'><strong>ibi</strong></span> <span class='ocrx_word' id='word_1_651' title='bbox 585 2661 733 2696; x_wconf 87' lang='lat' dir='ltr'><strong>imperator</strong></span> <span class='ocrx_word' id='word_1_652' title='bbox 750 2663 853 2691; x_wconf 90' lang='lat' dir='ltr'><strong>triremi</strong></span> <span class='ocrx_word' id='word_1_653' title='bbox 877 2672 942 2692; x_wconf 77' lang='lat' dir='ltr'><strong>con-</strong></span> 
     </span>
    </p>
   </div>
   <div class='ocr_carea' id='block_1_87' title="bbox 154 2704 940 2746">
    <p class='ocr_par' dir='ltr' id='par_1_87' title="bbox 154 2704 940 2746">
     <span class='ocr_line' id='line_1_87' title="bbox 154 2704 940 2746; baseline 0.013 -17"><span class='ocrx_word' id='word_1_654' title='bbox 154 2711 249 2730; x_wconf 84' lang='lat' dir='ltr'><strong>scensa</strong></span> <span class='ocrx_word' id='word_1_655' title='bbox 270 2704 375 2739; x_wconf 83' lang='lat' dir='ltr'><strong>Cpolim</strong></span> <span class='ocrx_word' id='word_1_656' title='bbox 396 2706 537 2740; x_wconf 84' lang='lat' dir='ltr'><strong>profectus</strong></span> <span class='ocrx_word' id='word_1_657' title='bbox 554 2712 618 2741; x_wconf 89' lang='lat' dir='ltr'><strong>est;</strong></span> <span class='ocrx_word' id='word_1_658' title='bbox 648 2708 806 2737; x_wconf 85' lang='lat' dir='ltr'><strong>Theodorus</strong></span> <span class='ocrx_word' id='word_1_659' title='bbox 831 2711 940 2746; x_wconf 83' lang='lat' dir='ltr'><strong>despola</strong></span> 
     </span>
    </p>
   </div>
   <div class='ocr_carea' id='block_1_88' title="bbox 156 2748 939 2790">
    <p class='ocr_par' dir='ltr' id='par_1_88' title="bbox 156 2748 939 2790">
     <span class='ocr_line' id='line_1_88' title="bbox 156 2748 939 2790; baseline 0.013 -16"><span class='ocrx_word' id='word_1_660' title='bbox 156 2748 218 2781; x_wconf 88' lang='lat' dir='ltr'><strong>iter,</strong></span> <span class='ocrx_word' id='word_1_661' title='bbox 240 2751 314 2784; x_wconf 80' lang='lat' dir='ltr'><strong>quod</strong></span> <span class='ocrx_word' id='word_1_662' title='bbox 333 2750 460 2785; x_wconf 82' lang='lat' dir='ltr'><strong>Spartam</strong></span> <span class='ocrx_word' id='word_1_663' title='bbox 486 2752 550 2787; x_wconf 85' lang='lat' dir='ltr'><strong>fert,</strong></span> <span class='ocrx_word' id='word_1_664' title='bbox 581 2754 689 2790; x_wconf 80' lang='lat' dir='ltr'><strong>relegit,</strong></span> <span class='ocrx_word' id='word_1_665' title='bbox 704 2755 851 2784; x_wconf 85' lang='lat' dir='ltr'><strong>comitante</strong></span> <span class='ocrx_word' id='word_1_666' title='bbox 878 2764 939 2786; x_wconf 88' lang='lat' dir='ltr'><strong>eum</strong></span> 
     </span>
    </p>
   </div>
   <div class='ocr_carea' id='block_1_89' title="bbox 153 2794 664 2835">
    <p class='ocr_par' dir='ltr' id='par_1_89' title="bbox 153 2794 664 2835">
     <span class='ocr_line' id='line_1_89' title="bbox 153 2794 664 2835; baseline 0.012 -13"><span class='ocrx_word' id='word_1_667' title='bbox 153 2794 257 2822; x_wconf 82' lang='lat' dir='ltr'><strong>Thema</strong></span> <span class='ocrx_word' id='word_1_668' title='bbox 274 2796 394 2832; x_wconf 85' lang='lat' dir='ltr'><strong>principe</strong></span> <span class='ocrx_word' id='word_1_669' title='bbox 411 2806 497 2834; x_wconf 88' lang='lat' dir='ltr'><strong>usque</strong></span> <span class='ocrx_word' id='word_1_670' title='bbox 510 2799 664 2835; x_wconf 86' lang='lat' dir='ltr'><strong>Calabryta.</strong></span> 
     </span>
    </p>
   </div>
   <div class='ocr_carea' id='block_1_90' title="bbox 997 1513 1782 1550">
    <p class='ocr_par' dir='ltr' id='par_1_90' title="bbox 997 1513 1782 1550">
     <span class='ocr_line' id='line_1_90' title="bbox 997 1513 1782 1550; baseline -0.003 -9"><span class='ocrx_word' id='word_1_671' title='bbox 997 1514 1094 1550; x_wconf 83' lang='grc' dir='ltr'>θέντης</span> <span class='ocrx_word' id='word_1_672' title='bbox 1107 1515 1226 1541; x_wconf 76' lang='grc' dir='ltr'>ἔκπαλαι</span> <span class='ocrx_word' id='word_1_673' title='bbox 1238 1515 1284 1541; x_wconf 72' lang='grc' dir='ltr'>καὶ</span> <span class='ocrx_word' id='word_1_674' title='bbox 1297 1514 1326 1546; x_wconf 72' lang='grc' dir='ltr'><strong>ἐξ</strong></span> <span class='ocrx_word' id='word_1_675' title='bbox 1338 1514 1426 1550; x_wconf 79' lang='grc' dir='ltr'>ἀρχῆς</span> <span class='ocrx_word' id='word_1_676' title='bbox 1439 1515 1489 1549; x_wconf 81' lang='grc' dir='ltr'><strong>τῆς</strong></span> <span class='ocrx_word' id='word_1_677' title='bbox 1504 1514 1685 1549; x_wconf 75' lang='grc' dir='ltr'>ἰσχυροτάτης</span> <span class='ocrx_word' id='word_1_678' title='bbox 1707 1513 1782 1540; x_wconf 87' lang='grc' dir='ltr'><strong>Ίθῶ-</strong></span> 
     </span>
    </p>
   </div>
   <div class='ocr_carea' id='block_1_91' title="bbox 999 1559 1782 1596">
    <p class='ocr_par' dir='ltr' id='par_1_91' title="bbox 999 1559 1782 1596">
     <span class='ocr_line' id='line_1_91' title="bbox 999 1559 1782 1596; baseline -0.003 -9"><span class='ocrx_word' id='word_1_679' title='bbox 999 1568 1064 1596; x_wconf 82' lang='grc' dir='ltr'>μης,</span> <span class='ocrx_word' id='word_1_680' title='bbox 1093 1561 1109 1596; x_wconf 82' lang='grc' dir='ltr'>ἢ</span> <span class='ocrx_word' id='word_1_681' title='bbox 1137 1561 1184 1587; x_wconf 74' lang='grc' dir='ltr'><strong>καὶ</strong></span> <span class='ocrx_word' id='word_1_682' title='bbox 1211 1560 1344 1594; x_wconf 80' lang='grc' dir='ltr'>Μεσσήνη</span> <span class='ocrx_word' id='word_1_683' title='bbox 1372 1560 1509 1592; x_wconf 77' lang='grc' dir='ltr'>ἐκαλεῖτο,</span> <span class='ocrx_word' id='word_1_684' title='bbox 1536 1559 1583 1586; x_wconf 78' lang='grc' dir='ltr'>καὶ</span> <span class='ocrx_word' id='word_1_685' title='bbox 1611 1560 1712 1591; x_wconf 59' lang='lat' dir='ltr'><strong>nemo;</strong></span> <span class='ocrx_word' id='word_1_686' title='bbox 1736 1559 1782 1586; x_wconf 73' lang='grc' dir='ltr'>τοῦ</span> 
     </span>
    </p>
   </div>
   <div class='ocr_carea' id='block_1_92' title="bbox 1032 1647 1782 1684">
    <p class='ocr_par' dir='ltr' id='par_1_92' title="bbox 1032 1647 1782 1684">
     <span class='ocr_line' id='line_1_92' title="bbox 1032 1647 1782 1684; baseline 0.003 -10"><span class='ocrx_word' id='word_1_687' title='bbox 1032 1647 1086 1675; x_wconf 85' lang='lat' dir='ltr'><strong>Nos</strong></span> <span class='ocrx_word' id='word_1_688' title='bbox 1103 1656 1163 1675; x_wconf 85' lang='lat' dir='ltr'><strong>cum</strong></span> <span class='ocrx_word' id='word_1_689' title='bbox 1190 1648 1312 1683; x_wconf 88' lang='lat' dir='ltr'><strong>principe</strong></span> <span class='ocrx_word' id='word_1_690' title='bbox 1339 1653 1434 1676; x_wconf 86' lang='lat' dir='ltr'><strong>nostro</strong></span> <span class='ocrx_word' id='word_1_691' title='bbox 1465 1649 1647 1677; x_wconf 88' lang='lat' dir='ltr'><strong>Constantino</strong></span> <span class='ocrx_word' id='word_1_692' title='bbox 1670 1649 1782 1684; x_wconf 89' lang='lat' dir='ltr'><strong>despola</strong></span> 
     </span>
    </p>
   </div>
   <div class='ocr_carea' id='block_1_93' title="bbox 997 1693 1781 1722">
    <p class='ocr_par' dir='ltr' id='par_1_93' title="bbox 997 1693 1781 1722">
     <span class='ocr_line' id='line_1_93' title="bbox 997 1693 1781 1722; baseline -0.001 -1"><span class='ocrx_word' id='word_1_693' title='bbox 997 1694 1049 1722; x_wconf 85' lang='lat' dir='ltr'><strong>alia</strong></span> <span class='ocrx_word' id='word_1_694' title='bbox 1066 1695 1108 1720; x_wconf 79' lang='lat' dir='ltr'><strong>via</strong></span> <span class='ocrx_word' id='word_1_695' title='bbox 1122 1693 1267 1720; x_wconf 86' lang='lat' dir='ltr'><strong>Bostitzam</strong></span> <span class='ocrx_word' id='word_1_696' title='bbox 1284 1694 1417 1721; x_wconf 83' lang='lat' dir='ltr'><strong>venimus.</strong></span> <span class='ocrx_word' id='word_1_697' title='bbox 1435 1694 1547 1721; x_wconf 83' lang='lat' dir='ltr'><strong>Etiamsi</strong></span> <span class='ocrx_word' id='word_1_698' title='bbox 1560 1695 1632 1722; x_wconf 86' lang='lat' dir='ltr'><strong>enim</strong></span> <span class='ocrx_word' id='word_1_699' title='bbox 1655 1694 1688 1721; x_wconf 87' lang='lat' dir='ltr'><strong>ad</strong></span> <span class='ocrx_word' id='word_1_700' title='bbox 1723 1701 1781 1720; x_wconf 85' lang='lat' dir='ltr'><strong>Ino-</strong></span> 
     </span>
    </p>
   </div>
   <div class='ocr_carea' id='block_1_94' title="bbox 997 1739 1781 1774">
    <p class='ocr_par' dir='ltr' id='par_1_94' title="bbox 997 1739 1781 1774">
     <span class='ocr_line' id='line_1_94' title="bbox 997 1739 1781 1774; baseline -0.001 -8"><span class='ocrx_word' id='word_1_701' title='bbox 997 1739 1100 1766; x_wconf 89' lang='lat' dir='ltr'><strong>naehos</strong></span> <span class='ocrx_word' id='word_1_702' title='bbox 1112 1747 1173 1766; x_wconf 76' lang='lat' dir='ltr'><strong>Sese</strong></span> <span class='ocrx_word' id='word_1_703' title='bbox 1197 1746 1252 1765; x_wconf 92' lang='lat' dir='ltr'><strong>non</strong></span> <span class='ocrx_word' id='word_1_704' title='bbox 1284 1740 1440 1774; x_wconf 74' lang='lat' dir='ltr'><strong>aggregavit</strong></span> <span class='ocrx_word' id='word_1_705' title='bbox 1471 1739 1630 1767; x_wconf 87' lang='lat' dir='ltr'><strong>Theodorus</strong></span> <span class='ocrx_word' id='word_1_706' title='bbox 1659 1740 1781 1774; x_wconf 85' lang='lat' dir='ltr'><strong>despota,</strong></span> 
     </span>
    </p>
   </div>
   <div class='ocr_carea' id='block_1_95' title="bbox 996 1785 1782 1821">
    <p class='ocr_par' dir='ltr' id='par_1_95' title="bbox 996 1785 1782 1821">
     <span class='ocr_line' id='line_1_95' title="bbox 996 1785 1782 1821; baseline 0 -8"><span class='ocrx_word' id='word_1_707' title='bbox 996 1793 1047 1821; x_wconf 83' lang='lat' dir='ltr'><strong>qua</strong></span> <span class='ocrx_word' id='word_1_708' title='bbox 1062 1794 1090 1813; x_wconf 86' lang='lat' dir='ltr'><strong>re</strong></span> <span class='ocrx_word' id='word_1_709' title='bbox 1102 1792 1199 1813; x_wconf 89' lang='lat' dir='ltr'><strong>omnes</strong></span> <span class='ocrx_word' id='word_1_710' title='bbox 1214 1785 1401 1819; x_wconf 86' lang='lat' dir='ltr'><strong>possessiones</strong></span> <span class='ocrx_word' id='word_1_711' title='bbox 1430 1785 1489 1820; x_wconf 90' lang='lat' dir='ltr'><strong>ejus</strong></span> <span class='ocrx_word' id='word_1_712' title='bbox 1513 1786 1546 1813; x_wconf 87' lang='lat' dir='ltr'><strong>ad</strong></span> <span class='ocrx_word' id='word_1_713' title='bbox 1572 1786 1782 1814; x_wconf 87' lang='lat' dir='ltr'><strong>Constantinum</strong></span> 
     </span>
    </p>
   </div>
   <div class='ocr_carea' id='block_1_96' title="bbox 997 1832 1784 1868">
    <p class='ocr_par' dir='ltr' id='par_1_96' title="bbox 997 1832 1784 1868">
     <span class='ocr_line' id='line_1_96' title="bbox 997 1832 1784 1868; baseline 0.001 -9"><span class='ocrx_word' id='word_1_714' title='bbox 997 1832 1107 1860; x_wconf 82' lang='lat' dir='ltr'><strong>fratrem</strong></span> <span class='ocrx_word' id='word_1_715' title='bbox 1130 1833 1280 1860; x_wconf 83' lang='lat' dir='ltr'><strong>secundum</strong></span> <span class='ocrx_word' id='word_1_716' title='bbox 1309 1838 1387 1867; x_wconf 86' lang='lat' dir='ltr'><strong>pacta</strong></span> <span class='ocrx_word' id='word_1_717' title='bbox 1415 1837 1603 1868; x_wconf 86' lang='lat' dir='ltr'><strong>conventaque</strong></span> <span class='ocrx_word' id='word_1_718' title='bbox 1628 1834 1784 1867; x_wconf 64' lang='lat' dir='ltr'><strong>transitum</strong></span> 
     </span>
    </p>
   </div>
   <div class='ocr_carea' id='block_1_97' title="bbox 996 1879 1783 1914">
    <p class='ocr_par' dir='ltr' id='par_1_97' title="bbox 996 1879 1783 1914">
     <span class='ocr_line' id='line_1_97' title="bbox 996 1879 1783 1914; baseline 0.001 -9"><span class='ocrx_word' id='word_1_719' title='bbox 996 1883 1083 1911; x_wconf 84' lang='lat' dir='ltr'><strong>erant,</strong></span> <span class='ocrx_word' id='word_1_720' title='bbox 1103 1885 1196 1906; x_wconf 87' lang='lat' dir='ltr'><strong>tamen</strong></span> <span class='ocrx_word' id='word_1_721' title='bbox 1217 1879 1361 1906; x_wconf 88' lang='lat' dir='ltr'><strong>donavitei</strong></span> <span class='ocrx_word' id='word_1_722' title='bbox 1380 1879 1528 1906; x_wconf 85' lang='lat' dir='ltr'><strong>Bostitzam</strong></span> <span class='ocrx_word' id='word_1_723' title='bbox 1540 1887 1602 1906; x_wconf 87' lang='lat' dir='ltr'><strong>cum</strong></span> <span class='ocrx_word' id='word_1_724' title='bbox 1621 1879 1687 1906; x_wconf 84' lang='lat' dir='ltr'><strong>locis</strong></span> <span class='ocrx_word' id='word_1_725' title='bbox 1705 1879 1783 1914; x_wconf 82' lang='lat' dir='ltr'><strong>adja-</strong></span> 
     </span>
    </p>
   </div>
   <div class='ocr_carea' id='block_1_98' title="bbox 997 1923 1785 1959">
    <p class='ocr_par' dir='ltr' id='par_1_98' title="bbox 997 1923 1785 1959">
     <span class='ocr_line' id='line_1_98' title="bbox 997 1923 1785 1959; baseline 0 -9"><span class='ocrx_word' id='word_1_726' title='bbox 997 1923 1134 1956; x_wconf 86' lang='lat' dir='ltr'><strong>ccntibus,</strong></span> <span class='ocrx_word' id='word_1_727' title='bbox 1150 1927 1178 1951; x_wconf 88' lang='lat' dir='ltr'><strong>et</strong></span> <span class='ocrx_word' id='word_1_728' title='bbox 1188 1931 1220 1951; x_wconf 86' lang='lat' dir='ltr'><strong>ex</strong></span> <span class='ocrx_word' id='word_1_729' title='bbox 1240 1923 1325 1952; x_wconf 81' lang='lat' dir='ltr'><strong>altera</strong></span> <span class='ocrx_word' id='word_1_730' title='bbox 1352 1927 1429 1958; x_wconf 88' lang='lat' dir='ltr'><strong>parte</strong></span> <span class='ocrx_word' id='word_1_731' title='bbox 1462 1932 1630 1959; x_wconf 72' lang='lat' dir='ltr'><strong>quaecunque</strong></span> <span class='ocrx_word' id='word_1_732' title='bbox 1657 1925 1785 1952; x_wconf 87' lang='lat' dir='ltr'><strong>occiden-</strong></span> 
     </span>
    </p>
   </div>
   <div class='ocr_carea' id='block_1_99' title="bbox 996 1970 1782 2007">
    <p class='ocr_par' dir='ltr' id='par_1_99' title="bbox 996 1970 1782 2007">
     <span class='ocr_line' id='line_1_99' title="bbox 996 1970 1782 2007; baseline 0.003 -11"><span class='ocrx_word' id='word_1_733' title='bbox 996 1974 1050 1997; x_wconf 88' lang='lat' dir='ltr'><strong>tem</strong></span> <span class='ocrx_word' id='word_1_734' title='bbox 1083 1977 1179 1998; x_wconf 85' lang='lat' dir='ltr'><strong>versus</strong></span> <span class='ocrx_word' id='word_1_735' title='bbox 1214 1970 1247 1997; x_wconf 90' lang='lat' dir='ltr'><strong>ad</strong></span> <span class='ocrx_word' id='word_1_736' title='bbox 1277 1970 1384 1998; x_wconf 85' lang='lat' dir='ltr'><strong>radices</strong></span> <span class='ocrx_word' id='word_1_737' title='bbox 1411 1971 1512 1998; x_wconf 88' lang='lat' dir='ltr'><strong>montis</strong></span> <span class='ocrx_word' id='word_1_738' title='bbox 1526 1971 1651 1998; x_wconf 82' lang='lat' dir='ltr'><strong>altissimi</strong></span> <span class='ocrx_word' id='word_1_739' title='bbox 1669 1971 1782 2007; x_wconf 73' lang='lat' dir='ltr'><strong>Taygeti</strong></span> 
     </span>
    </p>
   </div>
   <div class='ocr_carea' id='block_1_100' title="bbox 992 2015 1782 2051">
    <p class='ocr_par' dir='ltr' id='par_1_100' title="bbox 992 2015 1782 2051">
     <span class='ocr_line' id='line_1_100' title="bbox 992 2015 1782 2051; baseline 0.004 -9"><span class='ocrx_word' id='word_1_740' title='bbox 992 2015 1109 2051; x_wconf 72' lang='lat' dir='ltr'><strong>iacent:</strong></span> <span class='ocrx_word' id='word_1_741' title='bbox 1132 2020 1175 2044; x_wconf 88' lang='lat' dir='ltr'><strong>est</strong></span> <span class='ocrx_word' id='word_1_742' title='bbox 1199 2021 1291 2044; x_wconf 90' lang='lat' dir='ltr'><strong>autem</strong></span> <span class='ocrx_word' id='word_1_743' title='bbox 1321 2017 1358 2044; x_wconf 89' lang='lat' dir='ltr'><strong>ibi</strong></span> <span class='ocrx_word' id='word_1_744' title='bbox 1370 2017 1452 2044; x_wconf 83' lang='lat' dir='ltr'><strong>situm</strong></span> <span class='ocrx_word' id='word_1_745' title='bbox 1483 2016 1629 2045; x_wconf 89' lang='lat' dir='ltr'><strong>Lcuctrum</strong></span> <span class='ocrx_word' id='word_1_746' title='bbox 1672 2017 1782 2050; x_wconf 78' lang='lat' dir='ltr'><strong>Mainac,</strong></span> 
     </span>
    </p>
   </div>
   <div class='ocr_carea' id='block_1_101' title="bbox 995 2061 1783 2099">
    <p class='ocr_par' dir='ltr' id='par_1_101' title="bbox 995 2061 1783 2099">
     <span class='ocr_line' id='line_1_101' title="bbox 995 2061 1783 2099; baseline 0.003 -11"><span class='ocrx_word' id='word_1_747' title='bbox 995 2062 1138 2089; x_wconf 85' lang='lat' dir='ltr'><strong>castellum</strong></span> <span class='ocrx_word' id='word_1_748' title='bbox 1153 2061 1330 2097; x_wconf 83' lang='lat' dir='ltr'><strong>Peloponnesi</strong></span> <span class='ocrx_word' id='word_1_749' title='bbox 1344 2063 1611 2098; x_wconf 73' lang='lat' dir='ltr'><strong>prmstantissimum,</strong></span> <span class='ocrx_word' id='word_1_750' title='bbox 1628 2064 1700 2099; x_wconf 87' lang='lat' dir='ltr'><strong>quod</strong></span> <span class='ocrx_word' id='word_1_751' title='bbox 1718 2065 1783 2091; x_wconf 90' lang='lat' dir='ltr'><strong>olim</strong></span> 
     </span>
    </p>
   </div>
   <div class='ocr_carea' id='block_1_102' title="bbox 995 2107 1784 2146">
    <p class='ocr_par' dir='ltr' id='par_1_102' title="bbox 995 2107 1784 2146">
     <span class='ocr_line' id='line_1_102' title="bbox 995 2107 1784 2146; baseline 0.005 -11"><span class='ocrx_word' id='word_1_752' title='bbox 995 2107 1101 2135; x_wconf 83' lang='lat' dir='ltr'><strong>Cetaria</strong></span> <span class='ocrx_word' id='word_1_753' title='bbox 1117 2109 1265 2136; x_wconf 83' lang='lat' dir='ltr'><strong>vocabatur</strong></span> <span class='ocrx_word' id='word_1_754' title='bbox 1283 2118 1291 2137; x_wconf 85' lang='lat'><strong>:</strong></span> <span class='ocrx_word' id='word_1_755' title='bbox 1309 2114 1336 2137; x_wconf 89' lang='lat' dir='ltr'><strong>et</strong></span> <span class='ocrx_word' id='word_1_756' title='bbox 1349 2117 1456 2138; x_wconf 83' lang='lat' dir='ltr'><strong>omnem</strong></span> <span class='ocrx_word' id='word_1_757' title='bbox 1473 2110 1548 2138; x_wconf 91' lang='lat' dir='ltr'><strong>illum</strong></span> <span class='ocrx_word' id='word_1_758' title='bbox 1560 2115 1675 2139; x_wconf 85' lang='lat' dir='ltr'><strong>tractum</strong></span> <span class='ocrx_word' id='word_1_759' title='bbox 1697 2119 1784 2146; x_wconf 87' lang='lat' dir='ltr'><strong>usque</strong></span> 
     </span>
    </p>
   </div>
   <div class='ocr_carea' id='block_1_103' title="bbox 998 2154 1782 2191">
    <p class='ocr_par' dir='ltr' id='par_1_103' title="bbox 998 2154 1782 2191">
     <span class='ocr_line' id='line_1_103' title="bbox 998 2154 1782 2191; baseline 0.005 -10"><span class='ocrx_word' id='word_1_760' title='bbox 998 2154 1032 2182; x_wconf 89' lang='lat' dir='ltr'><strong>ad</strong></span> <span class='ocrx_word' id='word_1_761' title='bbox 1049 2154 1157 2190; x_wconf 85' lang='lat' dir='ltr'><strong>Pylum,</strong></span> <span class='ocrx_word' id='word_1_762' title='bbox 1171 2163 1231 2191; x_wconf 72' lang='lat' dir='ltr'><strong>quae</strong></span> <span class='ocrx_word' id='word_1_763' title='bbox 1243 2155 1318 2184; x_wconf 92' lang='lat' dir='ltr'><strong>ltilus</strong></span> <span class='ocrx_word' id='word_1_764' title='bbox 1331 2157 1442 2190; x_wconf 85' lang='lat' dir='ltr'><strong>dicitur,</strong></span> <span class='ocrx_word' id='word_1_765' title='bbox 1458 2160 1484 2184; x_wconf 89' lang='lat' dir='ltr'><strong>et</strong></span> <span class='ocrx_word' id='word_1_766' title='bbox 1498 2163 1574 2184; x_wconf 81' lang='lat' dir='ltr'><strong>extra</strong></span> <span class='ocrx_word' id='word_1_767' title='bbox 1591 2164 1651 2184; x_wconf 88' lang='lat' dir='ltr'><strong>eum</strong></span> <span class='ocrx_word' id='word_1_768' title='bbox 1667 2163 1782 2186; x_wconf 83' lang='lat' dir='ltr'><strong>lractum</strong></span> 
     </span>
    </p>
   </div>
   <div class='ocr_carea' id='block_1_104' title="bbox 997 2201 1783 2237">
    <p class='ocr_par' dir='ltr' id='par_1_104' title="bbox 997 2201 1783 2237">
     <span class='ocr_line' id='line_1_104' title="bbox 997 2201 1783 2237; baseline 0.004 -10"><span class='ocrx_word' id='word_1_769' title='bbox 997 2201 1136 2228; x_wconf 77' lang='lat' dir='ltr'><strong>castellum</strong></span> <span class='ocrx_word' id='word_1_770' title='bbox 1154 2201 1298 2236; x_wconf 86' lang='lat' dir='ltr'><strong>Zarnatas,</strong></span> <span class='ocrx_word' id='word_1_771' title='bbox 1314 2202 1475 2235; x_wconf 76' lang='lat' dir='ltr'><strong>Gastitzam,</strong></span> <span class='ocrx_word' id='word_1_772' title='bbox 1500 2203 1677 2236; x_wconf 82' lang='lat' dir='ltr'><strong>Diaseistum,</strong></span> <span class='ocrx_word' id='word_1_773' title='bbox 1705 2204 1783 2237; x_wconf 76' lang='lat' dir='ltr'><strong>Mele,</strong></span> 
     </span>
    </p>
   </div>
   <div class='ocr_carea' id='block_1_105' title="bbox 998 2246 1783 2284">
    <p class='ocr_par' dir='ltr' id='par_1_105' title="bbox 998 2246 1783 2284">
     <span class='ocr_line' id='line_1_105' title="bbox 998 2246 1783 2284; baseline 0.005 -11"><span class='ocrx_word' id='word_1_774' title='bbox 998 2246 1143 2274; x_wconf 86' lang='lat' dir='ltr'><strong>Draehium</strong></span> <span class='ocrx_word' id='word_1_775' title='bbox 1159 2252 1186 2275; x_wconf 89' lang='lat' dir='ltr'><strong>et</strong></span> <span class='ocrx_word' id='word_1_776' title='bbox 1198 2248 1338 2275; x_wconf 77' lang='lat' dir='ltr'><strong>l’olianum</strong></span> <span class='ocrx_word' id='word_1_777' title='bbox 1350 2255 1410 2275; x_wconf 90' lang='lat' dir='ltr'><strong>cum</strong></span> <span class='ocrx_word' id='word_1_778' title='bbox 1427 2249 1493 2276; x_wconf 79' lang='lat' dir='ltr'><strong>locis</strong></span> <span class='ocrx_word' id='word_1_779' title='bbox 1512 2249 1653 2283; x_wconf 83' lang='lat' dir='ltr'><strong>ﬁnitimis;</strong></span> <span class='ocrx_word' id='word_1_780' title='bbox 1672 2251 1783 2284; x_wconf 86' lang='lat' dir='ltr'><strong>insuper</strong></span> 
     </span>
    </p>
   </div>
   <div class='ocr_carea' id='block_1_106' title="bbox 997 2293 1782 2329">
    <p class='ocr_par' dir='ltr' id='par_1_106' title="bbox 997 2293 1782 2329">
     <span class='ocr_line' id='line_1_106' title="bbox 997 2293 1782 2329; baseline 0.005 -10"><span class='ocrx_word' id='word_1_781' title='bbox 997 2293 1087 2319; x_wconf 84' lang='lat' dir='ltr'><strong>omnia</strong></span> <span class='ocrx_word' id='word_1_782' title='bbox 1101 2293 1198 2328; x_wconf 88' lang='lat' dir='ltr'><strong>oppida</strong></span> <span class='ocrx_word' id='word_1_783' title='bbox 1212 2298 1239 2320; x_wconf 91' lang='lat' dir='ltr'><strong>et</strong></span> <span class='ocrx_word' id='word_1_784' title='bbox 1255 2294 1366 2321; x_wconf 73' lang='lat' dir='ltr'><strong>castella</strong></span> <span class='ocrx_word' id='word_1_785' title='bbox 1390 2296 1422 2321; x_wconf 88' lang='lat' dir='ltr'><strong>ad</strong></span> <span class='ocrx_word' id='word_1_786' title='bbox 1457 2295 1547 2322; x_wconf 86' lang='lat' dir='ltr'><strong>sinum</strong></span> <span class='ocrx_word' id='word_1_787' title='bbox 1573 2294 1782 2329; x_wconf 80' lang='lat' dir='ltr'><strong>Messeniacum,</strong></span> 
     </span>
    </p>
   </div>
   <div class='ocr_carea' id='block_1_107' title="bbox 997 2338 1784 2374">
    <p class='ocr_par' dir='ltr' id='par_1_107' title="bbox 997 2338 1784 2374">
     <span class='ocr_line' id='line_1_107' title="bbox 997 2338 1784 2374; baseline 0.008 -11"><span class='ocrx_word' id='word_1_788' title='bbox 997 2344 1046 2371; x_wconf 85' lang='lat' dir='ltr'><strong>per</strong></span> <span class='ocrx_word' id='word_1_789' title='bbox 1075 2345 1157 2372; x_wconf 89' lang='lat' dir='ltr'><strong>quam</strong></span> <span class='ocrx_word' id='word_1_790' title='bbox 1193 2338 1310 2365; x_wconf 84' lang='lat' dir='ltr'><strong>mediam</strong></span> <span class='ocrx_word' id='word_1_791' title='bbox 1359 2340 1498 2374; x_wconf 77' lang='lat' dir='ltr'><strong>regionem</strong></span> <span class='ocrx_word' id='word_1_792' title='bbox 1523 2339 1646 2371; x_wconf 78' lang='lat' dir='ltr'><strong>Pamisus</strong></span> <span class='ocrx_word' id='word_1_793' title='bbox 1686 2341 1784 2369; x_wconf 84' lang='lat' dir='ltr'><strong>fluvius</strong></span> 
     </span>
    </p>
   </div>
   <div class='ocr_carea' id='block_1_108' title="bbox 997 2383 1783 2421">
    <p class='ocr_par' dir='ltr' id='par_1_108' title="bbox 997 2383 1783 2421">
     <span class='ocr_line' id='line_1_108' title="bbox 997 2383 1783 2421; baseline 0.005 -11"><span class='ocrx_word' id='word_1_794' title='bbox 997 2383 1109 2410; x_wconf 82' lang='lat' dir='ltr'><strong>labitur.</strong></span> <span class='ocrx_word' id='word_1_795' title='bbox 1134 2383 1196 2411; x_wconf 71' lang='lat' dir='ltr'><strong>Hmc</strong></span> <span class='ocrx_word' id='word_1_796' title='bbox 1223 2385 1407 2418; x_wconf 87' lang='lat' dir='ltr'><strong>procuratoris</strong></span> <span class='ocrx_word' id='word_1_797' title='bbox 1432 2386 1543 2413; x_wconf 85' lang='lat' dir='ltr'><strong>nomine</strong></span> <span class='ocrx_word' id='word_1_798' title='bbox 1564 2387 1783 2421; x_wconf 83' lang='lat' dir='ltr'><strong>administrabat,</strong></span> 
     </span>
    </p>
   </div>
   <div class='ocr_carea' id='block_1_109' title="bbox 998 2428 1783 2467">
    <p class='ocr_par' dir='ltr' id='par_1_109' title="bbox 998 2428 1783 2467">
     <span class='ocr_line' id='line_1_109' title="bbox 998 2428 1783 2467; baseline 0.006 -12"><span class='ocrx_word' id='word_1_799' title='bbox 998 2437 1057 2463; x_wconf 72' lang='lat' dir='ltr'><strong>qua:</strong></span> <span class='ocrx_word' id='word_1_800' title='bbox 1087 2428 1233 2463; x_wconf 87' lang='lat' dir='ltr'><strong>Nicephori</strong></span> <span class='ocrx_word' id='word_1_801' title='bbox 1267 2429 1417 2463; x_wconf 82' lang='lat' dir='ltr'><strong>Melisseni,</strong></span> <span class='ocrx_word' id='word_1_802' title='bbox 1448 2431 1539 2467; x_wconf 78' lang='lat' dir='ltr'><strong>magni</strong></span> <span class='ocrx_word' id='word_1_803' title='bbox 1564 2433 1783 2467; x_wconf 77' lang='lat' dir='ltr'><strong>protostratoris,</strong></span> 
     </span>
    </p>
   </div>
   <div class='ocr_carea' id='block_1_110' title="bbox 995 2476 1782 2513">
    <p class='ocr_par' dir='ltr' id='par_1_110' title="bbox 995 2476 1782 2513">
     <span class='ocr_line' id='line_1_110' title="bbox 995 2476 1782 2513; baseline 0.008 -13"><span class='ocrx_word' id='word_1_804' title='bbox 995 2479 1096 2506; x_wconf 87' lang='lat' dir='ltr'><strong>erant;</strong></span> <span class='ocrx_word' id='word_1_805' title='bbox 1115 2483 1194 2509; x_wconf 88' lang='lat' dir='ltr'><strong>quem</strong></span> <span class='ocrx_word' id='word_1_806' title='bbox 1211 2481 1322 2509; x_wconf 85' lang='lat' dir='ltr'><strong>propter</strong></span> <span class='ocrx_word' id='word_1_807' title='bbox 1351 2476 1435 2504; x_wconf 90' lang='lat' dir='ltr'><strong>animi</strong></span> <span class='ocrx_word' id='word_1_808' title='bbox 1461 2479 1608 2506; x_wconf 80' lang='lat' dir='ltr'><strong>versutiam</strong></span> <span class='ocrx_word' id='word_1_809' title='bbox 1626 2483 1654 2505; x_wconf 90' lang='lat' dir='ltr'><strong>et</strong></span> <span class='ocrx_word' id='word_1_810' title='bbox 1680 2478 1782 2513; x_wconf 74' lang='lat' dir='ltr'><strong>ingenii</strong></span> 
     </span>
    </p>
   </div>
   <div class='ocr_carea' id='block_1_111' title="bbox 997 2520 1782 2558">
    <p class='ocr_par' dir='ltr' id='par_1_111' title="bbox 997 2520 1782 2558">
     <span class='ocr_line' id='line_1_111' title="bbox 997 2520 1782 2558; baseline 0.008 -12"><span class='ocrx_word' id='word_1_811' title='bbox 997 2520 1166 2547; x_wconf 86' lang='lat' dir='ltr'><strong>celeritatem</strong></span> <span class='ocrx_word' id='word_1_812' title='bbox 1186 2522 1431 2558; x_wconf 79' lang='lat' dir='ltr'><strong>dexteritatemque</strong></span> <span class='ocrx_word' id='word_1_813' title='bbox 1442 2531 1575 2551; x_wconf 86' lang='lat' dir='ltr'><strong>summam</strong></span> <span class='ocrx_word' id='word_1_814' title='bbox 1587 2525 1619 2551; x_wconf 89' lang='lat' dir='ltr'><strong>ad</strong></span> <span class='ocrx_word' id='word_1_815' title='bbox 1631 2532 1675 2552; x_wconf 91' lang='lat' dir='ltr'><strong>res</strong></span> <span class='ocrx_word' id='word_1_816' title='bbox 1687 2532 1782 2556; x_wconf 86' lang='lat' dir='ltr'><strong>novas,</strong></span> 
     </span>
    </p>
   </div>
   <div class='ocr_carea' id='block_1_112' title="bbox 996 2565 1783 2604">
    <p class='ocr_par' dir='ltr' id='par_1_112' title="bbox 996 2565 1783 2604">
     <span class='ocr_line' id='line_1_112' title="bbox 996 2565 1783 2604; baseline 0.008 -12"><span class='ocrx_word' id='word_1_817' title='bbox 996 2572 1065 2599; x_wconf 79' lang='lat' dir='ltr'><strong>quas</strong></span> <span class='ocrx_word' id='word_1_818' title='bbox 1087 2565 1176 2598; x_wconf 76' lang='lat' dir='ltr'><strong>vellet,</strong></span> <span class='ocrx_word' id='word_1_819' title='bbox 1195 2566 1375 2601; x_wconf 86' lang='lat' dir='ltr'><strong>perficiendas</strong></span> <span class='ocrx_word' id='word_1_820' title='bbox 1407 2569 1488 2596; x_wconf 83' lang='lat' dir='ltr'><strong>etiam</strong></span> <span class='ocrx_word' id='word_1_821' title='bbox 1510 2569 1697 2604; x_wconf 77' lang='lat' dir='ltr'><strong>Melissurgum</strong></span> <span class='ocrx_word' id='word_1_822' title='bbox 1737 2577 1783 2598; x_wconf 85' lang='lat' dir='ltr'><strong>eo-</strong></span> 
     </span>
    </p>
   </div>
   <div class='ocr_carea' id='block_1_113' title="bbox 997 2611 1782 2648">
    <p class='ocr_par' dir='ltr' id='par_1_113' title="bbox 997 2611 1782 2648">
     <span class='ocr_line' id='line_1_113' title="bbox 997 2611 1782 2648; baseline 0.006 -10"><span class='ocrx_word' id='word_1_823' title='bbox 997 2611 1204 2645; x_wconf 79' lang='lat' dir='ltr'><strong>gnominabant.</strong></span> <span class='ocrx_word' id='word_1_824' title='bbox 1233 2613 1299 2640; x_wconf 86' lang='lat' dir='ltr'><strong>Erat</strong></span> <span class='ocrx_word' id='word_1_825' title='bbox 1320 2619 1409 2641; x_wconf 90' lang='lat' dir='ltr'><strong>autem</strong></span> <span class='ocrx_word' id='word_1_826' title='bbox 1443 2614 1492 2642; x_wconf 86' lang='lat' dir='ltr'><strong>viri</strong></span> <span class='ocrx_word' id='word_1_827' title='bbox 1519 2615 1591 2642; x_wconf 88' lang='lat' dir='ltr'><strong>illius</strong></span> <span class='ocrx_word' id='word_1_828' title='bbox 1619 2616 1782 2648; x_wconf 79' lang='lat' dir='ltr'><strong>admirandi.</strong></span> 
     </span>
    </p>
   </div>
   <div class='ocr_carea' id='block_1_114' title="bbox 996 2658 1784 2696">
    <p class='ocr_par' dir='ltr' id='par_1_114' title="bbox 996 2658 1784 2696">
     <span class='ocr_line' id='line_1_114' title="bbox 996 2658 1784 2696; baseline 0.004 -10"><span class='ocrx_word' id='word_1_829' title='bbox 996 2658 1137 2694; x_wconf 81' lang='lat' dir='ltr'><strong>Nicephori</strong></span> <span class='ocrx_word' id='word_1_830' title='bbox 1149 2660 1265 2688; x_wconf 67' lang='lat' dir='ltr'><strong>Caesaris</strong></span> <span class='ocrx_word' id='word_1_831' title='bbox 1276 2660 1423 2693; x_wconf 78' lang='lat' dir='ltr'><strong>Melisseni,</strong></span> <span class='ocrx_word' id='word_1_832' title='bbox 1439 2661 1519 2696; x_wconf 74' lang='lat' dir='ltr'><strong>longo</strong></span> <span class='ocrx_word' id='word_1_833' title='bbox 1539 2666 1709 2696; x_wconf 84' lang='lat' dir='ltr'><strong>posterorum</strong></span> <span class='ocrx_word' id='word_1_834' title='bbox 1738 2671 1784 2690; x_wconf 87' lang='lat' dir='ltr'><strong>or-</strong></span> 
     </span>
    </p>
   </div>
   <div class='ocr_carea' id='block_1_115' title="bbox 996 2706 1782 2742">
    <p class='ocr_par' dir='ltr' id='par_1_115' title="bbox 996 2706 1782 2742">
     <span class='ocr_line' id='line_1_115' title="bbox 996 2706 1782 2742; baseline 0.004 -10"><span class='ocrx_word' id='word_1_835' title='bbox 996 2706 1058 2733; x_wconf 88' lang='lat' dir='ltr'><strong>dine</strong></span> <span class='ocrx_word' id='word_1_836' title='bbox 1076 2713 1169 2740; x_wconf 76' lang='lat' dir='ltr'><strong>nepos.</strong></span> <span class='ocrx_word' id='word_1_837' title='bbox 1185 2706 1255 2734; x_wconf 82' lang='lat' dir='ltr'><strong>illius</strong></span> <span class='ocrx_word' id='word_1_838' title='bbox 1271 2707 1370 2734; x_wconf 82' lang='lat' dir='ltr'><strong>Leonis</strong></span> <span class='ocrx_word' id='word_1_839' title='bbox 1387 2706 1527 2735; x_wconf 82' lang='lat' dir='ltr'><strong>Melisscni</strong></span> <span class='ocrx_word' id='word_1_840' title='bbox 1543 2708 1782 2742; x_wconf 71' lang='lat' dir='ltr'><strong>sebastocratoris,</strong></span> 
     </span>
    </p>
   </div>
   <div class='ocr_carea' id='block_1_116' title="bbox 998 2752 1783 2787">
    <p class='ocr_par' dir='ltr' id='par_1_116' title="bbox 998 2752 1783 2787">
     <span class='ocr_line' id='line_1_116' title="bbox 998 2752 1783 2787; baseline 0.004 -9"><span class='ocrx_word' id='word_1_841' title='bbox 998 2757 1082 2787; x_wconf 86' lang='lat' dir='ltr'><strong>atque</strong></span> <span class='ocrx_word' id='word_1_842' title='bbox 1094 2752 1151 2785; x_wconf 86' lang='lat' dir='ltr'><strong>jam</strong></span> <span class='ocrx_word' id='word_1_843' title='bbox 1172 2753 1279 2787; x_wconf 81' lang='lat' dir='ltr'><strong>pridem</strong></span> <span class='ocrx_word' id='word_1_844' title='bbox 1297 2759 1324 2781; x_wconf 90' lang='lat' dir='ltr'><strong>ct</strong></span> <span class='ocrx_word' id='word_1_845' title='bbox 1340 2755 1373 2781; x_wconf 87' lang='lat' dir='ltr'><strong>ab</strong></span> <span class='ocrx_word' id='word_1_846' title='bbox 1385 2754 1463 2781; x_wconf 87' lang='lat' dir='ltr'><strong>initio</strong></span> <span class='ocrx_word' id='word_1_847' title='bbox 1479 2754 1606 2782; x_wconf 89' lang='lat' dir='ltr'><strong>dominus</strong></span> <span class='ocrx_word' id='word_1_848' title='bbox 1628 2754 1783 2782; x_wconf 82' lang='lat' dir='ltr'><strong>munitissi-</strong></span> 
     </span>
    </p>
   </div>
   <div class='ocr_carea' id='block_1_117' title="bbox 997 2798 1782 2836">
    <p class='ocr_par' dir='ltr' id='par_1_117' title="bbox 997 2798 1782 2836">
     <span class='ocr_line' id='line_1_117' title="bbox 997 2798 1782 2836; baseline 0.003 -11"><span class='ocrx_word' id='word_1_849' title='bbox 997 2805 1048 2825; x_wconf 86' lang='lat' dir='ltr'><strong>mae</strong></span> <span class='ocrx_word' id='word_1_850' title='bbox 1065 2798 1141 2826; x_wconf 88' lang='lat' dir='ltr'><strong>urbis</strong></span> <span class='ocrx_word' id='word_1_851' title='bbox 1156 2798 1295 2834; x_wconf 83' lang='lat' dir='ltr'><strong>_lthomes,</strong></span> <span class='ocrx_word' id='word_1_852' title='bbox 1321 2807 1382 2835; x_wconf 63' lang='lat' dir='ltr'><strong>quae</strong></span> <span class='ocrx_word' id='word_1_853' title='bbox 1395 2800 1476 2828; x_wconf 81' lang='lat' dir='ltr'><strong>etiam</strong></span> <span class='ocrx_word' id='word_1_854' title='bbox 1507 2800 1629 2830; x_wconf 84' lang='lat' dir='ltr'><strong>Messene</strong></span> <span class='ocrx_word' id='word_1_855' title='bbox 1662 2799 1782 2836; x_wconf 75' lang='lat' dir='ltr'><strong>appella-</strong></span> 
     </span>
    </p>
   </div>
  </div>
