1931 3079
107 141 162 173 745

626 141 846 172 CHRONICON
867 141 1001 173 MMUS.
1017 153 1050 159 —
1065 140 1138 172 LIB.
1161 139 1203 170 ῘΙ.

1685 137 1738 169 746

108 196 304 232 Μεσσηνιακοῦ
321 195 442 223 κόλπου·
467 197 495 228 ὃς
512 197 608 231 γέγονε
629 197 676 224 καὶ
692 196 894 232 μητροπολιτης
913 198 934 227 Α
949 197 995 224 καὶ
1024 197 1054 223 ὲν
1074 197 1134 228 ταῖς
1165 197 1308 232 χρονικαῖς
1336 196 1469 231 ἱστορίαις
1502 194 1591 227 οὕτως
1618 196 1740 231 ἔγραφον

114 242 377 276 ’Δνδριανουπόλεως
397 242 589 277 ἀποθανούσης
607 242 657 278 τῆς
674 242 804 276 γυναικὸς
815 242 899 269 αὑτοῦ

108 289 154 316 διὰ
176 289 279 320 πολλὰς
295 290 341 315 καὶ
357 289 515 323 ἀναγκαίας
533 289 624 322 αἰτίας
651 290 691 321 εἰς
717 289 812 323 κοινὴν
828 289 900 323 ὠφέ-

108 335 194 365 λειαν,
213 335 238 361 εἰ
254 335 302 361 καὶ
319 335 349 361 τὸ
367 335 457 370 ἄωρον
472 335 520 362 τοῦ
537 334 655 362 θανάτου
680 335 804 371 ἥρπαξεν
819 335 901 363 αὑτὸν

109 380 156 407 καὶ
172 379 266 410 ἀτελὲς
281 380 310 405 τὸ
327 379 407 415 ἔργον
423 379 568 414 ἀπέμεινε.
592 380 725 411 Εἱπόντες
741 379 787 406 οὖν
810 380 901 415 ἕτεροι

109 426 204 452 πολλοὶ
221 426 272 457 τὰς
287 427 376 457 αἰτίας
393 427 434 458 εἰς
451 426 561 459 πλάτος,
573 427 629 461 ἐγὼ
641 426 847 460 ἐγκατέλειπον.
868 426 902 453 Ἦ

110 472 140 498 δὲ
166 472 239 498 αἰτία
255 472 307 505 τῆς
331 472 461 507 τοιαύτης
488 473 670 508 ὲπιτροπικῆς
687 473 902 508 τοιουτοτρόποις

110 517 193 553 εἶχεν,
222 518 272 553 τῆς
291 518 359 553 πρὸς
385 520 432 546 τὸν
460 519 595 555 δεσπότην
612 520 666 554 κὺρ
692 519 842 554 Θεόδωρον.
873 519 902 546 Ὀ

111 564 281 600 προρῤηθεὶς
295 565 454 600 Νικηφόρος
465 565 479 591 ό
490 566 662 601 Μελισσηνὸς
678 565 756 600 ἔσχεν
771 565 828 592 υἰδν
843 565 902 592 ὀνό-

113 620 179 645 ματι
206 611 352 642 Νικόλαον,
370 610 399 637 ὃν
426 612 591 646 ἀνεγέννησε
609 611 653 638 διὰ
669 611 716 637 τοῦ
735 611 814 645 ἁγίου
831 611 902 646 βαπ-

112 656 244 688 τίσματος
256 657 268 681 ό
279 656 414 691 δεσπότης
426 656 479 690 κὶιρ
491 656 630 690 Θεόδωρος
645 664 651 670 ·
665 657 713 683 καὶ
725 657 753 682 ἐν
765 656 803 691 τῷ
814 655 902 690 καιρῷ

111 701 162 734 ’τῆς
181 702 377 734 μεταστάσεως
391 701 475 728 αὑτοῦ
487 702 527 733 εις
539 701 586 732 τὰς
601 701 701 732 ἀῦλους
713 701 797 736 μονὰς
811 702 836 736 (ὁ
847 701 902 736 γὰρ

122 747 168 778 tib;
186 746 268 773 αὑτοῦ
290 747 402 781 τριετὴς
426 748 525 781 νήπιος
549 747 598 782 ὢν)
624 747 758 782 διαθήκην
785 748 902 781 ποιήσας

112 793 208 818 τοίτον
224 793 357 819 κατέλιπε
373 793 571 828 τὸψδεσπότην
585 793 638 828 κὺρ
655 793 794 828 Θεόδωρον
807 792 902 828 κύριον

113 839 160 865 καὶ
177 839 313 873 δεσπότην
327 839 374 866 καὶ
395 839 543 872 ἐπίτροπον
558 839 604 865 τοῦ
620 839 715 870 παιδὸς
731 839 780 866 καὶ
791 839 902 866 πάντων

116 885 169 911 τῶν
186 886 268 911 αὑτοῦ
286 885 436 920 κτημάτων
452 885 500 912 καὶ
514 886 666 921 χρημάτων
689 885 767 921 133
783 886 903 919 κινητῶν

117 932 160 958 καὶ
176 931 325 966 ἀκινήτων,
338 932 381 957 ὅτι
399 931 446 958 ἐὰν
468 932 482 958 ό
507 932 563 962 υἱὸς
576 931 660 958 αὑτοῦ
676 932 722 958 καὶ
734 931 905 966 κληρονόμος

115 977 193 1008 εὐθὺς
211 977 334 1013 ἀποθάνῃ
349 977 434 1012 χωρὶς
450 977 640 1013 κληρονόμων,
655 977 743 1004 πάντα
758 977 792 1003 τὰ
807 975 904 1004 ἑαυτοῦ

115 1023 212 1055 ἄστεα,
229 1024 322 1057 κῶμαι
343 1023 391 1049 καὶ
411 1023 500 1058 χῶραι
517 1024 566 1049 καὶ
585 1023 705 1058 φροὺρια
732 1023 840 1049 ἔσονται
865 1022 906 1058 τῷ

114 1068 233 1103 δεσπότῃ
248 1069 300 1103 κὺρ
318 1067 459 1104 Θεοδώρῳ,
473 1069 508 1095 τὰ
523 1068 600 1099 ἐκτὸς
623 1070 671 1095 καὶ
688 1068 765 1099 ἐντὸς
781 1068 830 1103 τῆς
849 1068 903 1094 Πε-

113 1108 293 1146 λοποννήσου.
309 1112 401 1141 ’Ἦσαν
418 1115 472 1149 γὰρ
493 1114 528 1141 τὰ
542 1114 630 1146 ἐντὸς,
658 1113 807 1149 Ἀνδροῦσα
830 1114 902 1148 λέγω

115 1158 163 1184 καὶ
193 1158 358 1193 Καλαμάτσ,
380 1159 542 1191 Μαντίνεια,
564 1158 710 1191 Ἰάννιτζα,
734 1159 843 1193 Πίδημα
860 1158 906 1185 καὶ

115 1204 196 1236 Μάνη
216 1206 262 1231 καὶ
279 1205 368 1238 Νησὶν
393 1206 441 1231 καὶ
463 1204 596 1231 Σπῖτάλιν
620 1205 668 1231 καὶ
686 1205 834 1240 Γρεμπενῆ
858 1204 906 1231 καὶ

122 1251 214 1281 Ἀετὸς
230 1252 277 1277 καὶ
295 1251 471 1286 Νεόκαστρον
489 1251 536 1277 καὶ
559 1250 660 1285 Ἰθώμη
677 1252 693 1285 ἠ
710 1250 757 1277 νῦν
769 1250 905 1286 λεγομένη

117 1296 248 1329 Μεσσήνη
265 1297 313 1322 καὶ
334 1295 520 1330 Ἀρχὰγγελος
536 1296 584 1322 καὶ
597 1295 770 1330 Σαυλάουρος
783 1296 832 1322 καὶ
849 1296 908 1322 Ίω-

118 1341 211 1367 ἀννινα
227 1341 275 1367 καὶ
292 1341 466 1374 Λιγούδιστα,
492 1340 526 1367 τὰ
550 1340 579 1366 δὲ
606 1340 683 1372 ἐκτὸς
702 1341 808 1376 μεγάλη
825 1338 904 1373 Αἴνος

118 1386 166 1413 καὶ
182 1387 197 1421 ἠ
218 1386 282 1420 περὶ
297 1387 382 1421 αὐτὴν
400 1386 532 1422 παροικία
551 1387 637 1420 πᾶσα,
651 1387 745 1421 κῶμαι
761 1387 807 1413 καὶ
818 1387 906 1422 χῶραι

117 1433 168 1464 ἕως
183 1433 232 1465 καζ
247 1432 435 1468 Περιθεωρίου
448 1441 455 1448 ·
468 1433 486 1459 ἃ
500 1433 548 1460 καὶ
560 1432 669 1464 σταλεὶς
682 1433 738 1466 ἐγὼ
751 1433 906 1468 παρέλαϐον

117 1479 199 1506 αὒῖά.
269 1485 295 1517 ’κ’

160 1525 204 1557 Ὠς
217 1526 264 1552 ἐπὶ
275 1526 305 1552 τὸ
330 1526 457 1553 πλεῖστόν
479 1534 556 1557 τινας
575 1526 607 1553 ἔκ
619 1526 715 1553 τούτου
737 1526 784 1553 τοῦ
810 1526 907 1560 γένους

118 1571 172 1598 τῶν
188 1571 368 1608 Μελισσηνῶν
382 1572 430 1599 καὶ
440 1571 704 1608 Στρατηγοπούλους
716 1571 906 1607 ὲπωνόμαζον,

119 1662 210 1695 batur,
223 1667 250 1689 et
266 1663 348 1690 totius
362 1663 438 1690 sinus
454 1662 623 1691 Messeniaci.
635 1663 711 1690 Idem
728 1669 788 1697 post
803 1663 906 1690 obitum

121 1709 217 1735 moris
236 1708 408 1742 metropolita
422 1710 613 1744 Adrianopolis
642 1710 730 1737 factus
759 1714 811 1742 est,
835 1717 910 1736 com—

122 1755 196 1781 muni
225 1755 343 1781 utilitate
375 1756 467 1782 multis
495 1760 521 1783 ct
553 1755 764 1783 necessariisde
779 1755 868 1784 causis
882 1755 909 1783 id

122 1800 275 1832 postulante
302 1809 309 1827 :
335 1809 490 1836 quanquam
526 1809 599 1829 mors
628 1802 816 1837 intempestiva
847 1810 908 1829 eum

122 1847 224 1880 rapuit,
238 1847 364 1881 atqueita
381 1854 424 1874 res
442 1848 650 1874 carniteventu.
667 1847 800 1875 Caeterum
811 1855 909 1875 causas

121 1891 181 1919 illas
203 1900 263 1919 cum
279 1893 435 1927 complures
453 1894 563 1928 copiose
592 1894 785 1929 explicuerint,
797 1894 909 1929 egoillis

121 1938 314 1972 Iupersedebo.
342 1938 431 1966 Causa
473 1944 563 1966 autem
592 1940 791 1973 procurationis
823 1939 908 1973 illius,

122 1993 202 2018 quam
221 1985 381 2012 Theodorus
396 1987 506 2021 despota
523 1986 652 2019 habebat,
672 1987 732 2013 talis
747 1987 806 2014 fuit.
823 1986 909 2020 Quem

122 2033 258 2059 nominavi
296 2032 466 2068 Nicephorus
489 2033 649 2061 Helissenus
692 2034 776 2061 filium
815 2034 911 2062 habuit

121 2078 275 2112 Nicolaum,
293 2087 372 2113 quem
398 2086 503 2107 esacro
532 2080 605 2107 fonte
636 2084 791 2114 susceperat
819 2079 910 2107 Theo-

122 2123 207 2159 dorus
217 2125 340 2158 (lespota.
354 2123 449 2159 Itaque
460 2124 493 2152 ad
508 2125 586 2152 sedes
594 2126 748 2152 animarum
762 2127 909 2159 transiens,

123 2177 184 2196 cum
214 2169 285 2196 lilius
307 2174 363 2197 tres
392 2177 482 2197 annos
515 2175 595 2197 natus
623 2176 706 2203 esset,
735 2169 909 2197 Theodorum

951 243 1016 275 τοὺς
1034 243 1234 278 ’Μελισσηνοὺς
1268 242 1544 276 Στρατηγοπούλους,
1583 243 1618 270 δι’
1648 243 1740 271 αἱτιαν

951 289 1091 323 τοιαύτην·
1109 289 1154 316 τὸν
1171 289 1225 323 γὰρ
1238 287 1360 320 Ἀλέξιον
1373 288 1503 327 Καίσαρα
1532 289 1578 314 τὸν
1599 289 1741 324 Μελισση-

952 335 1008 366 νὺν,
1024 335 1070 361 τὸν
1087 335 1134 362 καὶ
1152 335 1201 369 τὴν
1214 334 1508 361 Κωνσταντινούπολιν
1518 335 1743 370 ἐλευθερώσαντα

1050 381 1082 407 ὲκ
1099 381 1148 413 τῆς
1168 380 1295 406 Λατίνων
1303 372 1406 415 χειρὸς,
1417 379 1662 413 Στρατηγόπουλον
1673 381 1744 406 ὲπω-

953 426 1071 461 νόμαζον
1088 426 1131 453 διὰ
1147 426 1196 461 τὴν
1214 426 1332 460 μάμμην
1354 425 1449 457 αὑτοῦ,
1465 426 1512 452 καὶ
1529 425 1622 452 ἔκτοτε
1636 425 1666 451 τὸ
1684 426 1744 451 ὲπί-

953 472 1022 506 κλην
1040 471 1119 498 τοῦτο
1134 471 1174 502 εἵς
1190 480 1267 503 τινας
1277 471 1325 497 τοῦ
1342 472 1438 505 γένους
1448 471 1545 497 τούτου
1558 472 1742 505 ἐπεκράτησε·

952 516 999 543 τὸν
1026 516 1053 542 δὲ
1068 516 1226 552 Νικηφόρον
1243 517 1290 543 καὶ
1313 516 1400 550 μέγαν
1428 518 1659 552 πρωτοστράτορα
1685 518 1734 544 καὶ

953 562 1162 597 Μελισσουργὺν
1178 562 1372 596 ἐπωνόμασαν.

991 609 1125 644 Διὴρχετο
1141 608 1169 635 δὲ
1186 608 1235 644 τὴν
1251 609 1402 643 εἰρημένην
1424 608 1609 643 ἑπιτροπικὴν
1622 609 1743 636 καιδιοί-

954 663 1035 690 κησιν
1054 654 1101 681 καὶ
1117 655 1131 681 ό
1156 655 1381 689 πρωτοστράτωρ
1399 655 1477 681 Λέων
1502 657 1515 681 ό
1532 655 1743 690 Φραγκόπουλος

954 700 1044 736 καιρῷ
1057 701 1112 727 τινὶ
1128 701 1276 735 προστάξει
1297 700 1344 727 τοῦ
1370 701 1502 728 δεσπότου
1523 702 1575 736 κὺρ
1589 701 1742 736 Θεοδώρου,

954 747 1017 773 ἐπεὶ
1048 746 1087 781 τῷ
1109 746 1217 782 ἀδελφῷ
1242 747 1290 772 καὶ
1322 746 1441 782 δεσπότῃ
1460 747 1513 782 κὺρ
1543 748 1745 782 Κωνσταντῐνῳ

954 791 1112 828 ἐδωρήσατο
1127 793 1198 826 μετὰ
1214 792 1324 819 πάντων
1357 793 1412 819 τῶν
1430 793 1586 828 προνομίων
1608 791 1646 821 ὦν
1673 793 1743 829 εἷχε,

955 837 1109 870 τουτέστιν,
1123 839 1171 864 ἐὰν
1186 839 1200 865 ὁ
1213 839 1326 873 γνήσιος
1344 839 1450 870 ἐκεῖνος
1478 839 1650 874 κληρονόμος
1677 841 1746 866 ἀπο-

919 870 940 898 B
957 883 1026 920 Θάνῃ
1054 884 1119 920 πρὶν
1141 883 1190 911 τοῦ
1220 870 1265 916 εἰς⁷
1287 884 1371 915 νόμου
1400 885 1510 920 ἠλικίαν
1524 870 1629 921 ᾧθάσῇ,
1652 886 1744 913 πάντα

955 930 1042 956 ταῦτα
1056 931 1090 957 τὰ
1101 931 1151 965 τῆς
1168 931 1350 967 ἐπιτροπικῆς
1367 931 1499 967 κτήματα
1515 932 1630 958 ἔσωνται
1641 932 1680 967 τῷ
1691 934 1745 968 κὺρ

955 976 1166 1011 Κωνσταντινῳ.

992 1026 1028 1057 γ’.
1047 1023 1102 1050 Καὶ
1121 1023 1161 1058 τῷ
1175 1023 1248 1058 αὒτῷ
1264 1023 1320 1050 ἔτει
1338 1024 1464 1060 Μαρτίου
1479 1026 1599 1061 τετάρτῃ
1613 1025 1746 1060 τέθνηκεν

956 1068 1118 1104 ὁδεσπότης
1143 1069 1196 1104 κίιρ
1235 1070 1418 1106 ’Δνδρόνικος,
1443 1072 1457 1098 ὁ
1470 1070 1514 1098 διὰ
1531 1071 1578 1099 τοῦ
1595 1071 1667 1098 θείου
1699 1073 1746 1099 καὶ

957 1114 1106 1148 ἀγγελικοῦ
1136 1115 1275 1149 σχήματος
1301 1115 1516 1150 μετονομασθεὶς
1539 1115 1682 1148 Ἀκᾴκιος’
1697 1116 1746 1143 καὶ

958 1159 1045 1195 ἐτάφη
1069 1161 1098 1186 ὲν
1113 1161 1146 1195 τῇ
1161 1160 1210 1186 τοῦ
1228 1161 1452 1196 Παντοκράτορος
1469 1162 1550 1196 μονῇ,
1574 1161 1639 1187 ἔνθα
1663 1161 1746 1188 κατέη

959 1206 1154 1242 psi/amuli;
1170 1206 1198 1233 δὲ
1209 1207 1371 1241 ἀποκρύφου
1398 1207 1460 1242 ἐμοὶ
1491 1207 1642 1243 γενομένης
1670 1208 1747 1244 παρᾶ

956 1252 1005 1279 τοῦ
1026 1252 1155 1285 αὺθεντός
1172 1261 1222 1288 μου
1249 1254 1296 1280 καὶ
1311 1253 1442 1280 δεσπότου
1464 1253 1508 1280 ἵνα
1533 1255 1605 1281 κατὰ
1621 1255 1672 1290 τῆς
1690 1255 1747 1281 Πά-

957 1307 1028 1335 τρας
1043 1298 1220 1334 ἀπέλθωμεν,
1241 1300 1288 1326 καὶ
1312 1300 1337 1325 sl
1353 1300 1403 1334 μὲν
1429 1300 1636 1335 παραλάόωμεν
1651 1300 1746 1336 αὐτὴν,

959 1345 1100 1380 μείνωμεν
1129 1345 1169 1376 εἰς
1197 1344 1248 1380 τὴν
1267 1345 1484 1380 Πελοπόννησον,
1503 1346 1549 1373 καὶ
1576 1348 1589 1373 ὁ
1611 1347 1692 1379 τόπος
1717 1347 1748 1373 ὃν

958 1389 1031 1426 εἶχεν
1042 1391 1071 1417 ὲν
1088 1391 1121 1426 τῇ
1146 1390 1240 1427 μαύρῃ
1257 1391 1381 1425 δηλονότι
1411 1392 1535 1429 θαλάσσῃ
1551 1393 1656 1430 δοθείη,
1676 1395 1746 1426 πρὸς

957 1436 1004 1463 τὶν
1017 1436 1131 1471 ἀδελφὸν
1147 1437 1231 1464 αὑτοῦ
1248 1437 1295 1464 τὸν
1313 1438 1438 1473 βασιλέα,
1454 1439 1517 1466 εἰδὲ
1529 1440 1559 1466 οὐ
1577 1441 1748 1475 παραλάῦω-

960 1490 1011 1517 μεν
1023 1482 1072 1516 τὴν
1089 1483 1210 1516 Πάτραν,
1242 1483 1407 1520 ἀπέλθωμεν
1419 1492 1427 1502 ·
1444 1486 1485 1517 εἰς
1501 1485 1550 1521 τὴν
1571 1487 1750 1514 Κωνσταντι-

958 1528 1096 1562 νούπολιν,
1113 1529 1160 1556 καὶ
1190 1529 1270 1562 αὐτὸς
1300 1530 1374 1566 ἔχειν
1400 1531 1440 1562 εἰς
1459 1531 1510 1566 τὴν
1540 1532 1747 1568 Πελοπόννησον

962 1573 1040 1609 135
1067 1574 1102 1601 τὰ
1116 1574 1168 1610 τῆς
1196 1575 1309 1610 προικὸς
1323 1576 1408 1603 αὑτοῦ
1433 1577 1541 1613 κάστρα
1566 1579 1614 1605 καὶ
1639 1579 1674 1606 τὰ
1699 1577 1748 1606 τοῦ

960 1664 1096 1691 chronicis
1115 1665 1150 1691 ita
1176 1672 1223 1693 eos
1241 1666 1424 1701 appellarunt,
1450 1667 1612 1697 Melissenos
1638 1669 1747 1697 Strate-

960 1711 1084 1745 gopulos,
1108 1712 1142 1739 ob
1164 1720 1275 1739 causam
1295 1713 1375 1741 hanc.
1393 1714 1520 1742 Alexium
1538 1715 1676 1743 Caesarem
1691 1716 1748 1744 Me-

960 1756 1103 1790 lissettum,
1120 1759 1165 1792 qui
1180 1758 1286 1792 Cpoliut
1304 1767 1317 1786 a
1336 1759 1441 1787 Latinis
1460 1761 1621 1794 vindicavit,
1639 1762 1749 1790 Strate-

960 1803 1087 1839 gopulum
1100 1812 1114 1831 a
1129 1808 1217 1833 matre
1232 1805 1291 1841 ejus
1304 1806 1493 1840 nominarunt,
1506 1812 1588 1842 atque
1600 1808 1662 1835 inde
1674 1809 1747 1836 istud

960 1855 1169 1885 cognomentum
1186 1852 1212 1879 in
1230 1852 1394 1887 quibusdam
1415 1853 1531 1888 posteris
1542 1853 1601 1887 ejus
1616 1855 1745 1882 obtinuit.

961 1895 1142 1930 Niceplmrum
1168 1904 1233 1924 vero
1253 1902 1279 1924 et
1306 1905 1432 1932 magnum
1466 1904 1696 1934 protostratoretu
1718 1905 1747 1928 et

961 1941 1152 1977 Melissurgum
1170 1943 1350 1978 appellarunt.
1660 1975 1667 1978 _

996 1987 1086 2015 Gessit
1097 1987 1256 2022 aliquandiu
1269 1991 1381 2017 tutelam
1397 1995 1423 2019 et
1438 1994 1657 2027 procurationem
1671 1994 1746 2022 illam

961 2036 1042 2062 etiam
1062 2035 1117 2063 Leo
1139 2036 1343 2073 Francopulus,
1363 2039 1443 2073 jussu
1460 2039 1597 2068 Theodori
1613 2043 1744 2076 despotte,

961 2089 1024 2109 cum
1037 2088 1098 2108 eam
1126 2081 1309 2110 Constantino
1324 2084 1445 2119 despota'.
1457 2084 1534 2113 fratri
1547 2087 1674 2115 donasset
1684 2095 1746 2115 cum

961 2126 1088 2154 omnibus
1105 2126 1263 2162 privilegiis,
1280 2127 1331 2156 hoc
1347 2134 1399 2162 est,
1415 2129 1436 2156 si
1449 2129 1584 2164 legitimus
1600 2132 1645 2159 ille
1660 2132 1748 2161 lieres

961 2177 1126 2205 moreretur,
1144 2174 1402 2210 antequamjustam
1424 2176 1560 2211 attigisset
1573 2182 1695 2212 aetatem,
1716 2184 1747 2208 ut

123 2215 262 2249 desitotam
288 2218 451 2243 testamento
465 2220 581 2243 tutorem
600 2217 677 2250 pueri
693 2217 824 2250 instituit,
849 2224 909 2244 om-
925 2214 949 2244 D
963 2223 1019 2245 tum
1038 2218 1129 2246 omnia
1150 2219 1232 2254 hujus
1243 2220 1339 2256 pupilli
1353 2221 1424 2249 bona
1441 2223 1621 2251 Constantino
1638 2225 1749 2253 domino

123 2262 253 2296 niumque
273 2261 433 2289 facultatum
449 2270 573 2295 suarum,
587 2263 726 2290 mobilium
741 2268 769 2291 et
783 2263 910 2291 immobio

125 2307 202 2340 .iutn,
231 2314 448 2341 procuratorem,
473 2313 513 2342 ut,
530 2310 551 2336 si
571 2309 641 2336 lilius
656 2313 684 2336 et
711 2309 799 2336 haeres
825 2309 911 2344 ipsius

125 2360 186 2379 mox
201 2362 215 2378 c
238 2353 292 2379 vita
319 2353 475 2387 dccederct,
501 2354 583 2381 nullis
612 2354 716 2381 relictis
741 2355 908 2388 heredibus,

123 2398 214 2425 omnia
227 2399 336 2432 oppida,
350 2399 413 2431 vici,
430 2399 499 2432 loca,
525 2400 637 2428 castella
665 2400 811 2428 Theodoro
832 2401 911 2428 cede-

126 2449 206 2477 rent,
250 2445 309 2471 sive
354 2451 452 2478 extra,
492 2447 550 2473 sive
593 2447 662 2473 intra
694 2437 910 2481 Peloponnesum

124 2490 185 2517 sita.
207 2490 277 2517 Intra
288 2489 503 2524 Peloponnesum
520 2496 597 2518 erant
611 2490 745 2524 Andrusa,
761 2491 911 2523 Calamam.

125 2535 273 2568 Mantinea,
288 2534 425 2567 Jannitza,
444 2536 566 2568 Pidema,
581 2536 669 2568 Mane,
685 2537 772 2569 Nesis,
789 2536 911 2571 Spitalis.

125 2582 287 2616 Grempene,
304 2581 400 2614 Actus,
416 2580 607 2615 Neocastrum,
623 2581 737 2615 Ithome,
751 2590 811 2617 qua;
840 2591 914 2612 nunc

126 2627 248 2655 MeSsene
262 2625 575 2662 dicitur,Archangelns,
586 2627 744 2662 Sanlaurus,
753 2629 913 2663 lohannina,

126 2671 290 2706 Ligudista;
314 2676 392 2699 extra
415 2672 629 2707 Peloponnesum
656 2674 751 2708 magna
776 2673 864 2702 diuos
887 2681 915 2703 et

125 2718 185 2752 ejus
202 2718 302 2745 vicinia
323 2723 391 2752 tota,
411 2718 463 2746 vici
485 2719 615 2746 nimirum
629 2725 656 2746 et
675 2720 732 2747 loca
744 2715 828 2755 usqu'e
841 2720 915 2748 Peri-

127 2765 262 2793 theorium
280 2773 360 2800 ;qua:
376 2772 426 2800 ego
439 2766 541 2793 missus
557 2767 658 2801 recepi.

163 2810 327 2843 Plerumque
343 2809 474 2844 quosdam
494 2810 525 2836 de
541 2810 593 2837 hoc
607 2810 814 2839 Melissenorum
833 2821 916 2848 gene-

127 2864 157 2885 re
172 2856 253 2884 etiam
268 2856 478 2891 b’trategopulos
494 2857 735 2891 cognominarunt,
749 2864 774 2886 ct
791 2859 818 2886 in
838 2860 914 2888 libris

267 2904 400 2935 PATnOL.
426 2903 484 2933 Gs.
505 2903 600 2934 CLVI.

961 2264 1101 2292 cederent.

997 2310 1025 2338 5.
1047 2311 1148 2339 Eodem
1165 2319 1249 2345 anno,
1265 2318 1362 2348 quarto
1378 2313 1422 2342 die
1435 2313 1535 2347 Martii,
1560 2323 1576 2343 e
1593 2316 1646 2344 tita
1666 2319 1750 2346 cessit

961 2357 1138 2385 Andronicus
1150 2352 1274 2393 despota,
1286 2360 1333 2395 qui
1350 2367 1398 2395 per
1414 2360 1537 2388 divinum
1553 2368 1579 2389 ct
1595 2363 1746 2398 angelicum

962 2401 1087 2430 habitum
1112 2404 1201 2432 dictus
1219 2409 1260 2432 est
1283 2406 1410 2434 Aeacius.
1437 2406 1568 2442 Sepultus
1583 2414 1624 2436 est
1647 2409 1673 2436 in
1691 2418 1749 2438 mu—

964 2448 1086 2476 nasterio
1097 2448 1310 2484 Pantocratoris,
1322 2452 1367 2479 ubi
1381 2453 1507 2487 degebat.
1521 2453 1588 2481 Cum
1601 2455 1670 2482 clam
1683 2465 1748 2484 con-

963 2493 1089 2521 stitutum
1105 2500 1179 2523 esset
1193 2503 1207 2522 a
1221 2496 1401 2525 Constantino
1413 2498 1537 2534 despota,
1551 2500 1661 2529 domino
1676 2511 1746 2537 meo,

965 2544 994 2566 ut
1018 2538 1113 2568 Patras
1139 2541 1396 2575 proficiscerentur,
1428 2549 1455 2571 et
1486 2544 1509 2571 si
1540 2546 1694 2580 potiremur
1715 2557 1748 2575 eo

965 2584 1035 2618 loco,
1058 2586 1084 2612 in
1107 2585 1294 2621 Peloponneso
1310 2595 1493 2621 maneremus,
1511 2595 1537 2617 et
1561 2590 1648 2624 locus,
1668 2600 1748 2627 quem

967 2631 1084 2658 habebat
1106 2632 1138 2659 ad
1163 2640 1238 2660 mare
1261 2633 1383 2670 Nigrum,
1414 2636 1568 2664 traderetur
1591 2637 1749 2673 imperatori

967 2677 1043 2704 fratri
1058 2685 1129 2706 suo:
1154 2679 1195 2706 sin
1215 2687 1267 2707 non
1284 2680 1447 2715 potiremur,
1471 2683 1609 2712 abiremtts
1632 2685 1750 2720 Cpolim,

966 2723 1025 2757 ipse
1048 2723 1074 2750 in
1091 2723 1278 2759 Peloponneso
1302 2731 1404 2759 castra.
1427 2735 1488 2761 qua:
1511 2729 1574 2757 dote
1597 2736 1751 2766 acceperat,

967 2777 1080 2805 qumque
1099 2770 1131 2797 ad
1155 2777 1268 2805 pontum
1291 2772 1426 2800 Euxinum
1451 2779 1541 2808 erant,
1567 2776 1709 2811 retineret,
1736 2786 1752 2806 tt

967 2814 1051 2841 fratre
1063 2819 1155 2841 autent
1174 2815 1319 2844 Theodoro
1334 2818 1385 2845 sibi
1401 2818 1512 2853 donata,
1525 2824 1552 2847 et
1568 2827 1629 2854 quae
1644 2823 1753 2850 nomine

967 2860 1057 2888 tutela:
1074 2859 1218 2896 Nicrphori
1231 2862 1368 2893 Melisseui
1384 2864 1656 2901 administrabantur,
1669 2869 1700 2899 ιιι]
1712 2869 1754 2898 si,-

1557 2912 1596 2943 ξι,

1839 2943 1866 2956 ιι
