1931 3079
136 153 186 183 749

649 152 872 183 (ἶίΙΗΟΝίΕΟΝ
892 152 1074 182 MAJUS.—
1089 152 1161 183 LIB.
1184 152 1223 181 Il.

1703 153 1755 178 7w

130 213 170 239 ἔνι
189 212 231 247 (οὗ
243 212 296 248 γὰρ
317 213 504 249 προενόμισαν
520 213 550 240 τὸ
568 213 660 248 τυχὸν)
676 212 841 239 ἀπέστειλαν
868 213 917 239 ἕνα
930 215 953 244 Α
970 212 1022 238 νῶν
1039 211 1172 244 τοξεύσας
1184 212 1229 238 τὸν
1245 210 1293 237 τοῦ
1314 209 1446 237 Bson/mu
1467 210 1563 239 ἵππον,
1589 208 1618 239 ὃς
1634 208 1681 234 καὶ
1709 208 1756 234 εὑ-

130 258 185 285 τῶν
199 259 340 294 ἀρχόντων
356 260 402 286 καὶ
413 260 464 287 ἕνα
477 259 620 287 κανονικὸν
641 259 757 294 Μάρκον
783 259 915 294 τοῦνομα,

132 306 204 339 μετά
230 314 303 337 τινος
336 306 483 342 ἀνθρώπου
517 306 585 342 πρὸς
599 306 631 333 τὸ
654 305 842 341 μεταφράζειν
871 306 918 332 καὶ

129 352 222 380 ἄλλων
236 352 402 387 ἀνθρώπων,
418 353 494 385 ὅπως
510 353 617 388 μάθωσι
634 353 707 384 τίνες
720 353 744 379 ot
765 352 919 387 ἐπερχόμε-

131 407 172 425 νοι
185 399 234 425 καὶ
250 399 296 425 διὰ
308 399 343 427 τί.
369 400 414 431 Ὠς
430 397 476 426 οὖν
489 397 559 426 εἶδον
570 400 657 435 ἡμᾶς,
674 399 723 426 καὶ
747 398 807 430 πῶς
835 398 918 433 ἡμεῖς

132 445 270 480 ζητοῦμεν
289 446 319 472 τὸ
332 446 451 481 κάστρον
469 446 485 481 ἢ
512 446 582 480 μετά
607 446 746 480 συνθήκης
774 445 790 481 ἢ
818 445 866 480 οἴῳ
885 445 918 480 δὴ

132 493 226 526 τροπῳ
242 491 428 526 δυνησώμεθα
456 487 661 528 παραλάϐωμεν
681 492 758 524 αὐτὸ,
788 491 918 526 Eme-Ips—

131 538 233 571 ψαντες
262 537 332 572 μετά
363 537 482 572 σπουδῆς
506 537 643 572 ἔκρουσαν
682 537 733 568 τὰς
761 536 918 570 σάλπιγγας

132 583 180 609 καὶ
213 583 267 609 πᾶν
294 583 412 618 ὖργανον
443 583 604 619 πολεμικὸν,
631 582 679 610 καὶ
708 582 789 613 εὐθὺς
815 581 918 612 πάντες

130 630 155 655 οἱ
186 629 262 659 ἐντὸς
288 629 335 655 καὶ
364 629 444 661 ἐκτὸς
474 630 650 665 συνήχθησαν
682 629 722 659 είς
751 627 781 654 τὺ
807 627 934 670 ὁπλίζεη

133 675 207 702 σθαι.
243 674 341 710 Ἡμεῖς
373 676 402 703 δὲ
437 676 483 703 ἐπὶ
511 675 561 710 τ’ὴν
596 674 692 711 αὔριον
719 673 844 710 ἤρξαμεν
871 674 917 701 τοῦ

131 721 265 755 πολέμου.
654 730 656 733 ‘

170 770 202 797 δ’.
225 768 287 795 Ἐπὶ
313 768 363 803 τὴν
391 767 486 804 αὔριον
501 766 549 794 οὖν
568 768 688 802 τυχοῦσα
705 769 722 803 ή
753 768 835 803 ἑορτὴ
863 768 918 794 τῶν

131 818 216 852 βαῖων
230 815 370 850 ἑκόψαμεν
388 812 452 849 βάἳα
470 814 616 850 μυρσίνης,
629 815 678 841 καὶ
693 815 748 841 πᾶν
756 814 792 840 ’τὸ
803 815 918 849 στρατό-

134 864 214 890 πεδον
230 863 359 896 φέροντες
374 861 455 896 138
474 861 561 889 ταῦτα
575 862 626 888 ἀνὰ
639 863 735 897 χεῖρας
752 862 800 888 καὶ
828 861 919 888 ἐλθόν-

132 917 177 940 τες
195 895 336 943 ἐπεσαμεν
351 895 417 942 περί
432 895 481 938 τὰς
496 906 585 938 πύλας
602 895 796 941 contegis-mou.
825 906 871 938 Ὠς
888 905 917 932 δὲ
935 895 955 922 Β

132 954 265 989 ἐκείμεθα
283 955 316 988 τῇ
334 951 381 985 κς¹
397 950 444 979 τοῦ
460 952 544 978 αὐτοῦ
576 951 662 987 μηνὸς
689 952 815 987 Μαρτίου
849 951 917 987 μετά

132 1001 182 1036 τὴν
199 999 248 1027 τοῦ
282 1000 402 1035 μεγάλου
432 999 573 1026 Σαεὸἀτου
597 999 843 1034 ἀκολουθίαν-ἦτοι
869 1000 918 1035 τὴν

133 1046 209 1073 θείαν
232 1045 441 1080 μυσταγωγίαν,
464 1045 663 1080 ἀριστήσαντες
681 1044 858 1080 καθεζόμεθα
889 1046 917 1072 ὲν

130 1094 164 1127 τῇ
182 1091 344 1126 παρεμῦολῇ
365 1091 426 1126 ἢτοι
442 1092 530 1126 σκηνῇ
551 1090 600 1117 τοῦ
614 1091 744 1117 αὑθέντου
763 1091 843 1126 ἡμῶν
856 1099 918 1118 συν-

130 1138 292 1173 ομιλοῦντες
313 1138 380 1172 περὶ
395 1137 512 1165 πολλῶν.
546 1137 612 1165 Ἰδοὺ
638 1137 715 1172 ἄφνω
732 1138 805 1170 τινὲς
831 1138 917 1173 ὀλίγοι

131 1184 247 1218 ἔφιπποι
261 1183 372 1218 ἐξῆλθον
385 1183 437 1217 τῆς
456 1183 544 1218 πύλης
557 1183 607 1217 τῆς
623 1183 795 1218 καλουμένης
808 1183 919 1219 Ἐϐραϊ-

130 1229 217 1264 κῆςῆ
246 1228 296 1255 τοῦ
323 1229 524 1262 Ζευγαλατείου
547 1228 631 1264 (οὕτω
650 1229 704 1264 γὰρ
732 1229 916 1264 ὠνομάζετο),

130 1276 180 1303 καὶ
192 1275 230 1307 ὡς
247 1275 400 1309 ἐφάνησαν,
415 1275 580 1310 διωχθέντες
599 1274 725 1310 εἰσῆλθον
738 1275 782 1302 διὰ
801 1277 851 1311 τῆς
870 1276 917 1302 τοῦ

130 1321 260 1355 αἰγιαλοῦ
289 1321 398 1356 πύλης⁶
431 1321 524 1347 ἐκεῖσε
557 1320 820 1353 κατασκευαστικῶς
846 1319 918 1356 ἦσαν

130 1368 232 1398 πάντες
247 1366 273 1392 οἱ
287 1366 334 1392 τοῦ
348 1366 468 1402 κάπρου
494 1366 564 1400 μετά
581 1367 728 1402 τζαγκρῶν
754 1368 802 1394 καλ⁵
830 1367 918 1399 τόξων

131 1415 178 1439 καὶ
194 1412 346 1439 aur-Meum.
362 1413 493 1448 Εὑρεθεὶς
506 1411 553 1439 οὖν
568 1414 582 1440 ὁ
600 1414 737 1448 δεσπότης
754 1414 832 1448 κάγὼ
851 1422 918 1449 προ-

131 1457 290 1491 ϐαδίξοντες
306 1458 359 1493 πρὸ
378 1458 424 1485 τοῦ
436 1459 558 1498 διωγμοῦ
579 1460 634 1486 τῶν
646 1461 811 1494 εἰρημένων,
830 1460 874 1487 διὰ
887 1460 918 1486 τὸ

131 1504 195 1535 τοὺς
224 1504 326 1535 ίππους
357 1504 436 1539 ἡμῶν
477 1504 626 1540 εὑρεθῆναι
660 1507 730 1532 κατὰ
764 1506 917 1541 συγκυρίαν

133 1550 354 1585 ἡτοιμασμένους
369 1551 484 1584 πλησίον
499 1552 549 1587 τῆς
559 1551 680 1587 γεφύρας
702 1552 754 1587 τῆς
781 1552 840 1579 ὀδοῦ
866 1553 917 1588 τῆς

131 1594 291 1631 ἁπαγούσης
308 1596 348 1627 εἰς
362 1595 408 1622 τὸν
420 1595 498 1631 ἅγιον
513 1597 656 1632 Ἀνδρέαν,
673 1597 716 1630 τὶς
735 1598 791 1624 τῶν
806 1598 917 1634 Πατρηο

130 1687 171 1715 sis
187 1685 362 1714 commodum
389 1692 451 1714 esse
468 1685 619 1717 videretur.
639 1693 704 1713 ecce
720 1685 849 1720 oppidani
867 1691 917 1713 nos

131 1731 265 1765 videntes,
289 1735 316 1759 et
332 1730 398 1766 quid
426 1731 477 1758 hoc
491 1731 531 1759 rei
553 1735 629 1758 esset
645 1731 718 1758 dubii
744 1730 829 1766 (nihil
843 1731 916 1757 enim

131 1777 285 1810 bujusmodi
305 1776 432 1811 opinione
455 1775 665 1810 praeceperant),
688 1783 770 1802 unum
787 1783 802 1801 e
819 1776 918 1810 magis.

132 1825 258 1856 tratibus,
275 1828 302 1850 et
315 1823 477 1850 canonicum
490 1823 646 1856 quemdam,
660 1821 778 1849 Marcum
794 1821 915 1854 nomine,

131 1878 192 1897 cum
210 1869 263 1896 alio
278 1869 396 1904 quodam
412 1869 522 1896 nomine
536 1875 568 1895 ex
584 1867 646 1894 aliis
662 1872 850 1901 percontatum
863 1867 916 1893 mi-

129 1921 235 1948 serunt,
250 1916 296 1951 qui
312 1920 402 1943 essent
414 1915 459 1950 qui
475 1914 599 1942 venirent
611 1919 639 1941 et
652 1921 732 1949 quam
747 1914 782 1941 ob
793 1920 915 1941 causam.

130 1963 180 1996 Qui
197 1967 340 1997 postquam
357 1969 408 1989 nos
423 1965 593 1995 agnoverunt
605 1960 787 1994 oppidumque
805 1967 818 1986 a
836 1958 916 1986 nobis

129 2010 214 2044 quteri
229 2011 286 2036 sive
300 2009 437 2043 pactione,
450 2008 508 2035 sive
524 2014 685 2041 quocunque
701 2006 756 2033 alio
770 2006 861 2038 modo,
876 2006 917 2033 itt-

131 2055 305 2087 tellexerunt,
333 2053 499 2081 festinanter
521 2052 635 2085 reversi,
660 2052 730 2079 tubis
753 2056 780 2079 et
806 2052 916 2087 reliquis

130 2100 320 2127 instrumentis
345 2098 452 2134 bellicis
467 2099 501 2126 ad
525 2105 600 2125 arma
623 2103 734 2128 vocant.
758 2101 785 2124 et
812 2097 915 2130 cuncti,

118 2146 229 2180 ’quique
249 2146 330 2177 intra,
348 2144 448 2179 quique
471 2148 549 2172 extra
568 2143 668 2170 moenia
693 2147 783 2175 erant,
809 2143 843 2170 ad
862 2143 915 2170 vim

130 2191 273 2219 arcendam
298 2194 477 2218 concurrunt.
499 2190 554 2217 Nos
579 2189 703 2224 sequenti
729 2189 788 2216 luce
811 2189 912 2229 bellum

129 2238 184 2265 orsi
197 2244 303 2264 sumus.
722 2244 725 2246 λ

162 2284 191 2311 4.
206 2283 340 2310 Postridie
354 2282 449 2318 igitur,
466 2282 595 2316 quoniam
609 2282 760 2317 palmarum
774 2281 832 2309 dies
843 2286 911 2314 erat,

129 2338 219 2357 ramos
236 2329 317 2364 myrti
334 2328 548 2363 amputavimus,
574 2335 642 2362 quos
662 2328 788 2355 manibus
804 2333 915 2362 gestans

130 2382 201 2403 totus
218 2375 356 2408 exercitus
375 2379 470 2409 portas
486 2374 567 2401 castri
584 2375 699 2401 adortus
715 2379 767 2401 est.
784 2374 912 2407 Ejusdem

131 2423 231 2448 mensis
244 2420 332 2447 Martii
346 2420 391 2447 die
404 2420 449 2451 26,
462 2427 521 2446 cum
534 2424 595 2454 post
607 2419 725 2447 oﬂitrium
742 2420 831 2454 magni
845 2419 915 2446 Sab-

130 2468 183 2493 hati
201 2468 256 2493 sive
272 2465 394 2492 divinam
411 2465 603 2496 initiationem,
623 2471 636 2491 a
655 2465 768 2499 prandio
782 2465 809 2492 in
824 2469 913 2493 tento-

130 2514 170 2539 rio
185 2513 286 2539 domini
306 2510 393 2538 nostri
406 2510 626 2537 consedissemus
640 2516 667 2537 et
685 2511 774 2538 varios
788 2511 915 2539 miscere-

130 2566 189 2585 mus
203 2565 358 2590 sermones,
371 2561 482 2590 repente
501 2555 603 2589 aliquot
614 2557 722 2591 equiles
733 2565 780 2592 per
794 2562 912 2591 portam,

128 2605 172 2631 ιιιιί
198 2610 296 2630 nomen
312 2608 353 2630 est
377 2601 516 2628 Hebraicte
532 2601 572 2628 rei
597 2601 745 2636 Zeugalatii
769 2603 817 2637 (ita
840 2603 912 2630 enim

128 2650 293 2684 appellatur)
314 2652 513 2684 prorumpunt;
530 2649 589 2680 sed,
615 2649 661 2675 ttbi
684 2653 913 2684 eomparuerunt,

129 2704 190 2724 mox
204 2696 316 2731 repulsi,
329 2703 375 2730 per
389 2700 494 2729 portam
508 2696 588 2722 littori
602 2696 752 2730 oppositam
763 2695 912 2730 refugiunt.

127 2742 165 2769 lbi
182 2750 278 2769 omnes
293 2742 399 2774 incolat,
415 2741 528 2774 labaris,
546 2741 662 2768 arcubus
678 2747 705 2768 et
721 2742 789 2776 palis
803 2742 911 2775 armati,

127 2788 253 2815 aderant.
274 2787 334 2815 Jam
361 2796 422 2815 cum
446 2787 560 2822 despota
577 2794 603 2814 et
625 2796 686 2821 ego,
712 2793 858 2823 antequam
874 2789 912 2816 illl

128 2840 178 2860 nos
189 2838 427 2869 persequerentur,
442 2833 510 2866 fuga:
527 2842 575 2861 nos
585 2835 832 2866 comtnisissemus,
849 2835 912 2869 quia

126 2887 190 2915 equt
208 2880 292 2908 nostri
305 2880 380 2915 iuxta
399 2885 504 2914 portam
523 2880 584 2911 vim,
600 2889 659 2915 qua:
680 2883 712 2908 ad
728 2880 757 2907 S.
775 2881 911 2908 Andream

971 257 1037 288 θέως
1057 257 1156 283 ἔπεσεν
1174 256 1220 283 ἐπὶ
1236 257 1284 291 τῆς
1299 256 1362 299 γῆς,
1382 255 1428 282 καὶ
1445 256 1596 290 δραμόντες
1619 255 1643 281 ot
1662 253 1756 289 ἐχθροὶ

969 304 1013 331 ἵνα
1039 303 1242 330 ἀποκτείνωσιν
1257 302 1338 329 αὐτὸν
1354 302 1370 338 ἢ
1386 303 1532 334 πιάςωσιν,
1560 300 1678 336 εὑρέθην
1700 299 1755 333 ἐγὼ

970 350 1029 376 ἐκεῖ
1044 349 1216 384 ὺπέρμαχος.
1248 349 1384 380 Κάκεῖνος
1410 348 1458 382 μὲν
1473 347 1542 373 Θεοῦ
1559 347 1671 382 βοηθείᾳ
1686 347 1756 373 ἀπο-
1799 376 1807 384 ⁸

970 396 1086 428 πλακεὶς
1096 396 1143 423 τοῦ
1160 395 1244 423 ἵππου
1261 396 1348 430 ἔφυγε
1364 395 1444 427 πεζός
1456 403 1464 410 ’
1481 394 1535 429 ὲγὼ
1551 394 1579 421 δὲ
1595 394 1655 420 κατ’
1667 393 1757 421 αὐτῶν

972 443 1127 477 μαχόμενος
1153 442 1254 469 ἑπίασα
1285 442 1346 469 τινὰ
1375 442 1433 469 υίὺν
1463 442 1649 476 Σαματὲλλου.
1686 441 1756 468 ’Δλλ“

970 489 1045 524 ήμην
1059 488 1166 521 βαρέως
1182 487 1401 523 τρωματισθεὶς
1416 489 1474 523 ἅμα
1492 489 1531 523 τῷ
1547 489 1634 524 ἵππῳ,
1659 489 1689 520 ὃς
1712 489 1758 515 οὺ-

970 536 1029 562 κέτι
1045 536 1133 570 ῐσχυε,
1155 536 1202 562 καὶ
1219 535 1318 562 ἔπεσεν
1333 536 1347 561 ὀ
1363 535 1448 566 ἵππος
1465 535 1479 562 6
1498 535 1620 570 ἀριστος,
1638 535 1668 567 ὃς
1681 536 1757 571 παρὰ

969 581 1016 608 τοῦ
1032 582 1130 616 ἀμηριῖ
1144 580 1221 616 ἐδέθη
1237 581 1276 616 τῷ
1298 581 1398 616 ’Δσάνῃ
1422 582 1549 616 Ἰσαακίῳ
1562 583 1644 617 ἡνίκα
1658 583 1758 617 συνήνο

969 636 1052 663 τησεν
1070 628 1180 663 ἐκείνῳ,
1194 629 1241 654 ὁδ’
1267 629 1382 663 Ἀσάνης
1399 629 1438 664 τῷ
1461 630 1578 664 γαμϐρῷ
1611 630 1694 657 αὐτοῦ
1719 631 1758 664 τῷ

969 673 1196 709 Φιλανθρωπηνῷ
1213 675 1357 710 Γεωργίῳ,
1373 676 1498 707 κάκεῖνος
1622 676 1660 710 τῷ
1693 677 1758 703 ἑαυ-

970 719 1017 746 τοῦ
1032 720 1137 755 ἀνεψιῷ
1152 721 1190 755 τῷ
1218 721 1354 756 Κομνηνῷ
1378 722 1416 756 τῷ
1441 723 1487 748 τοῦ
1515 723 1758 758 πρωτοστράτορος

970 766 1166 799 Καντακουζοῦ
1184 767 1313 802 γαμϐρῷ,
1340 768 1368 794 ὃν
1393 769 1529 802 φεύγοντα
1551 770 1618 803 πρὸς
1634 769 1757 797 Γαλατᾶν

971 812 1079 846 φθάσας
1095 812 1233 846 ὸάδελῳός
1248 822 1301 847 μου
1318 814 1364 840 καὶ
1379 815 1492 841 ἐπίασεν
1503 815 1594 848 αὐτὸν,
1611 817 1659 843 καὶ¹
1670 816 1758 847 οὕτως

969 859 984 884 ὸ
998 858 1113 893 ἀδελφός
1131 867 1182 893 μου
1197 859 1371 895 εὑηργετήθη
1389 860 1433 887 τὴν
1452 861 1537 887 ἴππον
1554 861 1629 895 παρὰ
1646 862 1692 888 τοῦ
1710 862 1758 897 βα-

971 904 1066 936 σιλέως
1079 911 1086 920 ο
1103 904 1191 939 ἔγωγε
1207 905 1296 932 λαϐὼν
1309 907 1374 940 παρ’
1390 907 1495 933 ἐκείνου
1507 907 1552 933 τὸν
1568 907 1651 934 ἵππον
1668 908 1758 943 ἀπῆλ-

969 952 1015 979 θον
1031 952 1071 984 είς
1083 952 1303 987 Πελοπόννησον.
1320 952 1416 979 Πεσὼν
1430 952 1477 979 οὖν
1489 954 1502 979 ὁ
1512 953 1606 986 ἵππος,
1621 954 1757 988 ὲπιάσθην

969 998 1084 1030 πολλαῖς
1104 998 1226 1034 πληγαῖς
1247 998 1454 1033 πεπληγμένος.
1482 999 1538 1025 Καὶ
1564 1001 1758 1034 ἀπαγαγόντες

970 1051 1004 1077 με
1029 1043 1171 1078 ἔμϐλησαν
1187 1044 1227 1074 είς
1251 1043 1297 1069 τὸν
1323 1044 1423 1077 γουλᾶν
1439 1044 1499 1079 ἦτοι
1524 1045 1570 1071 τὸν
1597 1046 1702 1080 πύργον
1726 1047 1757 1072 ἐν

969 1089 1037 1124 οἴκῳ
1052 1089 1195 1125 σκοτεινῷ,
1210 1089 1275 1116 ἔνθα
1288 1087 1357 1125 ἦσαν
1374 1092 1541 1126 μὺρμυγκες
1553 1092 1601 1117 καὶ
1618 1093 1757 1127 σιτόφθει-

970 1144 1016 1170 ρες
1035 1137 1083 1163 καὶ
1099 1137 1166 1170 μύες
1181 1135 1226 1162 διὰ
1237 1136 1267 1162 τὸ
1279 1133 1350 1163 εἶναί
1363 1145 1431 1163 ποτε
1446 1137 1521 1164 σίτου
1538 1137 1664 1174 ἀποθήκη
1681 1147 1688 1154 ·
1708 1139 1756 1165 καὶ

969 1181 1132 1216 χειροπέδας
1151 1182 1263 1217 σιδηρᾶς
1277 1183 1445 1218 περιέθηκαν
1464 1186 1522 1215 τοῖς
1540 1185 1603 1211 ποσί
1630 1194 1681 1218 μου
1708 1187 1756 1212 καὶ

970 1228 1068 1263 σειρὰν
1098 1228 1160 1254 λίαν
1195 1228 1351 1264 βαρυτάτην
1378 1230 1425 1256 καὶ
1458 1231 1574 1266 στερεὰν
1593 1231 1665 1266 μετά
1694 1232 1757 1259 σκό-

967 1273 1050 1305 λοπος
1077 1274 1197 1309 μεγάλου
1225 1275 1296 1302 κατὰ
1322 1275 1374 1310 γῆς
1405 1277 1582 1311 πεπηγότος·
1612 1277 1675 1304 ἔνθα
1707 1286 1757 1305 κα-

967 1320 1025 1352 κῶς
1061 1322 1218 1356 ἐκοιτὼμην
1246 1323 1274 1348 ὲν
1299 1322 1331 1357 τῇ
1360 1322 1473 1359 τοιαύτῃ
1500 1325 1617 1360 φρουρᾷ,
1647 1325 1755 1360 πικρῶς

967 1366 1108 1400 διαγαγὼν
1126 1367 1179 1393 ἀπὸ
1198 1376 1224 1393 τε
1254 1368 1309 1394 τῶν
1323 1367 1435 1402 πληγῶν
1448 1369 1496 1395 καὶ
1511 1369 1565 1396 τῶν
1580 1370 1688 1405 δεσμῶν
1707 1373 1755 1397 καὶ

967 1411 1021 1438 τῶν
1033 1413 1131 1445 ἄλλων,
1149 1413 1186 1444 ὡς
1201 1413 1361 1449 δεδήλωται,
1382 1414 1399 1442 ἃ
1429 1414 1555 1451 ὑπῆρχον
1583 1417 1611 1443 ἑν
1635 1417 1699 1452 τῇδε
1720 1419 1754 1454 τῇ

969 1459 1087 1493 φρουρᾷη

1003 1503 1034 1532 ε’.
1056 1505 1189 1532 Ἐνταῦθα
1203 1505 1231 1532 δὲ
1245 1506 1299 1542 χρὴ
1317 1506 1503 1542 διηγήσασθαι
1526 1509 1604 1544 ἡμᾶς
1616 1510 1665 1537 καὶ
1690 1510 1756 1546 περὶ

970 1550 1021 1585 τῆς
1039 1551 1191 1586 ὁσιωτάτης
1207 1552 1362 1588 Θωμαῖδος,
1375 1554 1449 1589 Αὕτη
1464 1554 1495 1580 ἐκ
1505 1554 1601 1589 γένους
1616 1550 1755 1591 χρησίμου

968 1596 1092 1632 ὑπῆρχεν
1110 1597 1140 1623 ὲν
1153 1599 1185 1632 τῇ
1209 1598 1325 1634 ἀνατολῇ
1346 1599 1395 1634 τῆς
1419 1600 1531 1632 ’Λσίας-
1559 1601 1608 1628 καὶ
1630 1603 1757 1638 ἀπορφα·

969 1687 1054 1719 ducit,
1076 1686 1148 1714 forte
1171 1688 1260 1722 parati
1284 1694 1374 1721 erant,
1405 1693 1432 1716 et
1450 1697 1464 1716 a
1489 1689 1612 1719 Patrensi
1635 1693 1753 1727 quodam

969 1741 1054 1768 equus
1066 1731 1236 1762 Constantini
1255 1736 1352 1770 sagitta
1369 1736 1511 1770 perfossus
1525 1741 1608 1771 esset,
1621 1740 1753 1767 ut‘statitn

970 1777 1151 1807 Collaberetur
1170 1780 1257 1813 Innni,
1272 1781 1482 1809 Constantinum
1497 1783 1531 1809 ab
1547 1783 1754 1819 insequentibus

971 1825 1107 1857 hostibus,
1123 1826 1169 1861 qui
1187 1831 1233 1853 aut
1249 1834 1348 1861 capere
1364 1831 1409 1854 aut
1423 1828 1549 1857 occidere
1563 1837 1623 1857 eum
1640 1831 1753 1866 vellent,

969 1879 1020 1907 ego
1036 1871 1155 1899 defendi.
1174 1871 1267 1907 Itaque
1279 1872 1371 1899 divino
1389 1873 1493 1901 auxilio
1507 1874 1553 1902 ille
1569 1882 1614 1902 rex
1627 1884 1697 1912 equo
1706 1885 1754 1904 ex-

968 1917 1087 1951 peditus,
1106 1917 1187 1950 pedes
1213 1924 1242 1944 sc
1261 1917 1295 1944 iis
1318 1917 1471 1952 subtraxit;
1489 1926 1540 1955 ego
1558 1921 1687 1949 adversus
1704 1923 1755 1950 ho-

968 1968 1025 1990 stes
1042 1963 1196 1994 decertans,
1213 1961 1298 1990 lilium
1311 1964 1456 1997 quemdam
1473 1963 1612 1994 Samatelli
1624 1969 1695 2002 cepi,
1707 1970 1754 1997 sed

968 2011 996 2033 et
1012 2006 1071 2041 ipse
1085 2006 1205 2040 graviter
1220 2006 1382 2035 vulneratus
1404 2016 1462 2035 sum
1484 2017 1544 2036 cum
1557 2018 1628 2045 equo
1642 2019 1755 2047 genero-

969 2052 1088 2085 sissimo,
1114 2052 1160 2087 qui
1189 2059 1250 2079 mox
1277 2052 1383 2080 defectu
1411 2054 1508 2082 virium
1533 2057 1662 2085 concidit.
1682 2059 1752 2086 Eunt

968 2105 1067 2132 equum
1080 2099 1192 2125 dederat
1203 2105 1309 2126 ameras
1319 2097 1421 2126 Isaacio
1431 2099 1525 2131 Asani,
1535 2102 1568 2128 ad
1579 2108 1608 2129 se
1621 2104 1752 2137 profecto,

968 2143 1072 2171 Asanes
1087 2143 1205 2178 Georgio
1216 2143 1458 2179 Philanthropeno,
1480 2154 1580 2180 genero
1591 2155 1651 2181 suo,
1671 2153 1753 2186 atque

968 2189 1012 2216 hic
1034 2197 1128 2217 rursus
1141 2189 1280 2217 Conmeno
1294 2191 1472 2224 consobrino,
1490 2192 1673 2222 Cantacuzcni
1688 2204 1753 2230 pro-

969 2234 1122 2262 tostratoris
1141 2241 1250 2269 genero,
1265 2242 1345 2269 quem
1364 2235 1486 2264 Galatam
1499 2235 1648 2272 fugientem
1667 2239 1752 2269 frater

969 2288 1044 2307 mens
1057 2281 1274 2315 comprehendil.
1290 2281 1313 2308 Is
1331 2288 1430 2321 equum
1443 2282 1515 2309 dono
1535 2273 1640 2318 accepit
1653 2285 1687 2312 ab
1701 2287 1752 2314 im-

967 2330 1104 2360 peratore,
1124 2331 1207 2362 atque
1231 2334 1281 2362 ego
1304 2328 1402 2355 eodem
1421 2336 1434 2354 a
1462 2327 1547 2356 fratre
1572 2329 1697 2366 donatus,
1721 2333 1748 2360 in

965 2374 1182 2410 Peloponnesum
1195 2370 1269 2402 eum
1286 2375 1398 2404 abduxi.
1424 2375 1552 2411 Collapso
1571 2377 1654 2411 igitur
1666 2387 1748 2414 equo,

966 2419 1023 2454 ipse
1035 2421 1127 2447 multis
1139 2420 1226 2455 plagis
1237 2427 1396 2456 percussus,
1409 2421 1436 2448 in
1451 2426 1612 2456 potestatem
1626 2424 1745 2453 hostium

966 2466 1038 2499 veni,
1058 2466 1104 2500 qui
1130 2466 1276 2493 abductum
1295 2474 1337 2493 me
1362 2467 1388 2493 in
1409 2473 1547 2494 carcerem
1573 2468 1629 2495 sive
1650 2471 1747 2498 turrim

965 2511 1073 2538 aedificii
1086 2511 1229 2538 tenebrosi
1259 2511 1444 2546 conjecerttut,
1464 2512 1598 2542 formicis.
1614 2517 1748 2544 curculio‘

966 2556 1045 2584 nibus
1060 2560 1088 2584 et
1104 2557 1228 2584 muribus
1245 2561 1406 2588 scatentem,
1421 2557 1521 2592 quippe
1540 2566 1600 2593 qua
1613 2562 1746 2594 quondam

966 2602 1063 2630 fuisset
1077 2602 1243 2637 granarium.
1264 2602 1378 2629 Brachia
1395 2607 1421 2629 et
1439 2604 1520 2637 pedes
1533 2603 1648 2633 vinculis
1662 2611 1689 2633 et
1702 2615 1749 2634 ca-

967 2653 1027 2675 tena
1045 2649 1119 2683 gravi
1135 2653 1162 2675 et
1181 2647 1270 2675 solida
1292 2649 1325 2675 ad
1352 2649 1442 2683 palum
1470 2657 1600 2684 magnum
1628 2651 1654 2678 in
1676 2656 1748 2681 terra

966 2694 1082 2722 deﬁxum
1100 2695 1332 2722 constrinxerunt.
1351 2695 1419 2722 Male
1433 2695 1459 2723 in
1476 2704 1508 2723 ea
1524 2697 1648 2724 custodia
1664 2700 1749 2727 cuba-

967 2742 1027 2769 bam
1051 2745 1160 2776 propter
1179 2741 1281 2776 plagas,
1301 2742 1421 2775 vincula,
1441 2747 1469 2770 et
1491 2742 1609 2778 reliqua,
1630 2751 1691 2780 quae
1711 2746 1748 2775 ibi

967 2787 1049 2814 fuisse
1063 2787 1232 2818 incommoda
1246 2789 1408 2822 significavi.

1001 2833 1028 2860 5.
1049 2833 1098 2861 llic
1111 2833 1162 2860 loci
1179 2834 1212 2861 de
1227 2835 1401 2862 sanctissima
1415 2835 1565 2864 Thomaide
1581 2841 1748 2866 narrandum

961 2873 1045 2907 nobis
1056 2884 1106 2908 cst.
1122 2879 1158 2907 Ex
1169 2881 1280 2908 honesta
1294 2881 1395 2908 familia
1408 2881 1527 2910 Orientis
1542 2883 1568 2910 in
1579 2883 1640 2911 Asia
1654 2891 1751 2920 proge-
