1931 3079
140 159 193 192 '157

647 164 873 196 CHRONICON
896 164 1034 198 MAJUS.
1048 179 1080 184 -
1103 167 1177 198 LIB.
1193 167 1238 198 ΙΙ.

1714 166 1767 198 ’158

138 218 282 254 χαμουχᾶν
305 218 408 254 χρυσὸν
436 220 569 256 πράσινον
595 221 642 249 καὶ
670 223 748 257 φωᾱν
767 223 924 258 προὺσινον,
939 225 962 254 Α
1012 225 1048 262 η’.
1069 226 1125 261 Τῆς
1143 227 1172 254 δὲ
1200 225 1372 261 προθεσμίας
1388 224 1521 259 ὲλθοῦσης
1541 223 1589 250 καὶ
1616 223 1654 259 μὴ
1673 223 1768 250 ἐλθόν-

138 264 186 291 καὶ
201 265 310 300 σπάθην
321 266 583 303 ὲγκεκοσμημένην,
605 269 654 295 καὶ
666 269 774 305 φλωρία
790 269 850 306 ἤτοι
866 269 927 298 νού-

140 319 191 344 μια
204 312 294 346 χρυσᾶ
310 312 433 347 χιλιάδας
448 315 535 349 τρεῖς.
767 330 770 333 λ

175 358 207 384 θ’.
231 358 294 385 Ἐπὶ
306 359 356 394 τὴν
368 360 465 395 αὒριον
475 359 523 388 οὖν
548 362 713 395 ἀπελθόντες
729 364 771 396 εἰς
789 365 926 400 Γλαρέντ-

137 403 197 435 ζαν,
211 404 266 431 ἰδού
279 414 321 436 τις
337 405 430 440 ἄρχων
443 407 492 434 τοῦ
516 408 612 443 ἀμηρᾶ
637 409 706 444 μετά
732 419 808 442 τινας
828 411 925 445 ὀλίγας

136 449 243 484 ἡμέρας
266 448 331 486 ἦλθε
351 451 440 486 λέγων
467 453 507 480 ὅτι
532 455 548 489 ἠ
569 455 663 490 Πάτρα
679 455 753 483 τελεῖ
772 456 811 492 τῷ
827 457 924 492 ἀμηρᾷ

135 495 214 530 τέλη,
230 496 278 522 καὶ
300 496 427 534 διαϐαίνῃ
440 499 514 534 αὐτῷ
538 499 628 527 εἶναι·
651 501 692 528 διδ
722 502 809 538 ἄπεχε
826 504 923 538 ,αὐτῆς

137 541 185 567 καὶ
203 541 240 576 μὴ
257 542 398 577 πολιορκει
414 546 512 579 αὑτήν.
529 546 564 573 Et
578 546 600 572 δ’
612 546 655 579 οὒ,
675 547 822 584 πέμψομεν
840 557 923 584 στρα-

140 587 180 613 τὸν
195 588 266 633 κατὰ
279 589 338 616 σοῦ.
357 590 387 616 'O
404 591 426 617 δ’
442 591 576 628 αὐθέντης
592 602 643 628 μου
665 595 825 631 ἀποκριθεὶς
841 595 923 633 147

135 632 210 678 αὐτῷ
224 631 302 661 εἶπεν
312 643 318 650 ·
333 644 343 662 1
369 637 466 671 Ίίμεῖς
477 638 636 673 ἠκούσαμεν
647 640 689 667 ὅτι
707 641 813 668 θέλουσι
829 631 922 678 παρα-

134 677 226 708 δοῦναι
243 681 330 717 αὐτὴν
351 683 410 714 τοῖς
431 684 613 716 Καταλάνοις.
626 686 684 713 οὐκ
708 686 755 715 οὖν
779 687 855 714 δοκεῖ
873 697 920 722 μοι

135 725 242 758 πρέπον
273 723 345 754 εἶναι
374 729 455 755 ἐᾶσαι
479 731 554 765 ἡμᾶς
573 731 637 763 τούς
655 740 686 765 γε
715 732 778 764 τοὺς
802 733 920 768 ιχθροὺς

133 770 211 805 ἡμῶν
226 775 272 799 καὶ
286 774 400 809 ἐχθροὺς
424 776 471 802 τοῦ
498 776 615 811 ἀδελφοῦ
646 786 697 813 μου
725 779 773 806 τοῦ
801 780 921 815 μεγάλου

133 817 230 853 ἀμηρᾶ
252 820 300 846 καὶ
326 821 408 855 ἡμῶν
440 823 614 858 παραλαϐεῖν
635 825 734 857 αὐτοὺς
746 826 776 853 τὸ
798 827 921 854 τοιοῦτον

133 865 255 900 κάστρον
269 866 300 892 τὸ
315 867 345 894 ὲν
357 867 435 903 μέσῳ
452 868 508 895 τῶν
524 870 605 905 ὁρίων
619 871 698 906 ἡμῶν
714 873 853 908 κείμενον.
870 873 919 901 Ἁιὰ

131 909 212 937 τοῦτο
231 911 393 947 ἀπήλθομεν
403 914 471 946 ὲκεῖ,
486 915 533 941 καὶ
549 914 727 949 ἐξετάσαντες
746 919 777 945 τὸ
802 921 919 955 πρᾶγμα

132 956 289 991 ἐστήσαμεν
300 958 343 985 ἵνα
362 960 400 995 μὴ
415 961 528 996 γένηται
545 970 551 976 ε
566 963 614 989 καὶ
632 963 699 997 ἰδοὺ,
726 965 764 997 ὼς
795 965 919 1000 βλέπεις,

131 1003 291 1039 ὴγέρθημεν
309 1005 504 1038 ἐπανελθόντες
530 1008 633 1036 οἴκαδε.
664 1010 701 1037 Οὐ
728 1012 797 1045 μετά
819 1012 920 1046 πολλὰς

131 1049 243 1084 ἡμέρας
262 1050 317 1085 ἔχω
342 1051 415 1079 κατά
439 1053 503 1080 νοῦν
532 1055 575 1082 ἶνα
596 1056 751 1084 ἀποστείλω
778 1058 847 1093 πρὸς
874 1059 920 1086 τὸν

131 1095 247 1130 ἀδελφόν
262 1105 314 1131 μου
334 1098 379 1124 τὸν
398 1099 486 1134 μέγαν
504 1101 616 1137 ἀμηρᾶν
638 1103 734 1130 τοῦτον
758 1104 790 1140 δὴ
807 1105 853 1132 τὸν
869 1105 920 1139 ἄρα

131 1149 223 1176 χοντα,
245 1151 254 1168 ›
286 1143 417 1176 δεικνύων
448 1146 520 1180 ἐμὲ,
555 1156 564 1173 ι
580 1147 608 1179 ὃς
637 1149 812 1185 δηλοποιήσει
833 1152 919 1185 αὐτῷ,

132 1187 179 1214 καὶ
193 1188 304 1216 πλείονα
320 1190 387 1218 ἄλλα
413 1192 432 1220 ἃ.
454 1194 612 1229 ἀναμεταεὺ
640 1196 720 1230 ἡμῶν
737 1197 778 1224 δεῖ
799 1198 920 1232 ἐνεργεῖ·

133 1233 206 1261 σθαι.
227 1244 237 1261 )
261 1235 291 1262 Ὀ
306 1235 354 1264 θῦν
371 1238 495 1274 Τοῦρκος
510 1240 631 1273 ἀκούσας
648 1243 762 1274 τούτους
785 1244 849 1276 τοὺς
877 1245 920 1271 λό-

131 1282 250 1314 γους,ἐτι
262 1284 290 1310 δὲ
306 1284 353 1312 καὶ
365 1286 563 1322 φιλοδωρηθεὶς
575 1287 678 1321 καλῶς,
696 1289 801 1325 ἀπῆλθε
815 1291 920 1326 χαίρων

138 1327 260 1356 Ἐκεῖνον
275 1330 297 1356 δ’
314 1331 548 1366 ἀναχωρήσαντος
564 1335 720 1368 προσέταξὲ
743 1345 790 1370 μοι
804 1337 895 1372 λέγων
910 1347 917 1353 ·

134 1383 143 1400 ι
169 1375 235 1402 Ἰδοὺ
245 1377 429 1412 προετοίμαζε
445 1379 479 1406 τὰ
499 1379 568 1415 πρὸς
582 1380 678 1416 χρείαν
690 1382 740 1416 τῆς
755 1383 826 1410 ὁδοῦ.
843 1393 852 1409 ι
865 1385 921 1412 Καὶ

133 1419 262 1454 μὴεῑδὼς
279 1422 335 1456 ἐγὼ
355 1423 386 1449 τὺ
409 1424 502 1459 τυχὸν,
518 1425 652 1461 ἀνέφερον
677 1426 753 1462 αὑτῷ
773 1428 815 1454 ὅτι
831 1429 855 1455 εί
882 1430 918 1464 μὴ

132 1466 198 1503 ἔλθῃ
215 1468 229 1494 ό
243 1470 464 1505 μητροπολίτης,
474 1472 541 1498 Θεοῦ
554 1473 740 1506 εὐδοκοῦντος,
753 1476 800 1501 καὶ
812 1475 920 1504 δώσωσι

130 1513 200 1548 ἡμῖν
223 1515 254 1541 τὸ
279 1516 410 1551 κάστρον,
427 1517 506 1552 κάγὼ
521 1517 691 1554 ἀναρρωσθῶ
708 1520 807 1555 ὀλίγον.
828 1522 934 1549 ι’Δλλ¹·

977 281 1024 305 τος
1037 272 1086 299 τοῦ
1115 273 1327 307 μητροπολίτου,
1351 274 1384 308 τῇ
1413 275 1437 300 α’
1469 271 1579 298 Ἰουνίου
1610 270 1657 297 τοῦ
1682 270 1765 298 αὑτοῦ

977 318 1058 351 ἔτους
1085 318 1269 355 ἀπηρχόμεθα
1302 319 1465 353 κινήσαντες
1495 317 1536 348 εἰς
1561 317 1683 350 Πάτραν.
1721 316 1767 343 Ἐν

977 364 1090 396 ταύταις
1105 364 1152 391 οὖν
1165 366 1224 396 ταῖς
1240 364 1359 400 ἡμέραις
1374 364 1421 390 καὶ
1436 364 1449 390 ὁ
1477 362 1558 398 148
1583 362 1766 389 αὐθεντόπου-

977 411 1023 443 λος
1038 413 1052 438 ὁ
1068 411 1122 446 κῦρ
1145 412 1246 446 Θωμᾶς
1270 410 1362 448 τὸ-τοῦ
1393 410 1544 446 πριγκῑπου
1576 408 1767 443 Κεντηρίωνος

978 457 1136 493 πτολίεθρον
1160 457 1210 492 τὴν
1241 457 1445 492 Χαλατρίτζαν,
1469 456 1516 482 τοῦ
1538 455 1585 482 καὶ
1617 455 1766 488 μετέπειτα

977 505 1121 538 γεγονότος
1139 505 1274 540 πενθεροῦ
1292 503 1386 533 αὐτοῦ.
1400 503 1558 537 ἐπολιόρκει
1572 511 1578 518 ·
1597 503 1611 528 ὁ
1624 502 1652 528 δὲ
1664 501 1763 527 αὐθέν-

975 559 1026 584 της
1041 559 1092 584 μου
1111 550 1170 585 ἅμα
1184 550 1224 585 τῷ
1237 549 1345 585 ἀδελφῷ
1369 548 1452 576 αὑτοῦ
1469 548 1613 582 διήρχοντο
1640 547 1685 573 διὰ
1712 546 1765 578 τῆς

974 595 1036 622 ὁδοῦ
1049 596 1100 630 τῆς
1116 596 1156 627 είς
1171 595 1284 630 Πάτραν
1319 594 1459 629 φερούσης
1473 602 1480 609 ·
1511 592 1690 621 κατεὶθόντες
1716 590 1764 618 οὖν

974 642 1125 676 ἐμείναμεν
1149 641 1216 676 ὁμοῦ
1243 641 1284 672 είς
1316 641 1366 675 τὴν
1388 640 1572 674 Καμενίτζαν.
1599 639 1765 668 Ίωαννίκιος

974 688 1093 720 uatem;
1108 686 1156 715 οὖν
1182 687 1196 714 ὁ
1221 687 1268 715 τοῦ
1298 687 1451 722 πριγκίπου
1476 687 1566 713 ἐκεῖσε
1594 686 1697 720 ἄρχων,
1724 685 1764 715 ὡς

975 735 1061 770 ἔμαθε
1086 735 1176 768 τοῦτο,
1197 735 1312 770 αίτήσας
1339 734 1488 769 ἀφιέρωσιν
1522 733 1565 759 ίνα
1592 732 1765 766 ἀμφοτέρους

972 782 1038 813 τοὺς
1054 781 1188 812 αὐθέντας
1215 780 1279 816 ἔλθῃ
1293 780 1487 815 προσκυνῆσαι
1516 778 1626 810 αὐτοὺς,
1644 778 1692 803 καὶ
1723 776 1767 802 ἑλ-

974 828 1028 855 θὼν
1042 828 1124 860 εὐθὺς
1139 827 1190 860 τὰς
1211 828 1259 855 τοῦ
1287 827 1450 862 πτολιέθρου
1471 825 1546 856 κλεῖς
1570 823 1692 851 ἐκϐαλὼν
1722 823 1766 849 δέ-

972 875 1042 902 δωκε
1061 875 1162 906 ταύτας
1175 874 1215 910 τῷ
1237 874 1357 910 αὐθέντῃ
1373 882 1423 908 μου
1447 871 1487 907 τῷ
1503 872 1632 906 δεσπότῃ,
1658 869 1742 896 είπών
1755 877 1763 886 ·

977 929 987 946 ι
1002 920 1088 948 Τοῦτό
1105 921 1165 947 ἔστι
1194 919 1354 955 πτολίεθρον
1386 918 1460 950 ίδίως
1481 916 1529 944 τοῦ
1549 916 1681 943 αὑθέντου
1712 923 1764 950 μου

974 967 1024 994 καὶ
1042 966 1223 1002 ωγγάμὸρου
1240 965 1292 1000 τῆς
1323 964 1465 999 βασιλείας
1493 972 1540 990 σου
1556 972 1566 989 ι
1587 963 1645 997 (καὶ
1666 962 1721 996 γὰρ
1750 962 1765 988 ὁ

974 1013 1023 1040 τοῦ
1040 1013 1192 1047 πριγκίπου
1214 1012 1272 1043 υίὸς
1290 1010 1444 1046 προέλςιὸεν
1459 1011 1499 1041 εἰς
1515 1010 1632 1044 νόμιμον
1644 1008 1764 1041 γυναῖκα

973 1060 1023 1094 τὴν
1053 1059 1171 1094 ἀδελφὴν
1203 1058 1252 1092 τῆς
1278 1057 1441 1092 βασιλίσσης
1471 1056 1570 1091 κυρίας
1599 1053 1763 1088 Θεοδώρας),

977 1117 986 1133 ι
1003 1107 1032 1138 ὃς
1048 1114 1094 1141 μοι
1111 1105 1279 1140 προσέταξεν
1295 1104 1338 1131 ἶνα
1367 1102 1525 1137 παραδώσω
1548 1100 1630 1128 τοῦτο
1651 1101 1684 1134 τῇ
1715 1099 1764 1133 βα-

975 1153 1064 1188 σιλείᾳ
1079 1161 1136 1180 σου.
1150 1162 1160 1178 ι
1184 1151 1213 1179 '0
1227 1152 1254 1178 δὲ
1268 1150 1431 1186 ἀποκριθεὶς
1441 1146 1518 1175 εἶπεν
1532 1147 1621 1182 αὐτῷ’
1640 1156 1649 1172 ι
1667 1145 1762 1178 Οὕτως

974 1200 1043 1234 ἔχει,
1073 1200 1115 1226 ὅτι
1137 1197 1286 1233 συγγενοῦς
1308 1196 1358 1232 μού
1384 1196 1458 1223 ἐστιν
1484 1196 1498 1221 ὁ
1524 1193 1646 1224 τοιοῦτος
1667 1192 1762 1225 τόπος,

975 1246 1035 1273 ἀλλ’
1047 1247 1078 1273 οὐ
1091 1244 1290 1280 γνησιεστέρου
1308 1243 1355 1271 τοῦ
1381 1241 1499 1276 ἀδελφοῦ
1528 1249 1592 1276 μου.
1619 1239 1720 1266 Λοιπὸν
1739 1238 1764 1264 εί

974 1292 1194 1328 προγενέστερον
1222 1289 1309 1317 ἐποίει
1337 1288 1427 1326 τοῦτο,
1452 1287 1466 1313 ὁ
1490 1286 1603 1320 ἀδελφός
1632 1293 1683 1320 μου
1701 1284 1764 1312 κατ’

975 1338 1042 1373 ἐμοῦ
1054 1338 1105 1365 οὐκ
1124 1337 1309 1372 ὲνεχειρίζετο
1322 1335 1400 1362 οὐδὲν
1424 1334 1438 1360 ὃ
1451 1334 1506 1368 ἐγὼ
1520 1332 1604 1368 εἶχον,
1618 1332 1666 1359 καὶ
1680 1331 1763 1361 αὐτὸς

974 1386 1021 1413 καὶ
1037 1386 1051 1412 6
1075 1385 1208 1420 αὐθέντης
1235 1391 1283 1410 σου
1316 1380 1492 1417 ἀλλοτρὸπως
1522 1377 1595 1414 εἶχον
1616 1377 1692 1404 αὐτό.
1721 1377 1763 1404 Τὰ

974 1433 1022 1460 νῦν
1034 1430 1081 1460 οὖν
1098 1433 1122 1459 εἰ
1137 1429 1290 1466 παραλάϐω
1313 1429 1390 1461 αὐτὸ,
1415 1427 1524 1461 ἀνάγκη
1542 1426 1617 1454 ἐστὶν
1639 1425 1684 1452 ἴνα
1705 1424 1765 1451 δια-
1816 1428 1820 1431 ‘

974 1479 1125 1515 φερώμεθα
1140 1477 1211 1513 μετά
1226 1476 1272 1503 τοῦ
1287 1475 1408 1509 ἀδελφοῦ
1426 1482 1489 1509 μου,
1509 1473 1555 1500 καὶ
1571 1472 1602 1499 οὐ
1632 1470 1763 1505 τυγχάνει

973 1526 1017 1552 διὰ
1031 1524 1099 1551 πολύ
1131 1532 1169 1556 τι,
1200 1521 1291 1557 πολλῷ
1321 1521 1422 1557 μᾶλλον
1450 1519 1495 1546 διὰ
1519 1518 1658 1546 τοσοῦτον.
1692 1515 1763 1543 Ἀλλ’

131 1559 219 1595 ὅμως,
236 1559 301 1588 εἶπέ
322 1571 380 1598 μοι,
400 1565 588 1600 προετοίμαζε
603 1566 693 1594 πάντα
709 1567 742 1594 τὰ
759 1567 799 1600 είς
816 1568 920 1603 ὲκπλή-
933 1577 956 1605 ρ
971 1571 1072 1598 ἄπελθε
1086 1570 1115 1596 ἐν
1130 1569 1216 1603 αὐτῷ,
1243 1568 1291 1595 καὶ¹
1319 1567 1357 1599 ὡς
1382 1566 1496 1593 δύνασαι
1528 1565 1651 1599 ποίησον.
1673 1572 1682 1589 ι
1719 1562 1764 1594 Ὠς

133 1615 219 1641 ρωσιν
232 1608 282 1643 τῆς
301 1610 477 1645 προστάξεως
492 1620 551 1638 σου.
570 1621 579 1637 ι

132 1701 270 1729 ornatum,
302 1699 484 1727 curtzubaeas
511 1701 617 1729 sericus
647 1709 749 1730 aureus
777 1703 919 1737 prasinus,

132 1741 240 1776 gladius
261 1745 433 1772 ornamentis
454 1746 620 1780 conspicuus
633 1752 661 1774 et
679 1746 846 1776 ﬂorenorum
862 1750 920 1777 sive

131 1795 307 1816 nummorum
327 1796 474 1818 aureorum
488 1792 539 1819 tria
553 1793 647 1820 millia.

170 1833 196 1860 7.
211 1833 278 1860 Cum
292 1835 428 1869 postridie
441 1836 614 1864 Glarentzam
644 1838 758 1873 profecti
780 1846 919 1873 essemus,

131 1888 195 1908 ecce
213 1882 305 1916 paucis
327 1883 495 1918 postdiebus
511 1885 621 1919 quidam
642 1893 675 1912 ex
688 1893 788 1913 amara:
803 1888 919 1920 optima-

132 1927 205 1955 tibus
222 1929 349 1956 nuntium
363 1930 443 1957 nobis
468 1930 561 1963 aﬂ‘ert,
579 1932 691 1959 Patratu
707 1940 807 1961 ameraz
821 1934 920 1962 tributa

131 1974 250 2009 pendere
269 1975 295 2002 in
308 1975 485 2010 ejusdemque
497 1979 671 2005 concessisse
687 1979 833 2007 ditionem.
852 1980 922 2008 Abs-

133 2021 231 2048 tineret
257 2022 371 2056 proinde
394 2031 425 2049 ea
453 2023 518 2050 urbe
531 2041 539 2056 ,
563 2031 632 2052 neve
647 2032 705 2051 eam
724 2025 882 2053 obsideret:
897 2027 920 2054 si

132 2067 223 2094 minus
245 2072 342 2095 contra
356 2076 423 2095 eum
445 2069 596 2105 exercitum
619 2071 734 2098 missum
749 2071 794 2098 iri.
813 2072 860 2097 (lui
881 2072 916 2099 ita

132 2114 271 2147 respondit
286 2114 414 2149 princeps
431 2123 526 2142 meus:
546 2115 616 2143 «Nos
648 2117 834 2149 audieramus.
851 2119 921 2145 velle

131 2166 178 2188 eos
207 2161 301 2188 urbem
326 2162 464 2189 Catelanis
489 2162 605 2190 tradere.
634 2162 701 2190 Nam
727 2171 835 2198 parum,
854 2165 921 2192 mihi

132 2213 240 2240 aequum
270 2206 387 2241 videtur,
417 2207 474 2241 pati
494 2216 545 2236 nos
569 2216 730 2237 communes
745 2209 839 2237 fratris
855 2212 919 2242 mei,

973 1615 1019 1644 οὖν
1029 1617 1131 1652 ἢκουσε
1147 1614 1243 1647 ταῦτα,
1268 1613 1369 1649 ᾔτησεν
1395 1612 1439 1639 ἵνα
1465 1611 1576 1643 ἀκάκως
1602 1610 1713 1646 εισέλθῃ
1734 1610 1764 1636 ὲν

973 1705 1187 1734 convaluissem.
1214 1702 1249 1731 At
1262 1702 1308 1730 ille
1325 1710 1332 1728 :
1351 1710 1361 1727 ι
1380 1699 1578 1740 Nihilominus,
1601 1698 1703 1734 inquit,
1727 1697 1762 1726 ad

973 1750 1189 1786 perﬁciendum,
1213 1747 1287 1784 quod
1312 1746 1472 1775 mandatum
1499 1745 1549 1773 tibi
1579 1748 1640 1779 est,
1669 1744 1762 1772 omnia

973 1804 1108 1831 pmpara.
1116 1805 1124 1820 ι

1008 1843 1033 1870 8.
1053 1842 1104 1870 Ubi
1120 1842 1193 1869 venit
1204 1841 1262 1879 dies
1275 1840 1441 1876 praestituta,
1458 1847 1510 1867 nee
1524 1839 1612 1867 adfuit
1623 1843 1763 1874 metropo-

972 1889 1030 1922 lita,
1058 1889 1189 1915 Kalendis
1218 1887 1308 1915 Iuniis
1322 1886 1445 1922 ejusdem
1464 1886 1651 1914 anniPatt-am
1668 1885 1759 1912 movi-

973 1944 1046 1963 mus.
1065 1936 1116 1962 Per
1131 1934 1241 1962 easdem
1257 1933 1316 1961 dies
1328 1933 1410 1960 etiam
1426 1933 1546 1960 Thomas
1561 1931 1680 1959 dominis
1691 1931 1762 1958 Ceu-

974 1981 1088 2010 terionis
1107 1980 1252 2015 principis,
1279 1980 1365 2014 cujus.
1373 1979 1445 2007 idem
1459 1983 1552 2013 postea
1570 1986 1657 2014 gener
1669 1977 1759 2005 factus

972 2033 1024 2059 est,
1042 2027 1204 2062 oppidulum
1222 2026 1422 2053 Chalatritzam
1445 2025 1598 2053 obsidebat.
1629 2023 1761 2052 Dominus

973 2075 1057 2107 igitur
1073 2081 1152 2100 meus
1167 2081 1230 2101 cum
1262 2072 1347 2099 fratre
1367 2071 1478 2098 Petram
1492 2071 1638 2106 processit,
1650 2070 1763 2097 diverti-

973 2128 1090 2152 tltttSque
1107 2127 1160 2146 una
1179 2126 1276 2146 omnes
1285 2117 1486 2145 Camenitzam.
1513 2117 1609 2152 itaque
1623 2116 1761 2144 Johanni-

974 2166 1034 2194 cins
1053 2167 1174 2198 Balotas,
1187 2165 1321 2200 principis
1339 2165 1376 2192 ibi
1400 2168 1573 2200 procurator,
1590 2163 1636 2190 ubi
1653 2164 1703 2190 hoc
1716 2164 1760 2190 di-

973 2213 1050 2242 dicit.
1066 2213 1203 2248 postulata
1229 2212 1409 2243 admissione,
1437 2211 1533 2238 ambos
1548 2211 1677 2238 dominos
1692 2211 1760 2238 ado—

100 2252 106 2257 '
131 2253 222 2287 magni
238 2260 349 2287 amt-rte,
375 2261 541 2289 nostrosque
560 2255 656 2283 hostes
668 2256 722 2284 tale
737 2262 858 2284 castrum
875 2266 920 2285 oc—
935 2262 959 2292 Ῑ)
973 2263 1061 2286 ratum
1077 2259 1163 2291 venit;
1180 2262 1208 2284 et
1224 2257 1296 2284 illico
1311 2258 1431 2290 prolatas
1444 2257 1537 2291 oppidi
1551 2256 1642 2284 claves
1657 2257 1759 2291 despo-

131 2304 244 2330 rnpare,
257 2297 283 2323 in
303 2298 400 2325 mediis
424 2299 524 2327 finibus
542 2301 645 2327 nostris
662 2301 758 2328 situm.
772 2301 830 2334 Qua
845 2303 879 2329 de
891 2310 920 2329 re

131 2342 184 2370 hoc
207 2343 258 2370 iter
271 2344 455 2378 suscepimus,
466 2349 503 2377 et,
516 2353 545 2372 re
556 2347 677 2380 cognita.
695 2347 720 2373 id
738 2348 878 2382 negotium
892 2353 921 2375 ut

75 2400 78 2403 -
131 2389 338 2422 impediremus,
365 2390 493 2419 dedimus
509 2399 632 2426 operam.
658 2394 748 2427 Atque
762 2395 838 2421 vides
858 2402 918 2426 nos,

131 2433 253 2461 collectis
277 2435 405 2471 sarcinis,
431 2435 543 2464 domum
559 2437 616 2471 jam
643 2438 742 2466 redire.
757 2438 918 2474 Propediem

131 2484 222 2506 autem
239 2480 271 2506 ml
291 2481 401 2508 fratrem
416 2489 518 2513 meum,
532 2490 660 2517 magnum
673 2492 806 2518 ameram,
827 2486 919 2512 mitte-

110 2523 117 2529 ’
130 2534 160 2554 re
177 2527 305 2554 constitui
321 2529 392 2555 hunc
409 2529 544 2555 illustrem
557 2530 645 2557 virum
658 2531 713 2565 (me
725 2536 814 2558 autem
827 2536 919 2559 osten-

131 2573 221 2607 debat)
239 2574 284 2608 qui
300 2574 338 2601 illi
351 2575 434 2602 etiam
456 2575 508 2602 alia
526 2577 610 2602 multa
627 2583 754 2612 exponet,
768 2578 801 2605 tie
817 2579 918 2613 quibus

130 2619 203 2646 inter
231 2627 281 2646 nos
301 2621 343 2655 agi
360 2628 470 2648 necesse
484 2627 535 2649 est.
555 2631 564 2647 ι
584 2621 683 2656 Turoa,
703 2623 747 2651 his
762 2625 874 2657 auditis,
889 2630 918 2653 et

130 2660 292 2693 mune-ribus
321 2666 388 2694 bene
403 2667 574 2702 cumulatus,
591 2668 653 2695 lzcto
673 2669 766 2696 animo
779 2670 917 2699 discessit.

131 2711 183 2744 Qui
201 2719 262 2738 cum
288 2712 401 2744 abisset.
427 2713 626 2742 Constantinus
644 2716 726 2749 jussit
746 2724 789 2744 me
807 2725 915 2752 parare,

131 2764 191 2791 qua:
206 2757 239 2784 ad
255 2758 305 2784 iter
318 2757 473 2786 faciendum
485 2762 639 2788 necessaria
656 2768 757 2790 essent.
773 2762 839 2798 Ego.
851 2764 917 2799 quid

131 2802 169 2828 rei
186 2807 259 2830 essat
290 2803 412 2837 ignarus,
444 2806 583 2840 respondi,
599 2807 639 2834 ita
661 2807 731 2839 fore,
745 2809 768 2835 si
791 2810 844 2836 Deo
860 2810 917 2844 pla-

130 2849 244 2880 cuiSSet,
277 2855 305 2876 ut
329 2858 382 2877 non
410 2852 515 2879 veniret
536 2854 722 2888 metropolita.
747 2863 778 2882 ac
793 2860 914 2882 castrum

130 2894 209 2922 nobis
219 2895 349 2924 traditum
367 2902 451 2931 esset,
464 2903 490 2927 et
509 2903 655 2936 postquam
669 2901 728 2936 ipse
742 2902 913 2938 aliquantum

974 2309 1018 2335 tm,
1033 2305 1145 2332 domino
1160 2312 1231 2336 meo,
1244 2305 1285 2331 his
1294 2304 1382 2331 verbis
1396 2304 1526 2331 tradidit:
1545 2302 1695 2338 «Oppidum
1710 2303 1761 2331 hoc

973 2350 1117 2384 proprium
1144 2353 1186 2376 est
1215 2349 1326 2376 domino
1348 2355 1410 2375 meo
1439 2348 1591 2382 maiestatis
1621 2352 1673 2374 tua:
1688 2347 1760 2374 amni

973 2396 1084 2431 (etenim
1103 2395 1237 2431 principis
1260 2395 1331 2422 filius
1349 2402 1476 2422 sororem
1496 2393 1650 2421 Theodore
1671 2394 1761 2429 impe-

971 2442 1081 2469 ratricis
1108 2441 1237 2477 legitimis
1267 2441 1371 2476 nuptiis
1403 2441 1455 2468 sibi
1487 2440 1692 2476 coniunxerat),
1710 2441 1758 2474 qui

972 2487 1112 2515 mandavit
1124 2488 1203 2520 mihi,
1222 2491 1249 2514 ut
1267 2487 1406 2522 majestati
1418 2492 1472 2514 tuae
1487 2487 1514 2514 id
1528 2487 1684 2514 dederem.»
1704 2487 1759 2514 Re-

971 2534 1086 2568 spondet
1096 2533 1294 2562 Constantinus
1307 2543 1315 2560 :
1337 2543 1347 2560 ι
1361 2535 1398 2561 Ita
1411 2542 1441 2561 se
1458 2542 1500 2561 res
1512 2534 1603 2567 habet,
1616 2534 1692 2561 locus
1706 2534 1759 2562 iste

970 2579 1060 2608 afﬁnis
1075 2580 1127 2607 mei
1145 2585 1197 2612 est,
1215 2588 1268 2607 non
1287 2580 1382 2608 fratris
1393 2580 1461 2611 mihi
1476 2580 1658 2615 cognatioris.
1672 2580 1758 2608 Caete-

970 2635 1031 2654 rum
1043 2627 1067 2654 si
1081 2627 1158 2662 prius
1175 2627 1226 2654 hoc
1238 2627 1360 2660 fecisset,
1387 2628 1473 2655 frater
1489 2635 1567 2654 meus
1586 2627 1665 2660 nihil,
1683 2628 1756 2662 quod
1793 2620 1796 2624 λ

969 2679 1020 2708 ego
1048 2677 1181 2705 tenerem,
1210 2677 1306 2700 contra
1330 2681 1374 2700 me
1401 2678 1657 2708 occuparet,atque
1672 2673 1716 2700 ille
1731 2678 1759 2700 ct

970 2719 1099 2754 princeps
1109 2725 1173 2747 tuus
1185 2720 1362 2748 incommode
1379 2720 1405 2747 id
1422 2720 1560 2747 tenebant.
1578 2719 1655 2747 Nunc
1666 2724 1757 2747 autem

970 2767 992 2793 si
1006 2766 1136 2800 oppidum
1153 2766 1269 2801 accipio,
1280 2766 1350 2794 inter
1361 2774 1403 2794 me
1416 2767 1584 2802 fratremque
1599 2774 1687 2794 meutn
1701 2766 1759 2794 dis-

970 2812 1071 2839 sidium
1088 2812 1189 2840 exoriri
1200 2820 1315 2840 necesse
1330 2818 1382 2845 est,
1398 2814 1472 2848 quod
1484 2821 1518 2841 ne
1531 2821 1635 2849 magna:
1646 2813 1758 2847 quidem

969 2865 1008 2885 ret
1026 2865 1121 2891 causa,
1135 2859 1236 2886 nedum
1262 2859 1375 2886 tantilla:
1392 2859 1451 2888 ﬁeri
1462 2865 1581 2895 oportet.
1598 2858 1650 2887 Sed
1665 2863 1694 2886 tu
1710 2858 1755 2886 abi

973 2903 1002 2930 in
1015 2904 1109 2932 urbem
1124 2909 1160 2936 et,
1175 2905 1248 2938 quod
1264 2904 1512 2939 potes,ellice.illis
1525 2905 1638 2938 auditis,
1650 2902 1764 2943 petivit,
