1931 3079
202 141 255 174 779

811 145 977 177 GEORGII
1008 147 1219 178 PllIlAN'l‘ZE

1778 152 1835 184 750

238 203 339 238 ῐιαρὼν
364 204 412 230 καὶ
437 203 577 236 Ματθαίος
601 205 614 231 ὸ
631 205 807 241 ἱερομόναχος
828 207 875 234 καὶ
904 207 990 242 μέγας
1007 209 1028 237 Α
1043 208 1181 243 προτέραν
1196 209 1359 244 ἐπιφάνειάν
1380 217 1427 236 του
1443 209 1622 244 προθεσπίζει
1644 211 1691 237 καὶ
1708 210 1833 238 δείκνυσι

204 251 446 286 πρωτοσύγκελλος
460 251 590 287 βασιλικῇ
605 252 754 287 προστάξει
767 251 856 279 ταῦτα
872 252 924 288 ἔφη
941 253 989 279 καὶ

201 297 395 331 ἀπελογίσατο.
414 297 469 324 Καὶ
488 299 502 324 ὁ
518 298 566 332 μὲν
580 297 661 330 Ξένος
676 298 787 334 ἐρωτῶν
798 296 876 326 εἴπεν
890 298 987 333 οὕτως,

200 344 238 376 ὥς
248 354 258 371 ι
272 345 341 380 Ἤδη
355 344 401 371 τὸν
416 345 468 380 μὲν
482 345 606 372 Μεσσίαν
616 345 774 380 ἐληλυθέναι
785 346 864 380 φατὲ,
876 346 922 373 τὸν
937 346 988 372 Θεη

202 391 298 426 σὸίτην
313 391 350 425 μὴ
360 391 463 427 ἥκοντα
479 391 550 418 κατὰ
562 391 611 423 τὰς
622 392 677 418 τῶν
691 392 842 427 προφητῶν
857 392 984 428 Most“)

206 439 236 465 '0
249 438 388 469 Ματθαῖος
403 438 581 473 ἀποκριθείς·
602 448 612 464 ε
631 438 774 472 Ἄκουσον,
793 437 816 466 ὦ
838 439 915 473 Ξένε,
941 439 988 466 καὶ

202 486 293 518 σύνες.
310 486 361 512 Δύο
375 485 423 517 τὰς
438 485 484 512 τοῦ
501 484 622 521 Χριστοῦ
637 486 793 520 παρουσίας
808 487 832 513 οἱ
847 488 987 521 προφῆται

201 534 381 569 κηρύττουσι,
409 533 513 568 ταύτην
528 541 557 559 τε
575 534 625 568 τὴν
649 533 699 567 ήδη
724 534 917 568 γεγενημένην
940 533 988 561 καὶ

199 581 248 615 τὴν
276 580 315 611 είς
333 580 428 606 ἔπειτα
447 581 480 614 τῇ
497 578 610 614 τελευτῇ
633 579 679 605 τοῦ
707 579 813 613 κόσμου
830 580 987 614 φανησομέ-

199 635 260 662 νην·
278 627 325 653 καὶ
339 626 391 661 τῆς
408 626 458 661 μὲν
475 627 552 662 μιᾶς,
577 626 627 660 τῆς
644 625 775 659 δευτέρας
788 625 901 661 δηλαδὴ,
917 626 985 661 “96‘-

197 674 298 708 δρομον
312 672 423 699 ἔσεσθαι
436 672 482 698 τὸν
500 671 597 697 Ἠλίαν
610 671 733 705 λέγουσι,
747 672 796 706 τῆς
810 671 838 698 δὲ
850 673 987 707 προτέρας

202 719 331 753 Ἰωάννης
348 718 468 752 ἐγένετο,
489 717 519 744 ὃν
531 716 649 750 ἄγγελον
666 717 715 751 μὲν
732 717 746 743 ὁ
760 717 903 751 προφήτης
918 715 986 743 ὠνό-

197 773 267 800 μασε
284 765 439 799 Μαλαχίας,
461 765 491 790 οὐ
518 763 598 797 μόνον
611 763 649 794 ὡς
673 763 723 798 τὴν
744 763 881 798 προτέραν
902 763 985 790 αὑτοῦ

196 814 351 849 παρουσίαν
367 812 451 846 ἐγγὺς
464 809 548 837 οὖσαν
566 810 714 845 μηνύοντα,
733 810 801 836 ἀλλὰ
816 810 863 836 καὶ
875 810 911 842 ὡς
928 810 985 845 βίον

196 860 396 894 ἀσπασάμενον
424 857 524 892 μικροῦ
541 857 586 884 τοῦ
607 858 662 884 τῶν
674 857 799 891 ἀγγέλων
820 857 848 890 ἐξ
869 857 986 892 ἐφαμίλ-

195 907 241 933 λου
255 905 408 941 χωροῦντα.
434 904 528 930 Ἠλίαν
545 903 572 929 δὲ
587 904 634 930 καὶ
650 903 746 930 τοῦτον
761 904 775 929 ο
789 903 907 937 Χριστὸς
922 904 984 930 ἐκά-

194 953 248 985 λει,
265 953 314 979 οὐκ
328 950 424 986 ἐπειδὴ
445 950 538 981 Ἠλίας
555 948 599 985 ἦν,
615 950 673 976 ἀλλ’
684 949 762 984 173
780 950 820 976 ὅτι
835 949 885 984 τὴν
899 949 984 985 αὐτὴν

193 999 291 1033 ἐκείνῳ
326 997 441 1032 πληρῶν
459 996 594 1030 ἐτύγχανε
621 996 779 1023 διακονίαν·
807 996 902 1029 ὥσπερ
930 997 983 1030 γὰρ

193 1047 296 1077 ἐκεῖνος
323 1044 478 1079 πρόδρομος
496 1042 574 1069 ἐσται
596 1042 645 1077 τῆς
661 1041 793 1077 δευτέρας
816 1041 983 1077 παρουσίας,

193 1094 264 1120 οὕτω
289 1093 338 1118 καὶ
364 1087 441 1119 οὗτος
467 1089 517 1124 τῆς
544 1089 683 1124 προτέρας
701 1089 822 1123 ἐγένετο.
851 1088 890 1115 Οὐ
907 1088 983 1123 παρὰ

193 1139 274 1167 τοῦτο
287 1138 315 1165 δὲ
338 1138 430 1172 μόνον,
448 1135 506 1162 ἀλλ’
522 1135 563 1162 ὅτι
581 1135 630 1162 καὶ
647 1134 705 1169 βίον
723 1134 819 1170 μετῄει
840 1135 983 1169 κατάκρας

192 1186 231 1221 τῷ
247 1186 352 1213 ἐκείνου
368 1183 563 1219 συμϐαίνοντα.
583 1181 654 1208 Ἀλλ’
670 1182 696 1208 οἱ
714 1180 764 1216 μὲν
777 1180 917 1216 προφῆται
935 1180 984 1207 καὶ

191 1233 357 1268 ἀμφοτέρων
373 1231 529 1265 μέμνηνται
546 1228 650 1255 τούτων
668 1228 715 1255 καὶ
731 1229 795 1259 τοὺς
811 1227 982 1262 προωδευκὸ-

190 1289 239 1312 τας
262 1278 398 1314 ἑκατέρας
415 1276 600 1312 κηρύττουσιν
612 1283 618 1290 ·
636 1274 715 1310 ὑμεῖς
732 1274 760 1301 δὲ
780 1273 829 1310 τὴν
845 1274 895 1309 μὲν
912 1281 982 1308 προ-

190 1327 272 1363 τέραν
287 1327 349 1360 σιγῇ
369 1319 535 1357 κακούργως
551 1321 736 1358 παρέρχεσθε,
758 1320 816 1354 εἴγε
830 1320 876 1347 καὶ
893 1320 932 1355 τῷ
945 1319 983 1355 νῷ

192 1375 243 1408 τῆς
267 1371 381 1406 Γραφῆς
398 1368 520 1403 ἀτεχνῶς
536 1367 709 1400 ὲπιὸάλλετε,
732 1367 781 1402 τῆς
800 1366 828 1393 δὲ
851 1365 982 1399 δευτέρας

195 1417 335 1454 μέμνησθε
353 1416 448 1451 μόνης,
464 1411 498 1450 ἧς
511 1415 525 1440 ὁ
542 1413 678 1448 Θεσόίτης
694 1412 898 1447 προδραμετται
914 1412 982 1438 πάν-

192 1473 245 1496 τως
268 1463 374 1493 Ἠλίας.
398 1461 482 1488 Ἀλλὰ
507 1461 560 1495 γὰρ
584 1459 633 1487 καὶ
659 1459 714 1485 τῶν
731 1459 865 1495 χρησμῶν
889 1458 980 1485 αὐτῶν

191 1507 386 1542 ὰκουσὼμεῡα.
408 1506 438 1533 '0
463 1506 608 1537 θεσπέσιος
630 1504 776 1540 Μαλαχίας
797 1504 846 1540 τὴν
861 1503 908 1530 τοῦ
924 1504 981 1530 Σω-

1003 880 1024 908 Β

1041 254 1086 281 τὸν
1103 256 1172 289 μετὰ
1184 255 1313 290 Ἰωάννην
1329 255 1374 282 τἰν
1388 256 1543 290 βαπτιστὴν
1565 258 1675 292 ἐκείνης
1691 258 1834 293 προηγού-

1043 308 1124 335 μενον
1139 310 1145 316 ·
1158 311 1168 328 ι
1179 301 1247 328 Ἰδοὺ
1262 302 1316 336 γὰρ
1330 301 1396 336 ἐγὼ,
1413 302 1513 337 λέγων,
1527 302 1704 335 ἐξαποστελῶ
1716 305 1763 330 τὸν
1778 304 1833 336 ἄγ-

1040 347 1120 382 γελόν
1136 357 1187 383 μου
1199 349 1254 383 πρὸ
1267 348 1416 384 προσώπου
1429 358 1492 382 σου,
1507 349 1536 380 ὃς
1560 351 1764 377 κατασκευάσει
1780 351 1832 385 τὴν

1040 393 1099 420 ὁδόν
1116 402 1164 420 σου
1178 392 1334 430 ἔμπροσθέν
1353 404 1412 427 σου,
1437 396 1486 423 καὶ
1509 396 1686 430 ἑπιὸλέψεται
1702 397 1762 423 ὁδὶν
1778 397 1833 432 πρὸ

1040 441 1192 476 προσώπου
1207 450 1255 469 σου
1267 450 1274 457 ·
1288 442 1337 469 καὶ
1352 441 1483 476 ἐξαίφνης
1499 443 1559 480 ἥξει
1584 444 1625 475 εἰς
1641 443 1687 469 τὸν
1702 443 1766 470 ναδν
1782 444 1832 469 σῦς

1039 487 1088 514 τοῦ
1109 488 1221 520 Κύριος.
1242 498 1251 514 ι
1277 488 1389 515 Πάντων
1404 489 1458 525 γὰρ
1475 489 1644 523 ἀγνοούντων
1659 491 1672 516 ὁ
1694 490 1833 524 σωτήριος

1039 534 1117 566 τόκος
1139 535 1250 569 ἐγένετο
1263 543 1270 549 ⁸
1287 535 1351 566 ναὸν
1375 536 1429 569 γὰρ
1445 536 1495 569 τὴν
1511 535 1685 570 ἀνθρωπείαν
1700 535 1829 569 ὼνᾶμασε

1041 581 1134 616 φύσιν,
1151 582 1184 617 ἦν
1208 583 1222 608 ὁ
1240 582 1308 613 Θεὸς
1327 582 1414 615 Λόγος
1431 581 1558 608 ἀνέλαῆε.
1576 582 1646 616 Πρὸς
1662 582 1690 608 δὲ
1709 583 1741 616 τῇ
1760 590 1830 615 προ-

1039 628 1108 662 τέρᾳ
1125 628 1172 654 καὶ
1193 628 1242 663 τὴν
1255 628 1384 662 δευτέραν
1407 628 1513 654 ἔλευσιν
1538 629 1692 666 ύπογρὰφει
1704 635 1712 642 ⁸
1735 638 1744 653 ι
1762 628 1830 654 Ὶῖοὶι

1040 673 1150 710 ἔρχεται
1166 674 1267 709 Κύριος
1283 675 1492 709 παντοκράτωρ,
1505 675 1554 700 καὶ
1564 675 1604 706 τίς
1618 675 1751 709 ὑπομενεῖ
1761 674 1831 707 ἠμέ-

1041 728 1091 754 ραν
1106 719 1212 746 εἰσόδου
1237 719 1332 752 αὑτοῦ,
1347 720 1363 754 ἡ
1380 723 1422 750 τις
1447 720 1632 754 ὗποστήσεται
1651 720 1680 745 ἐν
1695 720 1729 754 τῇ
1749 717 1831 754 174

1039 765 1159 800 ὀπτασίᾳ.
1189 765 1291 799 αὐτοῦς
1320 765 1500 800 ἀδυσώπητος
1526 765 1662 792 καθιεῖται
1688 768 1786 800 κριτὴς
1815 766 1828 791 ὀ

1038 812 1183 844 ἀποδιδοὺς
1198 813 1306 848 ἑκάστῳ
1322 813 1395 839 κατὰ
1417 813 1452 839 τὰ
1477 813 1547 848 ἔργα
1563 812 1659 839 αὐτοῦ.
1682 822 1690 836 ι
1708 809 1773 837 Εἶτα
1792 811 1831 837 6:-

1039 859 1136 887 δάσκει
1151 858 1186 885 τὰ
1199 860 1270 885 κατὰ
1289 859 1338 895 τὴν
1354 859 1493 894 προτέραν
1514 858 1591 890 αὖθις
1612 859 1770 894 παρουσίαν
1783 858 1828 885 ὑπ’

1039 904 1123 932 αὑτοῦ
1144 904 1271 939 δρώμενα
1285 912 1291 919 ·
1307 914 1316 930 ι
1344 904 1417 931 Διότι
1440 904 1522 936 αὐτὸς
1550 905 1696 939 πορεύεται
1716 903 1754 934 ὡς
1768 903 1829 938 πῦρ

1038 952 1221 988 χωνευτηρίου
1237 952 1284 978 καὶ
1306 951 1344 982 ὡς
1364 951 1419 978 πόα
1435 950 1601 984 πλυνὸντων,
1618 951 1665 978 καὶ
1688 950 1829 977 καθιεῖται

1036 998 1164 1034 χωνεύων
1188 998 1236 1024 καὶ
1263 998 1420 1032 καθαρίζων
1437 997 1468 1023 τὸ
1491 997 1624 1033 ἀργύριον
1647 997 1696 1024 καὶ
1714 997 1745 1024 τὸ
1758 1006 1829 1032 χρυ-

1037 1045 1105 1072 σίον.
1123 1054 1132 1070 ι
1150 1044 1284 1079 Σημαίνει
1298 1043 1327 1070 δὲ
1343 1043 1387 1081 διᾲ
1401 1043 1506 1070 τούτων
1518 1045 1532 1070 ὁ
1557 1044 1700 1079 προφήτης
1716 1043 1766 1078 τὴν
1780 1043 1826 1070 διὰ

1036 1090 1082 1117 τοῦ
1099 1091 1177 1124 ἁγίου
1189 1089 1350 1124 Πνεύματος
1363 1089 1509 1124 κάθαρσιν,
1524 1089 1557 1124 ῆν
1568 1089 1735 1124 θεανδρικῶς
1747 1091 1761 1115 ο
1773 1089 1827 1116 Λέ-

1036 1144 1084 1169 γος
1111 1135 1345 1169 πολιτευσάμενος
1375 1135 1443 1169 ἡμῖν
1457 1134 1625 1169 ἐχαρίσατο·
1654 1135 1772 1169 καὶγὰρ
1796 1136 1827 1160 ὲν

1034 1182 1122 1217 τούτῳ
1150 1181 1291 1216 μυστικῶς
1316 1181 1380 1212 τοὺς
1396 1181 1561 1215 προσιόντας
1585 1180 1751 1216 ἁναχωνεύει
1777 1181 1826 1208 ml

1034 1229 1169 1262 νεουργεῖ,
1184 1227 1221 1262 τῷ
1238 1228 1306 1262 πυρὶ
1319 1227 1367 1253 τοῦ
1382 1227 1543 1262 Πνεύματος
1554 1227 1706 1262 χρώμενος,
1720 1225 1764 1254 οἷα
1774 1227 1825 1263 δη-

1035 1274 1177 1309 μιουργὸς,
1190 1275 1204 1300 ὁ
1219 1273 1359 1308 Δεσπότης
1373 1282 1380 1289 ·
1395 1274 1523 1308 καθάπερ
1539 1274 1592 1301 τινὶ
1617 1275 1670 1310 πόᾳ
1690 1274 1728 1310 τῷ
1746 1273 1825 1302 ὕδατι

1033 1322 1081 1348 τοῦ
1096 1320 1286 1356 βαπτίσματος
1301 1320 1347 1358 τὸν
1363 1320 1414 1355 τῆς
1430 1321 1568 1356 ἁμαρτίας
1592 1321 1677 1355 ῥύπον
1698 1322 1825 1356 ἀποσμή-

1033 1377 1085 1403 χει,
1098 1368 1147 1394 καὶ
1159 1367 1197 1402 τῷ
1216 1367 1283 1402 πυρὶ
1299 1367 1345 1394 τοῦ
1359 1367 1516 1402 Πνεύματος
1530 1367 1578 1394 τοῦ
1591 1368 1694 1400 ταύτης
1716 1368 1756 1394 lati
1773 1368 1823 1399 τὰς

1033 1412 1171 1447 ἡμετέρας
1197 1411 1336 1446 ἐλευθεροῖ
1350 1411 1449 1447 ψυχάς.
1469 1412 1538 1438 Μεθ’
1553 1414 1586 1447 ἠν
1602 1414 1659 1444 τοῖς
1681 1413 1719 1448 μὴ
1733 1413 1822 1447 φυλά-

1034 1458 1094 1490 ξασι
1129 1459 1170 1489 είς
1197 1457 1274 1490 τέλος
1304 1459 1353 1494 τὴν
1380 1457 1471 1494 ψυχὴν
1502 1459 1670 1493 ἀκηλίδωτον
1705 1460 1823 1495 φοϐερὸς

1033 1504 1181 1539 ὀφθήσεται
1199 1505 1247 1532 καλ¹
1269 1505 1458 1540 ἀπαραίτητος
1473 1505 1621 1540 κολαστὴς,
1638 1506 1668 1531 τὸ
1691 1506 1822 1541 δεύτερον

191 1558 223 1591 τῆ
230 1564 275 1591 ρος
289 1554 433 1591 βουληθεὶς
446 1551 600 1587 παρουσίαν
612 1550 728 1583 διδάξαι,
742 1550 788 1577 καὶ
801 1549 839 1581 ὡς
852 1549 912 1585 ἣξει
929 1549 980 1584 τῆς
994 1557 1015 1587 α
1033 1550 1111 1582 αὖθις
1125 1549 1256 1577 ἐπανιών.
1277 1550 1332 1576 Καὶ
1356 1550 1425 1585 μετά
1440 1559 1503 1577 τινα
1526 1551 1575 1585 τῆς
1592 1551 1721 1586 δευτέρας
1740 1552 1822 1578 πάλιν

190 1603 299 1633 δικαίας
327 1600 537 1630 ἀνταποδόσεως
559 1600 573 1625 ὁ
597 1598 704 1633 καιρὸς,
719 1596 828 1632 πρῶτος
853 1596 902 1631 μὲν
929 1595 980 1631 τὴν
1032 1592 1183 1628 ἐπιδημίας
1212 1593 1439 1629 ὑπομιμνήσκει·
1466 1604 1475 1620 ι
1503 1594 1570 1621 Ἰδοὺ
1594 1595 1649 1629 ἐγὼ
1674 1597 1820 1622 ἀποστελῶ

189 1659 440 1696 spcclanlibusqlle,
453 1658 479 1684 in
492 1656 577 1684 ccelos
586 1659 731 1690 susceptus
742 1658 794 1687 est,
804 1653 895 1689 ibique
906 1660 980 1681 nunc
1024 1651 1212 1686 .posteriorem
1225 1651 1457 1684 commemoratis,
1474 1654 1517 1679 cui
1533 1653 1646 1680 omnino
1662 1662 1818 1688 prtecursu-

189 1706 298 1735 assidet
312 1705 369 1732 Deo
386 1703 470 1734 Patri,
489 1710 551 1730 cum
562 1702 658 1729 eodem
681 1701 715 1728 ab
738 1701 868 1728 universo
882 1703 980 1728 sancto
1031 1705 1078 1726 rus
1094 1703 1135 1726 est
1146 1698 1291 1726 Thesbites
1311 1698 1391 1726 Elias.
1403 1698 1512 1726 Atenim
1536 1702 1678 1728 audiamus
1689 1701 1745 1736 ipsa
1757 1710 1821 1729 ora-

189 1753 341 1782 cmlestittm
364 1751 449 1778 choro
469 1750 611 1776 adoratus.
628 1757 637 1774 ι

224 1798 275 1831 Qui
290 1797 353 1824 huic
364 1793 543 1830 disputationi
559 1793 692 1820 intererat
716 1791 861 1819 hlatlltmus
884 1792 978 1819 hiero-

1031 1745 1102 1772 cula.
1119 1744 1235 1772 Divittus
1258 1745 1407 1773 Malachias
1426 1746 1459 1773 de
1474 1746 1616 1774 Saliiatore
1638 1747 1757 1775 alluturu
1768 1757 1820 1776 nos

1030 1791 1129 1819 docere
1142 1792 1248 1824 volens,
1261 1795 1287 1819 et
1302 1791 1382 1826 quale
1398 1791 1520 1819 futurutn
1538 1794 1574 1820 sit
1605 1798 1714 1828 tempus
1734 1795 1816 1829 justaa

188 1844 340 1872 monachus
356 1846 382 1869 et
395 1847 510 1875 magnus
527 1838 757 1874 protosyncellus,
782 1839 860 1874 jussu
891 1837 978 1871 itnpe-
1029 1837 1278 1872 compensationis.
1297 1837 1416 1871 primum
1429 1837 1539 1872 quidem
1556 1838 1675 1873 priorem
1699 1841 1818 1876 aiicnjus

189 1892 288 1920 ratoris
300 1892 357 1918 haec
373 1889 439 1916 dixit
454 1888 660 1923 responditque.
670 1886 846 1920 Interrogans
861 1884 976 1912 chus;

191 1949 201 1966 ο
221 1939 286 1969 Vos,
304 1937 404 1972 inquit,
414 1934 605 1969 Messiamjam
616 1933 721 1961 venisse
732 1932 875 1965 dictitatis,
889 1930 977 1958 Thes-

187 1986 263 2014 biten
275 1991 328 2011 non
350 1982 457 2009 venisse
468 1980 617 2008 secundum
634 1987 716 2007 voces
729 1979 923 2014 prophetarum
936 1978 947 2004 l
962 1987 972 2004 ›

189 2029 341 2065 Respondit
354 2027 514 2054 Mattltmus:
531 2035 540 2051 ι
555 2025 636 2056 Audi,
650 2023 737 2055 Xene,
747 2029 774 2051 et
788 2024 907 2051 adverte.
922 2023 974 2050 Dn.

187 2075 285 2114 plicetn
300 2076 445 2103 adventum
475 2072 578 2100 Christi
609 2073 749 2106 propheta:
775 2072 972 2106 praenuntiant,

187 2131 260 2155 eum,
273 2123 318 2158 qui
331 2123 386 2157 jatn
404 2120 543 2156 praeteriit,
558 2124 583 2146 et
599 2119 645 2154 qui
662 2119 689 2145 in
703 2118 755 2145 fitte
772 2125 863 2144 rerum
896 2117 972 2144 futu-

1031 1883 1179 1910 advenluut
1195 1883 1362 1910 vaticinatur
1375 1883 1577 1919 significatque,
1595 1885 1641 1920 qui
1655 1889 1816 1921 ptanursoti

1026 1929 1124 1957 Jonttni
1143 1930 1268 1965 baptista:
1282 1937 1462 1958 successurus
1476 1931 1511 1957 sit
1528 1939 1535 1958 :
1554 1941 1562 1957 ι
1582 1932 1649 1960 Ecce
1673 1933 1758 1966 enim,
1776 1934 1817 1961 in-

1027 1976 1096 2011 quit,
1111 1974 1236 2010 angelttttt
1248 1983 1337 2003 meum
1352 1981 1415 2003 ante
1432 1977 1529 2003 facient
1545 1982 1620 2004 luant
1634 1980 1757 2011 "mittam,
1769 1981 1814 2015 qui

1027 2024 1098 2050 viam
1116 2023 1165 2050 tibi
1182 2027 1286 2050 sternet
1314 2023 1504 2057 spectabitqne
1535 2031 1593 2050 natu
1624 2033 1686 2052 ante
1717 2024 1814 2054 facient

1027 2074 1100 2096 tuam
1113 2074 1157 2101 ;el
1165 2069 1259 2097 statim
1271 2070 1360 2096 veniet
1372 2069 1404 2096 ad
1414 2069 1544 2104 templum
1553 2078 1631 2097 suum
1643 2071 1786 2099 Dominus.
1803 2083 1811 2098 ι

1025 2115 1156 2143 Omnibus
1169 2116 1241 2142 enim
1259 2115 1357 2142 nesciis
1374 2119 1469 2150 partus
1487 2116 1617 2143 salutaris
1644 2116 1733 2145 factus
1760 2125 1812 2146 est.
1837 2143 1841 2147 .

189 2179 235 2199 rus
251 2174 292 2197 est
306 2175 313 2199 ι
326 2172 352 2195 et
369 2167 451 2194 uttius
466 2165 587 2201 quidctn,
604 2164 716 2191 Secundi
734 2171 840 2198 nempe,
855 2170 973 2198 pra-cur-
1024 2163 1159 2190 Nimirum
1179 2162 1309 2196 templum
1323 2166 1450 2188 naturam
1480 2161 1628 2190 humanam
1656 2165 1812 2199 appellavit,

189 2223 279 2245 sorem
296 2214 381 2242 l‘lliatn
400 2212 458 2239 fore
469 2215 581 2245 canunt,
605 2210 676 2237 sicut
692 2209 802 2236 alterius
819 2216 972 2243 pratum-sor

188 2264 307 2292 Joannes
326 2260 386 2292 fuit,
397 2266 476 2294 quem
487 2257 636 2284 Mttlacltias
646 2258 775 2291 propheta
788 2255 912 2290 angelum
924 2263 970 2280 ttu-

188 2308 300 2338 minavit
318 2313 391 2340 ;non
408 2304 508 2336 solum,
527 2303 590 2338 quia
606 2303 724 2337 priorem
742 2301 848 2328 Domini
869 2300 971 2326 adven-

186 2361 244 2385 tum
264 2351 318 2390 iam
333 2353 454 2379 vicinum
476 2349 619 2381 indicavit,
633 2349 679 2376 sed
696 2350 788 2381 etiam,
813 2347 877 2382 quia
909 2346 969 2372 vita:

185 2402 340 2431 institutum
358 2401 480 2426 sectatus
495 2401 548 2428 est,
571 2395 643 2430 quod
667 2402 729 2422 cum
760 2393 884 2428 angelica
916 2393 968 2418 vita

184 2446 381 2486 propemodum
396 2440 523 2472 certaret.
538 2442 626 2477 Atque
639 2441 712 2468 hunc
724 2447 834 2475 quoque
843 2438 969 2486 Christus

185 2485 273 2523 Etiam
289 2490 444 2528 appellavit,
461 2497 516 2516 non
533 2488 604 2522 quod
618 2486 691 2515 Elias
708 2491 792 2518 essu,
819 2485 866 2512 sed
895 2485 968 2520 quod

183 2541 280 2570 eodem
300 2537 455 2566 ministerio
487 2534 662 2570 fungebatur,
694 2540 749 2568 quo
777 2532 967 2567 illcfungetur.

184 2588 261 2616 Sicut
278 2585 350 2613 enim
366 2583 435 2610 alter
457 2581 605 2608 adventum
635 2579 788 2606 secundum
814 2578 966 2610 antecedet,

183 2633 225 2662 sic
243 2631 310 2659 alter
326 2629 446 2664 priorem
461 2625 620 2653 antecessit.
636 2624 692 2651 Nec
708 2624 743 2651 ob
770 2631 851 2650 unam
885 2623 965 2650 istam

183 2684 294 2707 causam
308 2675 345 2702 ita
359 2681 421 2701 eum
439 2671 594 2710 appellavit,
609 2670 655 2698 sed
674 2670 768 2702 etiam,
792 2670 856 2705 quia
885 2670 966 2696 vitam

183 2724 289 2753 colebat
301 2710 374 2750 illius
384 2721 446 2748 vitae
460 2725 574 2755 prorsus
584 2718 713 2745 similem.
725 2717 869 2752 Prophetze
884 2717 966 2752 igitur

184 2774 332 2804 utrumque
348 2756 496 2794 adventum
513 2769 668 2792 memorant
680 2768 706 2791 et
726 2763 871 2800 utriusque
895 2772 966 2799 prae.

183 2815 273 2844 dicunt
290 2818 488 2848 praecursorem
505 2819 512 2843 ;
530 2814 558 2837 at
570 2817 617 2837 vos
636 2810 754 2844 priorem
780 2811 891 2845 quidem
916 2811 964 2837 ad-

183 2865 294 2888 ventum
312 2857 436 2892 nequiter
450 2857 561 2883 silentfo
577 2855 733 2890 praeteritis,
751 2855 886 2890 siquidem
901 2863 963 2883 sen-

184 2912 244 2933 sum
259 2903 409 2932 Scrioturae
423 2902 494 2930 haud
508 2901 590 2929 dubie
605 2902 785 2937 asscqttimini
799 2911 805 2936 ;
821 2910 852 2931 ac
874 2902 962 2931 solum

1025 2217 1105 2244 quam
1121 2209 1191 2235 Deus
1202 2207 1321 2235 Verbunt
1332 2209 1460 2242 suscepit.
1475 2208 1542 2235 Cum
1559 2210 1650 2242 priore
1664 2215 1753 2238 autem
1764 2213 1814 2239 ad-

1027 2259 1107 2281 ventu
1123 2254 1205 2280 etiam
1221 2252 1371 2280 secundum
1382 2253 1523 2280 describit.
1541 2263 1550 2279 ι
1565 2254 1634 2283 Ecce
1643 2257 1815 2284 venitDomi-

1026 2308 1078 2327 nus
1104 2300 1279 2334 multipotens
1308 2307 1314 2325 :
1332 2300 1394 2333 quis
1417 2299 1565 2327 'sustinebit
1585 2298 1656 2328 diem
1672 2302 1812 2336 ingressus

1022 2346 1092 2380 t-jns,
1109 2351 1156 2372 aut
1172 2345 1234 2380 quis
1249 2344 1367 2379 prodibit
1383 2345 1409 2371 in
1427 2344 1487 2379 ejus
1507 2351 1685 2381 conspectum
1699 2348 1711 2374 ἲ
1732 2349 1812 2376 inex-

1022 2391 1136 2418 orabilis
1147 2391 1231 2425 judex
1247 2390 1351 2416 sedebit
1366 2389 1520 2424 referetque
1535 2392 1635 2426 cuique
1659 2395 1809 2421 secundum

1021 2437 1081 2471 ejus
1096 2443 1189 2471 opera.
1211 2444 1220 2460 ι
1238 2433 1340 2461 Deinde
1357 2433 1384 2461 in
1402 2435 1485 2469 priori
1503 2444 1600 2464 rursus
1609 2438 1725 2465 adventu
1737 2441 1811 2467 abeo

1021 2484 1092 2510 facta
1108 2482 1186 2509 docet
1202 2490 1209 2508 :
1229 2491 1237 2507 ι
1255 2480 1346 2514 Quare
1363 2482 1421 2516 ipse
1437 2482 1527 2509 veniet
1548 2488 1577 2509 ut
1591 2483 1662 2518 ignis
1690 2484 1810 2514 fornacis

1020 2535 1047 2557 et
1069 2529 1142 2556 sicut
1164 2527 1247 2555 herba
1272 2527 1417 2560 fullonum,
1444 2535 1475 2554 ac
1503 2528 1609 2555 ερὼιὺὶι
1632 2529 1756 2558 conﬂatis
1784 2529 1810 2558 et

1019 2583 1141 2612 purgans
1159 2579 1302 2610 argentum
1318 2579 1346 2601 et
1361 2582 1471 2601 aurum.
1490 2584 1499 2599 ι
1521 2575 1624 2607 Quibus
1643 2577 1734 2604 verbis
1746 2584 1810 2611 pr0~

1019 2623 1098 2658 pheta
1115 2621 1303 2657 purgationem
1323 2628 1369 2655 per
1385 2619 1517 2655 Spiritum
1540 2626 1665 2648 sanctum
1689 2622 1807 2650 futuram

1017 2668 1165 2703 significat,
1182 2675 1263 2703 quam
1278 2666 1397 2694 Verbum
1413 2672 1527 2701 utraque
1543 2673 1640 2695 natura
1664 2668 1807 2696 nobiscum

1017 2719 1154 2741 versatum
1168 2714 1248 2740 nobis
1263 2712 1423 2746 impertivit.
1447 2712 1535 2747 Hujus
1547 2713 1619 2740 enim
1634 2721 1717 2748 opera
1729 2722 1808 2742 acce-

1016 2761 1112 2788 dentes
1123 2759 1156 2787 ad
1173 2767 1203 2787 se
1221 2759 1336 2794 mystice
1350 2759 1449 2786 conflat
1464 2767 1496 2786 ac
1520 2764 1632 2787 renovat
1660 2760 1804 2794 Dominus,

1016 2811 1078 2845 igne
1092 2809 1221 2844 Spiritus,
1233 2813 1361 2843 tanquam
1372 2807 1470 2834 artifex
1483 2807 1630 2842 quispiam,
1646 2815 1723 2840 usus;
1735 2816 1804 2844 aqua

1017 2855 1325 2892 baptismatistanquam
1339 2854 1422 2881 herba
1432 2855 1549 2888 quadam
1568 2854 1663 2881 sordes
1676 2861 1804 2888 peccato-

1015 2910 1074 2931 rum
1086 2903 1255 2936 abstergens,
1273 2906 1354 2934 atque
1371 2901 1432 2933 igne
1460 2900 1574 2933 spiritus
1607 2908 1702 2927 eorum
1734 2908 1803 2928 uuas
