1931 3079
174 111 238 144 *811

803 109 964 140 GEORGII
986 110 1197 141 ΡΗΒΑΝΤΖΕ

1757 115 1814 149 812

189 169 236 196 καὶ
252 167 499 202 δυσπόρισταὴμῖν
513 166 560 193 καὶ
574 167 646 193 πάνυ
661 165 823 200 ὲπιθυμητὰ
834 166 971 201 ἀρώματα
988 173 1009 201 Α
1024 165 1047 191 οἳ
1066 166 1112 192 καὶ
1130 167 1265 202 ἀγεληδιν
1279 168 1463 203 πορευόμενοι
1479 169 1636 204 βόσκονται.
1661 171 1815 206 Διατρίψας

187 214 236 241 καὶ
251 215 266 241 ό
281 213 426 248 μαγνήτης
451 212 536 243 λίοος.
553 212 659 243 Οἵτινες
688 211 784 246 ἄνδρες
801 211 879 242 ἔθνος
903 211 973 238 είσὶν

189 260 302 291 εὐσεϐὲς
319 259 367 286 καὶ
382 259 450 290 ζῶσι
466 257 540 293 ζωὴν
559 258 704 292 ἀκτήμονα
717 257 765 285 καὶ
780 257 825 283 τὸν
848 256 916 282 Θεὸν
933 257 975 282 δο-

191 307 332 340 ξάζουσιν.
353 305 400 332 Ἐκ
415 305 471 332 τῶν
483 305 589 331 ἐκεῖθεν
602 305 648 331 καὶ
662 304 676 330 ὁ
701 303 824 338 ποταμὺς
840 305 854 330 ὁ
877 303 974 333 Νεῖλος

190 355 278 390 ἀρχὴν
290 353 436 388 λαμϐάνει·
450 353 463 378 ὁ
476 352 504 378 δὲ
519 351 620 386 τρόπος
637 351 704 377 ὅπου
717 351 732 377 ὁ
747 350 877 384 παταμὺς
893 349 973 380 οὗτος

190 403 229 436 τῷ
252 400 356 435 Ἰουλίῳ
384 400 433 426 καὶ
451 398 601 433 Αὐγούστῳ
630 398 697 432 μηνὶ
727 397 901 432 πλημμυρεῖ,
927 395 975 422 καὶ

192 448 253 482 οὐχὶ
276 447 365 482 ἑτέρῳ
380 445 468 481 καιρῷ
489 445 526 476 ὼς
543 445 567 471 oi
585 444 662 471 ἄλλοι
684 444 816 478 ποταμοὶ,
847 442 974 475 λέγουσιν

191 493 263 520 εἶναι
278 493 365 524 οὕτως
376 499 384 508 ⁸
396 493 437 519 ὅτι
452 491 477 518 ei
491 491 539 518 δύο
554 491 633 518 αὐτοὶ
649 491 733 525 μῆνες
748 490 776 516 ἐν
790 489 906 520 ἐκείνοις
918 489 974 519 τοῖς

193 541 306 576 μέρεσιν
323 539 478 573 ὑπάρχουσι
502 537 666 572 ψυχρότεροι
684 536 740 563 τῶν
754 536 842 563 ἄλλων
869 535 973 571 μηνῶν,

191 587 284 613 διότιὸ
300 586 376 620 ἥλιος
390 584 507 618 ὑπάρχει
530 583 598 618 πρὸς
618 584 694 618 ἡμᾶς
722 584 769 610 καὶ
793 583 861 617 πρὸς
884 583 914 609 τὺ
929 582 974 618 βό-

193 641 277 668 ρειον.
301 632 455 667 ’Υψώνεται
465 630 510 657 διὰ
524 630 605 657 τοῦτο
616 631 678 656 τότε
694 629 844 665 μεσοῦντος
859 629 908 656 τοῦ
932 629 975 656 θέ-

193 687 269 714 ρους,
286 679 336 713 τὴν
353 677 493 711 Αἴγυπτον
511 677 667 709 ἐπικλύζει,
692 676 728 708 ὥς
755 675 804 702 τοῦ
819 676 895 710 ἡλίου
925 675 975 710 τὴν

192 725 368 761 βορειοτέραν
378 723 535 755 διαθέοντος
548 722 630 758 209
646 722 737 757 ζώνην
752 723 799 749 καὶ
813 723 871 754 τοῖς
884 722 975 753 ἄλλοις

194 771 427 807 παρενοχλοῦντος
455 771 601 804 ποταμοῖς.
624 770 761 804 Ἐπέρασε
790 770 818 795 δὲ
845 768 892 795 καί
915 777 976 794 τινα

192 819 274 845 ἄλλον
291 817 415 851 ποταμὸν
433 816 505 842 πάνυ
525 814 708 846 ἐπικίνδυνον,
735 815 777 840 ἵνα
804 814 900 850 ὑπάγῃ
921 814 975 840 αὑ-

192 864 250 891 τόθι
269 864 307 894 εἰς
328 846 392 894 τους
417 861 605 896 Μακροϐίους,
630 860 675 887 διά
698 869 724 887 τι
752 860 822 892 ζῶον
843 846 976 894 spetam
993 846 1015 876 Β

195 911 266 944 μέγα
278 909 392 944 σφόδρα.
404 908 418 934 ὃ
433 908 557 934 κατοικεῖ
572 908 602 934 ἐν
613 907 719 933 ἐκείνου
734 906 781 932 τοῦ
795 906 920 940 ποταμοῦ
936 905 975 940 τῷ

193 955 279 987 ὕδατι,
294 952 462 987 καλούμενον
477 953 510 986 τῇ
536 951 648 977 ἐκείνων
677 951 811 985 διαλέκτῳ
835 949 975 976 ὀδοντοτὺ-

194 1007 304 1034 ραννον,
322 996 379 1024 οἷον
404 998 451 1024 καὶ
476 997 612 1030 ἐλέφαντα
640 997 786 1023 καταπιεῖν
814 996 973 1031 ὁλόκληρον.

193 1046 375 1081 Εὑρίσκονται
393 1044 421 1071 δὲ
435 1044 464 1069 ἐν
478 1043 595 1074 ἐκείνοις
613 1044 671 1073 τοῖς
686 1043 803 1078 ἐρήμοις
819 1042 913 1073 τόποις
928 1043 976 1069 καὶ

192 1093 275 1126 ἕτερα
293 1091 379 1117 πολλὰ
409 1090 590 1126 φοϐερώτατα
607 1089 664 1121 ζῶα
683 1089 731 1115 καὶ
762 1088 855 1123 Οηρία,
883 1088 913 1120 ἐξ
938 1084 976 1114 ὧν

194 1140 249 1165 εἰσὶ
263 1138 410 1172 δράκοντες
427 1136 552 1162 πλεῖστοι
563 1135 610 1161 καὶ
624 1135 751 1169 μέγιστοι
778 1135 884 1169 σφόδρα
909 1134 976 1160 ὡσεὶ

194 1183 289 1219 πηχῶν
302 1182 504 1218 ἑϐδομήκοντα,
526 1181 557 1207 τδ
584 1181 612 1207 δὲ
625 1180 742 1213 μέγεθος
771 1180 818 1206 καὶ
843 1180 873 1206 τὸ
889 1180 976 1214 πάχος

194 1229 322 1256 πολὺκαὶ
335 1227 569 1263 φρικωδέστατον,
602 1226 730 1261 σκορπίοι
760 1225 809 1260 μὲν
834 1226 974 1260 πηχυαῖοι,

193 1277 217 1302 εί
230 1276 257 1302 δὲ
271 1275 417 1310 μύρμηκες
436 1274 609 1308 σπιθαμιαίοι
627 1274 674 1299 καὶ
706 1273 798 1303 πλέον,
817 1271 976 1306 νυκτερίδες

192 1323 221 1348 δέ
233 1322 269 1352 ὡς
286 1321 408 1354 κάρακες
420 1320 534 1354 θερινοὶ,
555 1321 632 1354 μυῖαι
651 1320 680 1346 δὲ
696 1320 763 1346 ὡσεὶ
785 1318 918 1353 στρουθία
943 1319 976 1344 τὰ

195 1367 241 1394 irit
254 1366 391 1401 δώματος.
404 1367 454 1392 Διὰ
471 1366 552 1392 τοῦτο
568 1367 614 1392 καὶ
642 1366 741 1392 ὲκεῖνοι
759 1366 783 1392 oi.
805 1367 884 1392 τόποι
908 1366 976 1390 είσέν

194 1414 330 1447 ὰοίκητοι,
346 1412 390 1439 διὰ
401 1412 444 1438 ’τὰ
460 1411 566 1446 φοϐερὰ
583 1411 666 1446 θηρία
680 1412 730 1438 καὶ
749 1410 931 1446 φαρμακώδη.
944 1411 976 1436 Ol

195 1461 344 1494 ἐλέφαντες
355 1459 382 1485 δὲ
397 1458 459 1485 κατ’
477 1458 587 1492 ἐκείνην
606 1458 656 1494 τὴν
670 1458 763 1493 χώραν
788 1458 841 1484 είσὶ
858 1458 888 1484 τὸ
909 1458 978 1492 πλῆ-

1027 212 1054 238 es
1081 210 1159 244 οὗτος
1176 214 1204 240 ἐν
1220 215 1314 250 ἐκείνῃ
1329 216 1362 250 τῇ
1392 214 1470 251 χώρᾳ
1501 215 1590 250 καιρῷ
1609 217 1666 243 τινὶ
1688 217 1736 243 καὶ
1764 219 1816 251 τὴν

1026 258 1167 285 διάλεκτον
1192 259 1242 285 τοῦ
1260 259 1344 285 τόπου
1378 259 1487 286 ἐκείνου
1511 260 1602 292 καλῶς
1626 261 1741 296 ἔμαθεν,
1767 263 1816 288 καὶ

1026 303 1183 338 ἐνεθυμήθη
1199 304 1242 330 ἵνα
1259 304 1288 330 ὲν
1305 306 1338 339 τῇ
1366 305 1478 340 πατρίδι
1504 305 1653 342 ἐπανέλθῃ.
1686 307 1741 334 Καί
1758 316 1816 334 τινι

1025 350 1079 375 τῶν
1097 350 1231 376 ἐντοπίων
1243 351 1292 385 τὴν
1305 349 1422 386 γνώμην
1437 351 1523 378 αὐτοῦ
1538 352 1635 385 είπὼν,
1658 353 1816 387 παρέλαϐεν

1026 396 1108 423 αὐτὸν
1124 397 1170 423 καὶ
1186 397 1291 431 ἤγαγεν
1305 397 1335 422 ὲν
1351 397 1426 432 τόπῳ
1442 398 1497 424 τινὶ
1509 397 1575 424 ἔνθα
1593 399 1626 425 ἐκ
1638 398 1693 424 τῶν
1711 399 1816 431 ἔξωθεν

1032 442 1123 469 Ἰνδῶν
1138 442 1240 469 ἀκάτια
1253 443 1393 478 ἐρχόμενα
1405 443 1454 469 καὶ
1469 443 1569 478 φόρτον
1588 445 1720 471 ποιοῦντα
1738 446 1814 480 ἀρω-

1028 489 1122 523 μάτων
1134 486 1179 524 ἦν.
1192 489 1247 515 Καὶ
1259 489 1346 522 ἐμϐὰς
1361 490 1376 516 ό
1389 489 1472 524 210
1490 490 1657 525 Ἐφραιμνὲν
1686 492 1727 517 ἐνὶ
1754 492 1812 518 τῶν

1026 535 1150 562 ἀκατίων
1162 536 1209 562 καὶ
1232 535 1317 562 ἐλθὼν
1330 533 1394 570 εὗρε
1421 537 1474 570 νῆα
1503 536 1685 572 παμμέγεθον
1707 538 1815 572 Ἰϐηρι-

1026 580 1088 614 κὴν,
1119 581 1166 606 καὶ
1195 580 1316 611 πλεύσας
1344 580 1379 606 δι’
1406 580 1493 615 αὐτῆς
1518 579 1600 615 ἦλθεν
1621 583 1662 613 είς
1687 581 1814 616 Ἰϐηρίαν

1026 626 1086 661 ἢτοι
1106 626 1250 653 Ἱσπανίαν
1273 626 1346 653 κατὰ
1373 627 1424 661 τὴν
1447 621 1665 661 Πορτογαλλίαν,
1681 626 1814 654 κάκεῖθεν

1026 673 1060 700 δι’
1079 673 1162 708 ἄλλης
1179 673 1245 708 νηὸς
1267 672 1389 705 πλεύσας
1413 674 1484 700 κατὰ
1499 675 1546 705 τὰς
1564 673 1752 708 Βρεταννικὰς
1766 673 1815 708 νή-

1028 727 1092 750 σους
1116 719 1163 745 καὶ
1181 719 1296 754 πλησίον
1324 717 1480 753 Γερμανίας
1497 719 1635 754 ἐπέρασεν
1647 719 1676 745 ὲν
1690 720 1723 755 τῇ
1740 718 1815 753 Ἴδην

1027 765 1075 800 pta
1093 765 1158 791 ἔνθα
1175 763 1253 798 κάγὼ
1274 763 1391 798 ἔφθασα,
1410 764 1460 790 καὶ
1484 763 1571 795 οὕτως
1583 763 1670 792 ταῦτά
1690 763 1816 798 μοιέξη-

1028 812 1142 847 γήσατο.

1071 856 1206 892 Ἀπῆλθον
1220 855 1268 884 οὖν
1290 857 1346 890 ἐγὼ
1367 857 1395 885 ἐν
1418 857 1515 892 ἐκείνῳ
1533 856 1571 891 τῷ
1588 856 1665 891 τόπῳ
1680 855 1725 882 διὰ
1744 864 1816 890 συμ-

1027 903 1185 938 πενθερίαν,
1200 903 1267 929 ὅπου
1285 903 1306 929 δ’
1328 902 1383 938 ἄρα
1407 910 1453 938 μοι
1476 902 1629 936 φανήσεται
1647 902 1680 928 ἐκ
1697 901 1752 927 τῶν
1766 900 1815 927 δύο

1027 949 1124 984 γενῶν.
1143 949 1216 976 Ἔδει
1230 946 1277 975 οὖν
1293 949 1337 975 ἵνα
1356 949 1424 983 μετὰ
1447 948 1624 983 γράμματος,
1637 948 1681 974 διὰ
1693 948 1724 974 τὸ
1735 947 1816 974 ἀναί-

1027 996 1083 1022 τιόν
1103 1004 1154 1030 μου
1171 995 1263 1026 πλέον,
1280 994 1394 1029 δηλώσω
1421 994 1459 1029 τῷ
1484 993 1591 1029 βασιλεί
1613 994 1648 1020 τὰ
1666 993 1738 1020 καλὰ
1757 994 1815 1027 ἀμ-

1028 1043 1152 1076 φοτέρων
1167 1041 1221 1068 τῶν
1238 1041 1340 1076 μερῶν,
1357 1042 1405 1067 καὶ
1424 1042 1438 1067 ό
1455 1040 1590 1075 αὐθέντης
1613 1048 1664 1075 μου
1682 1040 1815 1073 ἀπελογί-

1029 1095 1104 1114 σατο.
1119 1087 1173 1112 Καὶ
1191 1086 1332 1121 ἐρχόμενοι
1351 1086 1417 1120 περὶ
1439 1085 1488 1120 τὴν
1508 1085 1622 1119 ’Δμισὺν
1639 1085 1816 1119 ἐναυάγησα.

1033 1133 1140 1159 Ἐκεῖσε
1156 1131 1313 1166 προσδοκῶν
1336 1131 1391 1164 ἐγὼ
1407 1131 1460 1164 τὴν
1476 1130 1624 1164 ἀπολογίαν
1641 1130 1768 1165 διέτριψα
1784 1131 1816 1156 ὲν

1028 1180 1142 1208 ἐκείνοις
1158 1179 1214 1209 τοῖς
1229 1178 1341 1212 μέρεσιν
1356 1177 1403 1211 ἔτη
1415 1177 1461 1203 δύο
1473 1176 1521 1203 καὶ
1533 1177 1639 1212 ἡμέρας
1650 1176 1815 1210 τριάκοντα.

1033 1223 1077 1249 Ἐν
1090 1223 1158 1257 τῷδε
1172 1222 1211 1256 τῷ
1225 1221 1314 1256 καιρῷ
1328 1223 1360 1256 τῇ
1379 1223 1422 1255 κγ’
1442 1221 1489 1247 τοῦ
1508 1221 1630 1255 Μαρτίου
1655 1221 1741 1256 μηνὸς
1765 1221 1815 1248 τοῦ

1027 1268 1111 1295 αὑτοῦ
1128 1269 1204 1299 ἔτους
1218 1267 1352 1301 τέθνηκεν
1367 1267 1395 1293 ὲν
1415 1267 1538 1302 μακαρία
1554 1267 1586 1302 τῇ
1607 1266 1682 1301 λήξει
1695 1268 1713 1302 ἡ
1729 1267 1816 1294 ἀοίδι-

1030 1324 1078 1349 μος
1095 1315 1223 1342 δέσποινα
1237 1314 1343 1349 Εἰρήνη
1356 1314 1372 1348 ὴ
1390 1313 1433 1339 διὰ
1448 1313 1495 1339 τοῦ
1513 1313 1586 1339 θείου
1602 1313 1648 1340 καὶ
1662 1313 1817 1346 ἀγγελικοῦ

1028 1362 1166 1396 σχήματος
1193 1360 1426 1395 μετονομασθείσα
1455 1358 1596 1394 Ύπομονὴ
1617 1359 1721 1393 μοναχή
1736 1366 1743 1373 ·
1767 1359 1818 1384 καὶ

1027 1408 1116 1441 ἐτάφη
1130 1408 1169 1438 εἰς
1183 1400 1231 1441 τὴν
1257 1406 1341 1441 μονὴν
1360 1406 1408 1432 τοῦ
1434 1405 1671 1440 Παντοκράτορος,
1696 1404 1817 1439 πλησίον

1028 1454 1074 1479 το)
1092 1454 1243 1488 μακαρίτου
1259 1453 1305 1479 καὶ
1331 1452 1455 1487 ἀοιδίμου
1481 1452 1612 1487 βασιλέως
1627 1450 1676 1478 τοῦ
1693 1450 1819 1484 συζύγου

196 1504 242 1536 θος
257 1503 353 1538 ὥσπερ
365 1502 427 1529 καθ’
439 1502 512 1537 ἡμᾶς
530 1502 555 1528 oi
570 1501 632 1537 βόες
648 1502 696 1528 καὶ
709 1501 806 1536 ἀγέλαι
820 1502 975 1536 προϐάτων,
992 1520 1012 1549 c
1030 1499 1126 1533 αὐτῆς.
1141 1500 1196 1526 Καὶ
1210 1499 1250 1533 τῷ
1271 1498 1448 1534 Φεϐρουαρίῳ
1468 1499 1534 1534 μηνὶ
1557 1498 1603 1525 τοῦ
1617 1518 1624 1530 ,
1634 1498 1718 1532 gave’
1738 1497 1819 1530 ἔτους

395 1566 402 1578 \

198 1593 318 1624 ritatem,
331 1596 443 1627 propter
459 1598 540 1626 quam
553 1590 607 1618 illis
619 1591 645 1618 in
661 1590 819 1625 regionibus
831 1597 879 1625 per
890 1594 977 1617 totum

198 1645 300 1666 annum
311 1645 364 1664 non
377 1637 507 1665 deﬁciunt
521 1636 611 1664 omnis
624 1635 733 1671 generis
745 1635 849 1669 fruges,
861 1643 977 1670 quarum

197 1684 258 1712 alia:
278 1683 387 1715 ﬂorent,
416 1682 476 1710 alia
492 1682 585 1710 crudae
610 1687 685 1714 sunt,
713 1682 772 1708 alia:
787 1682 843 1716 jam
866 1686 979 1708 matura:

197 1730 372 1764 colliguntur.
386 1728 488 1755 ibidem
501 1728 668 1763 proveniunt
685 1735 791 1762 magna:
808 1735 891 1754 nuces
907 1726 979 1753 ludi-

197 1784 245 1810 (ιω,
261 1780 288 1803 ct
300 1779 422 1803 aromata
438 1775 518 1802 nobis
531 1782 606 1810 paene
619 1778 716 1810 negata
728 1774 774 1801 sed
792 1773 976 1809 optatissima,

197 1829 224 1853 et
242 1818 353 1858 magnes
369 1822 449 1857 lapis.
475 1821 549 1849 Gens
576 1827 606 1848 ea
635 1821 679 1855 pia
707 1826 749 1847 est
763 1821 902 1854 vitamque
925 1821 980 1854 agit

199 1870 365 1896 moderatam
385 1872 413 1895 et
432 1867 516 1894 Deum
541 1867 619 1894 colit.
635 1867 672 1893 Ex
698 1867 791 1893 eadem
811 1866 920 1899 regione
933 1866 980 1892 Ni-

198 1916 242 1942 lus
258 1915 391 1948 originem
413 1913 498 1947 capit,
522 1919 699 1944 causamque.
716 1915 829 1946 prepter
848 1919 929 1946 quam
956 1913 980 1939 is

198 1961 298 1988 ﬂuvius
316 1959 390 1987 Julio
414 1963 441 1986 et
455 1959 579 1993 Augusto
595 1958 736 1985 mensibus
757 1958 899 1990 increscit,
924 1965 979 1984 non

199 2007 252 2033 alio
267 2010 399 2039 tempore,
415 2007 444 2030 ut
455 2003 560 2037 reliqua
576 2002 701 2034 ﬂumina,
716 2003 786 2029 hanc
798 2009 859 2029 esse
875 2003 980 2033 dicunt,

198 2051 270 2086 quod
284 2050 310 2077 hi
322 2050 376 2076 duo
390 2055 495 2075 menses
508 2047 596 2074 illisiu
610 2047 767 2081 regionibus
781 2047 888 2075 ueteris
901 2055 979 2075 men—

199 2097 276 2124 sibus
293 2095 445 2130 frigidiores
470 2094 536 2126 siut,
556 2098 702 2128 propterea
722 2094 794 2128 quod
811 2099 866 2120 tum
884 2094 927 2121 sol
944 2093 979 2121 ad

199 2147 320 2170 nostram
339 2141 478 2176 regionem
503 2140 695 2173 borealemque
720 2140 860 2174 procedat.
874 2142 932 2172 Qua
947 2140 981 2167 de

1029 1591 1112 1616 etiam
1134 1589 1249 1616 habitari
1272 1593 1413 1624 nequeunt
1429 1589 1481 1616 illm
1498 1590 1634 1624 regiones,
1650 1594 1764 1623 propter
1783 1589 1818 1616 il-

1031 1637 1082 1668 las,
1098 1636 1170 1668 dico,
1191 1635 1326 1663 terribiles
1342 1639 1366 1662 et
1386 1640 1535 1663 venenatas
1550 1636 1663 1663 bestias.
1678 1635 1819 1670 Elephan-

1031 1687 1120 1710 torum
1139 1687 1229 1708 autem
1247 1682 1344 1709 ibidem
1374 1686 1447 1708 tanta
1467 1681 1615 1708 multitudo
1634 1686 1686 1715 est,
1711 1686 1817 1716 quanta

1030 1729 1099 1763 apud
1117 1736 1166 1755 nos
1189 1728 1269 1754 boutu
1286 1733 1369 1762 atque
1385 1728 1489 1760 ovium,
1513 1734 1716 1762 pascuutnrqm-
1731 1729 1816 1755 etiam

1030 1775 1160 1810 gregatim
1179 1779 1318 1807 vagantes.
1335 1774 1383 1800 Ille
1396 1781 1456 1801 cum
1472 1780 1504 1800 ea
1521 1773 1548 1800 in
1565 1774 1674 1808 regione
1687 1774 1817 1808 aliquau-

1030 1822 1074 1849 diu
1092 1824 1278 1848 commoratus
1303 1824 1376 1847 esset
1398 1819 1511 1854 jamque
1538 1820 1652 1854 pulchre
1673 1820 1818 1847 didicisset

1030 1866 1119 1901 gentis
1131 1873 1297 1897 sermonem,
1313 1865 1339 1891 in
1358 1865 1473 1899 patriam
1491 1864 1580 1892 redire
1598 1865 1721 1899 cupivit;
1738 1874 1820 1892 cum~

1031 1920 1084 1947 que
1108 1915 1226 1938 mentem
1255 1918 1331 1938 suam
1360 1910 1514 1937 incolarum
1535 1911 1618 1938 alicui
1644 1912 1815 1945 aperuisset.

1031 1956 1164 1984 deductus
1180 1957 1213 1993 ab
1227 1964 1259 1983 eo
1272 1961 1314 1984 est
1331 1956 1358 1983 in
1371 1957 1461 1984 locum
1476 1957 1633 1991 quemdam,
1650 1964 1705 1991 quo
1721 1957 1756 1984 ab
1772 1965 1820 1985 ex-

1031 2002 1118 2029 ternis
1137 2001 1211 2029 Indis
1228 2002 1360 2029 naviculze
1385 2002 1517 2029 aromatis
1533 2007 1638 2029 onustm
1655 2002 1753 2036 appelli
1773 2010 1820 2030 so—

1032 2048 1133 2075 lebant.
1155 2048 1254 2075 Ilarum
1272 2055 1324 2074 una
1341 2055 1494 2075 conscensa
1519 2052 1546 2075 et
1572 2048 1640 2074 mari
1657 2049 1818 2081 commissa,

1033 2102 1094 2121 mox
1108 2101 1204 2121 navem
1221 2094 1350 2128 grandem
1370 2094 1501 2121 lbericam
1518 2094 1632 2127 invenit,
1646 2103 1701 2129 qua
1715 2095 1742 2122 in
1758 2096 1818 2122 lbe-
1838 2090 1850 2109 ¹”

1033 2140 1100 2166 riam
1119 2140 1175 2166 sive
1193 2140 1351 2174 Hispaniam
1370 2140 1614 2174 Portugallicnsetn
1640 2142 1746 2169 delatus
1763 2148 1818 2172 est.

199 2196 228 2216 re
244 2188 364 2222 augescit
384 2185 462 2213 Nilus
484 2185 571 2212 media
595 2190 687 2212 testate
705 2185 874 2220 inuudatque
897 2185 978 2220 ΛΕΜ·
997 2186 1017 2213 D
1035 2186 1151 2219 indeque
1174 2186 1226 2212 alia
1247 2186 1308 2212 navi
1336 2186 1363 2213 in
1380 2186 1484 2213 insulas
1500 2186 1673 2215 Britannicas
1692 2193 1718 2215 et
1733 2197 1818 2222 prope

199 2239 288 2269 ptutu,
308 2237 401 2267 utpote
415 2232 471 2259 sole
484 2239 581 2258 zonam
600 2231 687 2264 magis
703 2231 838 2258 borealem
863 2231 982 2258 obcunte

199 2285 225 2306 et
241 2280 360 2306 instante
376 2277 438 2304 aliis
454 2277 623 2304 ﬂuminibus.
637 2275 758 2311 Trajccit
775 2281 867 2303 autem
883 2276 939 2310 ille,
953 2281 982 2303 ut

200 2326 233 2352 ad
259 2325 408 2359 Longaevos
438 2322 603 2357 perveniret,
621 2322 703 2349 etiam
730 2322 813 2349 alium
834 2323 981 2357 quemdam

200 2371 324 2403 ﬂuvium,
343 2369 421 2397 valde
445 2369 628 2404 periculosum
644 2374 756 2404 propter
780 2369 877 2403 ingens
891 2371 981 2404 quod-

201 2418 264 2445 dam
281 2416 382 2444 animal
398 2415 577 2450 amphibium,
593 2416 666 2451 quod
682 2417 709 2442 in
726 2423 758 2443 eo
772 2415 885 2444 ﬂumine
904 2416 981 2448 vivit,

201 2465 308 2491 illorum
321 2470 446 2490 sermone
457 2463 704 2498 odontotyraunum
716 2463 895 2497 appellatum,
908 2462 982 2498 quod

200 2509 242 2536 vel
259 2509 394 2543 integrum
419 2509 506 2542 possit
532 2507 705 2542 elephantum
732 2509 876 2535 devorare.
905 2508 983 2535 luve-

201 2555 314 2582 niuntur
329 2553 430 2590 ilLiiiis
449 2554 516 2581 locis
533 2553 649 2581 desertis
663 2558 796 2588 praeterea
812 2554 873 2581 alia;
890 2554 982 2581 multa;

201 2600 345 2628 horrendae.
363 2599 454 2626 bestiae
466 2603 492 2626 et
507 2598 614 2631 bellum,
633 2599 705 2626 velut
719 2599 852 2626 dracones
873 2599 982 2633 plurimi

200 2652 226 2674 et
242 2648 375 2682 ingentes,
386 2645 553 2679 longitudine
561 2645 716 2672 cubitorum
730 2645 785 2672 fere
799 2645 981 2680 septuaginta,

198 2692 343 2719 altitudine
362 2696 389 2719 et
406 2691 549 2718 latitudine
568 2691 648 2725 longe
671 2691 876 2722 terribilissimi,
902 2699 981 2719 scor-

199 2738 294 2769 piones
308 2737 454 2770 cubitales,
478 2737 601 2764 formica:
618 2745 700 2765 unius
718 2737 860 2771 spitltanne
875 2742 902 2764 et
923 2745 981 2764 atu-

199 2782 280 2816 plius,
297 2783 671 2816 vespertilioues'corvorum
699 2784 857 2810 aestivorum
883 2783 980 2814 instar,

200 2835 299 2854 musca
323 2828 479 2862 passeribus
496 2835 576 2863 pares
591 2829 787 2863 magnitudine.
808 2829 981 2863 Quapropter

1034 2231 1207 2258 Germaniam
1224 2232 1375 2266 profectus,
1397 2232 1426 2259 in
1441 2232 1557 2260 lberiam
1574 2241 1634 2259 eam
1652 2234 1770 2268 trajecit,
1790 2237 1817 2262 in

1033 2285 1087 2312 qua
1101 2286 1150 2313 ego
1169 2279 1227 2313 ipse
1242 2287 1305 2306 eum
1322 2279 1412 2306 inveni
1438 2285 1521 2313 atque
1537 2279 1594 2306 haec
1618 2280 1656 2307 ita
1670 2281 1704 2308 ab
1718 2289 1750 2308 eo
1771 2290 1820 2309 au-

1033 2325 1099 2352 divi.

1070 2371 1189 2398 Discessi
1202 2379 1252 2406 ego
1265 2370 1338 2397 illam
1353 2371 1380 2398 in
1393 2372 1531 2407 regionem
1541 2372 1577 2399 ob
1587 2372 1744 2407 conjugiqu
1756 2381 1818 2401 cum

1033 2417 1162 2444 alterutra
1179 2417 1292 2448 familia,
1309 2423 1389 2452 prout
1410 2418 1475 2444 tuihi
1490 2418 1640 2449 videretur,
1658 2418 1814 2446 concilian-

1034 2463 1108 2490 dum.
1124 2463 1242 2490 Necesse
1254 2468 1344 2491 autem
1365 2468 1434 2495 erat,
1449 2471 1504 2499 quo
1520 2465 1606 2491 tutior
1625 2472 1713 2491 essent
1730 2473 1744 2491 a
1759 2467 1821 2492 cul-

1034 2516 1079 2543 pa,
1095 2509 1292 2543 utimperatori
1313 2509 1455 2544 utriusque
1471 2509 1579 2544 generis
1599 2510 1744 2536 commoda
1771 2518 1822 2544 per

1034 2554 1140 2582 litteras
1151 2554 1345 2589 signiﬁcarem,
1361 2563 1476 2589 quorum
1489 2555 1533 2582 ille
1544 2555 1657 2582 duceret
1670 2556 1819 2584 rationem.

1034 2601 1072 2627 Ad
1095 2601 1217 2628 Atnisum
1244 2600 1294 2628 feci
1313 2601 1499 2636 naufragium,
1526 2601 1618 2636 ibique
1644 2601 1820 2635 imperatoris

1033 2651 1198 2680 exspectans
1224 2654 1385 2682 responsum
1407 2647 1481 2674 circa
1510 2655 1557 2674 035
1581 2647 1707 2681 regiones
1731 2654 1820 2675 annos

1034 2693 1103 2718 duos
1119 2698 1146 2719 et
1162 2693 1220 2720 dies
1239 2694 1349 2728 triginta
1375 2699 1562 2721 commoratus
1580 2701 1653 2720 sum.
1671 2693 1721 2719 lllo
1750 2699 1820 2719 ιιιιιι-

1035 2745 1110 2772 pnre,
1130 2737 1215 2765 Martii
1233 2739 1339 2766 mensis
1354 2739 1398 2766 die
1413 2739 1449 2766 25
1473 2739 1596 2773 ejusdem
1620 2738 1696 2771 anni,
1710 2739 1745 2765 ad
1759 2739 1821 2766 bea-

1036 2788 1125 2810 torum
1143 2785 1220 2812 sedes
1232 2786 1316 2812 cessit
1331 2786 1449 2820 gloriosa
1461 2786 1592 2819 despmna
1608 2784 1697 2816 lrene,
1715 2792 1766 2818 per
1777 2785 1820 2812 di-

1035 2829 1127 2856 viuum
1146 2835 1169 2857 et
1189 2831 1340 2865 angelicum
1359 2831 1482 2858 habitum
1510 2835 1616 2857 mutato
1633 2830 1746 2857 nomine
1766 2831 1821 2865 Hy-
