1931 3079
113 105 168 136 813

624 104 850 135 CHRONICON
867 103 1000 134 MAJUS.
1024 115 1055 121 —
1082 104 1157 135 LIB.
1182 104 1240 134 III.

1688 105 1741 134 δτι

112 159 252 188 ἀπέθανεν
265 160 279 186 δ
297 161 410 196 ἁμηρᾶς
425 163 440 187 δ
460 161 648 197 Ἀμοιράτης,
670 161 684 187 ὃ
708 161 788 195 κάγὼ
801 160 904 196 ἔμαθον
920 169 939 194 Α
955 162 1002 187 καὶ
1017 161 1033 196 ἠ
1052 161 1127 193 πόλις
1142 161 1305 196 ἠπορημένη
1322 161 1382 188 ἐστὶ
1411 160 1456 188 διὰ
1473 161 1519 188 τὸν
1534 161 1668 196 αὐθέντην
1687 171 1739 196 μου

111 206 156 234 ἔτι
164 206 203 233 ὢν
217 207 247 233 ἐν
260 207 292 242 τῇ
309 206 425 242 Ἰϐηρίᾳ.
440 207 483 239 Ὠς
493 206 540 234 οὖν
551 206 633 243 ἦλθον
644 209 684 239 είς
694 207 901 242 Τραπεζοῦντα,

110 251 209 286 εἰρηκέ
225 259 270 286 μοι
280 252 294 278 ὁ
310 251 437 286 βασιλεὺς
450 252 549 280 τοιάδε·
565 261 574 278 ι
589 254 676 287 Κύριε
691 252 805 287 πρέσόυ,
822 252 900 286 211
918 288 921 295 ἱ

111 298 203 323 εἰπεῖν
219 305 260 324 σοι
281 297 351 324 θέλω
375 299 501 333 χρηστὰς
517 298 660 332 ἀγγελίας,
675 299 700 325 εί
719 297 756 333 μὴ
772 298 812 324 δεῖ
835 299 903 324 ἀπο-

110 342 207 370 δοῦναί
232 351 262 369 σε
277 344 343 379 ἡμῖν
359 353 386 370 τι
401 344 487 377 δῶρον
502 345 624 379 χάριτος.
647 354 656 370 ι
681 345 767 378 Κάγὼ
782 344 902 375 ἀναστὰς

111 390 310 426 προσεκύνησα
323 391 406 418 αὑτὸν
421 392 507 419 εἰπών
521 400 544 418 ἰ
562 392 593 419 '0
606 393 673 424 Θεὸς
691 391 902 428 μακροημερεύ-

111 444 157 462 σοι
174 436 223 471 τὴν
246 436 328 470 ἁγίαν
344 445 391 463 σου
410 437 563 472 βασιλείαν,
578 438 607 469 ὃς
631 438 806 473 πολυτρόπως
823 439 901 473 εὐερ-

109 483 203 515 γετεῖς
213 483 287 516 ἡμᾶς
301 490 308 498 ·
322 482 408 515 οὕτως
420 485 466 510 καὶ
478 485 524 510 διὰ
533 484 583 516 τὰς
597 484 644 511 νῦν
652 485 756 518 ἀγαθὰς
769 485 902 519 ἀγγελίας

109 525 193 559 αὖθις
205 529 397 563 εὐεργετήσεις
410 531 495 565 ἡμᾶς.
516 530 587 557 Ἀλλ’
608 531 675 565 ἡμίν
691 531 742 558 οὐκ
763 531 837 558 ἐστιν
852 531 901 557 ἀνα

107 572 204 604 τάξιόν
217 581 243 599 τι
257 574 407 601 ἀποδοῦναι
421 576 455 610 τῇ
472 575 599 611 βασιλείᾳ
614 583 662 602 σου
676 577 709 610 τῇ
725 575 803 612 ἁγίᾳ.
820 585 829 601 ι
845 576 901 603 Καὶ

108 617 195 649 εὐθὺς
214 617 276 645 εἶπέ
301 628 347 654 μοι
365 620 430 656 περὶ
456 620 504 647 τοῦ
531 620 649 648 θανάτου
666 620 715 648 τοῦ
729 622 837 657 ἁμηρᾶ,
852 622 901 648 καὶ

109 663 172 695 πῶς
189 666 203 690 ὁ
220 664 278 696 υίὸς
304 666 388 693 αὑτοῦ
412 666 522 700 ἐγένετο
545 667 678 702 αὐθέντης
705 668 754 695 καὶ
769 668 900 699 πλείστας

108 710 228 745 χάριτας
243 711 356 746 ἐποίησε
369 712 410 747 τῷ
424 712 534 744 ἄνακτι,
558 714 606 740 καὶ
621 714 716 750 εἰρήνη
741 713 819 746 αὖθις
835 716 898 741 ἐπε-

109 757 224 792 κυρώθη
251 757 409 792 ἀναμεταξὺ
438 759 531 786 αὐτῶν
554 761 649 796 τηρεῖν
666 760 764 795 αὐτὴν,
787 760 825 791 ὡς
851 761 898 787 καὶ

109 800 212 835 πρώην
227 802 297 836 μετὰ
310 803 357 829 τοῦ
373 803 479 838 πατρὸς
494 804 577 832 αὐτοῦ
597 803 671 840 εἶχεν
684 806 698 832 ό
721 806 834 833 ἐκείνων
856 803 897 832 οϊ-

956 206 1003 232 καὶ
1021 205 1134 240 βασιλέα
1152 207 1251 232 νεωστὶ
1263 206 1298 232 τὰ
1311 206 1440 241 σκῆπτρα
1462 206 1589 240 λαὸόντα,
1605 205 1633 237 ὃς
1648 209 1695 233 καὶ
1709 207 1740 232 ὲκ

954 252 1009 279 τῶν
1025 253 1075 286 τῆς
1100 253 1242 288 βασιλείας
1269 253 1457 287 είσοδημάτωυ
1475 253 1561 280 πολλὰ
1576 253 1680 287 ὀφείλει
1695 254 1740 280 διὰ

953 297 1002 329 τὰς
1016 297 1122 330 ἐξόδους
1134 299 1181 325 καὶ
1192 299 1226 325 τὰ
1238 298 1385 333 φιλόδωρα,
1398 298 1416 325 ἃ.
1430 298 1577 334 ἐχαρίσατο
1589 300 1645 330 τοῖς
1658 307 1740 333 στρα-

953 341 1067 374 τιώταις
1082 344 1129 369 καὶ
1149 344 1223 379 πάσῃ
1237 345 1270 379 τῇ
1291 345 1360 379 αὐλῇ
1375 352 1381 359 ·
1394 344 1434 370 διὸ
1448 344 1534 371 δεῖται
1552 344 1649 380 καιροῦ
1664 345 1740 379 είρη-

953 387 1029 414 νικοῦ
1046 389 1114 424 πρὸς
1129 389 1160 415 τὸ
1179 390 1388 424 ἐξοικονομῆσαι
1405 390 1438 416 τὰ
1452 390 1501 423 τῆς
1520 391 1610 425 μάχης
1624 390 1671 416 καὶ
1691 390 1738 416 τοῦ

953 434 1073 470 πολέμου
1089 435 1229 469 ἀναγκαῖα
1246 435 1292 462 καὶ
1307 435 1461 470 ἐπιτήδεια.
1486 436 1541 462 Καὶ
1555 436 1603 462 ἐὰν
1626 435 1670 463 διὰ
1690 436 1738 467 τὰς

953 479 1090 515 ἁμαρτίας
1109 481 1188 515 ἡμῶν
1203 482 1217 506 ὁ
1232 481 1299 512 Θεὸς
1323 482 1525 517 παραχωρήσῃ,
1547 482 1594 508 καὶ
1619 482 1700 512 αὐτὸς
1724 483 1738 507 ὁ

951 525 1092 561 ἁλιτήριος
1108 527 1161 554 ὑπὸ
1175 528 1224 562 τῆς
1241 528 1368 564 νεότητος
1381 528 1464 555 αὐτοῦ
1479 529 1527 556 καὶ
1541 528 1736 563 κακογνωμίας

950 573 1069 609 ὀρμήσοι
1085 574 1118 602 ἂν
1135 575 1228 610 μάχην
1253 575 1365 609 ποιῆσαι
1391 576 1463 602 κατὰ
1479 575 1529 609 τῆς
1552 575 1668 607 πόλεως,
1687 575 1737 601 οὐκ

950 616 1010 645 οἶδα
1024 619 1050 645 τί
1068 620 1214 655 γενήσεται
1226 621 1266 652 είς
1279 622 1365 656 ἡμᾶς.
1381 621 1436 648 Ναὶ
1449 621 1557 655 ἀληθῶς
1570 621 1736 656 εὐφρόσυνος

950 664 1067 698 ἀγγελία
1082 663 1126 700 ἦν,
1143 666 1168 691 εί
1188 666 1325 693 ἀπέθανεν
1342 667 1356 692 ὁ
1371 666 1419 693 νῦν
1436 666 1554 700 γεγονὼς
1580 667 1639 697 νέος
1663 667 1736 701 ἀμη-

951 710 1012 744 ρᾶς,
1024 710 1087 736 ἐπεὶ
1100 711 1114 737 ό
1131 711 1222 747 πατὴρ
1245 712 1330 738 αὐτοῦ
1352 712 1402 738 οὐκ
1416 710 1489 746 εῖχεν
1505 712 1585 738 ἄλλον
1601 712 1671 742 υἱὸν,
1689 712 1736 737 κοὶ

949 755 988 790 τῷ
1002 757 1112 791 γηραιῷ
1124 757 1156 784 ἐκ
1167 758 1217 792 τῆς
1232 757 1320 791 λύπης
1331 758 1434 784 ἐδίδοτο
1445 758 1582 790 ἀσθένεια,
1598 757 1629 790 ἐξ
1640 755 1674 792 ἦς
1689 757 1737 783 καὶ

948 802 1140 838 ὀλιγοχρονία·
1157 804 1205 830 καὶ
1233 804 1330 831 τούτου
1357 805 1452 831 ἕνεκεν
1475 805 1515 836 εἰς
1540 804 1663 830 κίνδυνον
1689 805 1736 830 καὶ

108 853 169 877 κος.
183 846 269 880 Κάγὼ
284 847 404 880 ἀκούσας
416 848 503 880 οὕτως
520 850 654 885 ἐγενόμην
670 851 778 885 ἄφωνος
790 851 837 878 καὶ
850 859 896 878 το-
912 853 932 883 Β
948 849 1124 884 διχοστασίαν
1138 851 1262 885 μεγάλην
1280 851 1426 877 ἐνέπιπτεν
1439 852 1456 886 ἡ
1467 852 1520 877 τῶν
1534 850 1640 877 ἀσεδῶν
1652 850 1735 886 ἀρχὴ,

111 890 200 925 σαύτη
216 891 297 927 ὀδύνη
314 901 360 927 μοι
377 893 531 930 περιείχετο
546 894 584 927 ὡς
598 895 623 922 ει
637 895 701 932 περὶ
714 896 761 922 τοῦ
777 897 894 923 θανάτου

107 937 167 964 τῶν
178 938 254 973 ἐμῶν
267 939 405 974 φιλτάτων
420 942 561 976 ἡκούκειν.
578 943 632 969 Καὶ
647 944 746 978 μικρὸν
761 944 897 978 κατηφιά-

109 992 161 1016 σας
177 984 250 1019 λέγω
261 993 269 1001 ·
285 995 296 1012 ι
312 986 438 1014 Δέσποτά
453 997 516 1022 μου,
533 988 604 1023 αὕτη
616 989 647 1016 οὐ
662 989 796 1024 χαρίεσσα
811 991 897 1024 ἐπαγ-

109 1030 192 1064 γελία
203 1031 288 1064 ἐστὶν,
305 1032 375 1059 ἀλλὰ
390 1034 438 1060 καὶ
461 1033 521 1061 λίαν
546 1034 675 1070 ὀδυνηρά.
692 1044 701 1060 I
730 1035 760 1062 '0
776 1035 805 1062 δὲ
822 1035 896 1070 λέγει

111 1085 120 1101 ι
136 1076 192 1103 Καὶ
201 1077 269 1110 πῶς,
278 1078 380 1112 χρηστὲ
391 1079 490 1114 ιᾶνερς
506 1089 515 1105 ›
527 1080 616 1114 κάγὼ,
628 1090 638 1106 ι
650 1081 722 1108 Διότι
734 1082 749 1108 δ
759 1081 897 1117 τεθνηκὼς

109 1123 223 1157 ἀμηρᾶς
244 1120 278 1158 ἦν
295 1123 395 1158 γέρων,
414 1125 462 1151 καὶ
485 1127 516 1151 τὸ
541 1126 611 1152 κατὰ
628 1126 680 1161 τῆς
706 1126 810 1159 πόλεως
827 1128 896 1154 ἀπε-

110 1168 250 1203 πειράσθη
265 1169 352 1205 αὐτῷ,
368 1171 415 1197 καὶ
431 1171 522 1198 οὐκέτι
538 1171 664 1199 ἐϐούλετο
688 1173 896 1208 ἐγχειρισθῆναι

109 1222 137 1240 τι
153 1217 216 1241 κατ’
225 1216 321 1251 αὐτῆς.
335 1216 404 1243 ἀλλὰ
423 1217 503 1250 μόνον
516 1218 597 1253 ἧθελε
612 1218 714 1253 μᾶλλον
727 1220 894 1254 εἰρηνεύειν·

110 1263 124 1286 ὁ
138 1260 166 1288 δὲ
182 1262 230 1288 νῦν
243 1262 364 1297 γεγονώς
381 1264 439 1290 ἐστι
455 1263 514 1296 νέος
527 1264 575 1290 καὶ
598 1264 737 1292 παιδιόθεν
752 1266 848 1302 ἐχθρὸς
863 1265 896 1302 ἦν

110 1308 166 1334 τῶν
183 1308 356 1344 Χριστιανῶν
372 1310 441 1345 πρὸς
466 1310 497 1336 τὸ
521 1310 643 1346 ὑϐρίζειν
666 1312 713 1338 καὶ
736 1312 896 1340 ἐπαπειλεῖν

111 1353 223 1386 αὐτοὺς,
236 1354 326 1388 λέγων
341 1355 384 1381 ὄτι
397 1356 462 1382 ὅταν
480 1356 577 1392 καιρὸν
593 1356 662 1392 εὕρῃ
676 1357 829 1393 ἐπιτήδειον
848 1359 896 1386 καὶ

109 1398 160 1434 τὴν
172 1400 221 1433 τῆς
239 1400 379 1435 βασιλείας
394 1401 521 1435 ἐξουσίαν
536 1403 577 1433 εἰς
595 1404 691 1438 χεῖρας
707 1403 790 1430 αὑτοῦ
806 1404 895 1439 λήψη-

109 1453 166 1477 ται,
186 1445 235 1480 τὴν
259 1447 347 1482 ἀρχὴν
363 1447 419 1473 τῶν
440 1447 585 1482 Ῥωμαίων
598 1450 655 1482 ⁵καὶ
680 1449 790 1485 πάντων
813 1451 894 1486 212

109 1493 283 1528 Χριστιανῶν
298 1494 355 1529 ἔχει
368 1494 560 1529 ἐξολοθρεῦσαι
572 1495 619 1522 καὶ
633 1497 776 1530 ἀφανίσαι.
791 1497 830 1524 Τὰ
846 1498 894 1523 νῦν

110 1590 227 1617 pomone
244 1584 477 1612 monacba.dicta.
494 1584 606 1621 Sepulta
618 1590 661 1613 est
679 1586 706 1613 in
725 1589 892 1615 mouastcrio

112 1629 327 1663 Pautocratoris,
342 1630 419 1665 juxta
435 1631 545 1658 beatum
560 1636 587 1659 et
608 1632 757 1666 gloriosum
773 1633 892 1668 impera-

111 1680 209 1708 torem,
223 1676 365 1711 coniugem
388 1677 458 1712 ejus.
474 1677 566 1706 Mense
587 1678 736 1706 Februario
747 1681 810 1706 armi
822 1679 893 1707 6959

110 1723 256 1751 Amurates
271 1730 380 1751 ameras
403 1724 482 1756 obiit,
505 1725 577 1758 quod
591 1732 641 1758 ego
658 1725 684 1752 in
699 1725 786 1753 lberia
808 1727 891 1754 etiam

109 1774 167 1796 tum
184 1769 285 1803 degens
307 1770 411 1805 accepi.
438 1769 637 1805 Trapezuntem
661 1771 745 1806 igitur
771 1778 800 1800 ut
817 1773 891 1805 veni,

110 1815 259 1850 imperator
273 1816 315 1843 his
331 1824 374 1843 me
388 1816 478 1844 verbis
491 1817 602 1852 excepit
616 1826 623 1844 :
639 1826 648 1843 ι
665 1817 777 1845 Domine
792 1819 890 1853 legate,

111 1864 231 1891 faustum
259 1864 307 1891 tibi
334 1865 463 1892 nuntium
487 1865 629 1899 impertire
653 1865 725 1899 volo,
745 1866 797 1894 nisi
818 1867 891 1900 quod

110 1918 209 1938 munus
228 1910 337 1946 aliquod
357 1912 425 1946 grati
438 1910 523 1938 animi
539 1911 675 1946 rependas
695 1912 760 1939 mihi
777 1920 891 1941 necesse

109 1962 159 1984 est.
173 1966 183 1982 ι
197 1957 235 1984 Ad
247 1965 308 1992 quae
317 1965 366 1992 ego
376 1965 490 1991 surgens
501 1965 618 1991 cumque
626 1959 761 1985 adorans:
777 1959 888 1991 «Deus,»

110 2004 232 2038 inquam,
248 2013 257 2030 ι
272 2003 330 2031 dies
346 2004 478 2037 producat
496 2009 597 2031 sanctae
614 2004 750 2039 maiestati
768 2011 830 2038 tuae,
844 2006 891 2040 qui

112 2050 190 2077 nobis
207 2057 267 2078 cum
287 2049 381 2076 multis
391 2050 480 2077 modis
495 2048 662 2082 benefacias,
685 2055 741 2077 tum
760 2058 809 2085 per
824 2051 892 2078 istos

110 2102 181 2122 nunc
199 2095 308 2122 nuntios
322 2094 485 2122 benefacies.
500 2094 600 2122 Verum
613 2095 682 2122 nillil
695 2103 744 2123 nos
760 2096 891 2124 habemus

110 2140 231 2175 dignum,
250 2140 321 2174 quod
334 2141 515 2174 rependamus
528 2145 629 2167 sanctae
648 2140 783 2175 majestati
800 2145 861 2168 tuae.
878 2150 887 2167 I

110 2185 178 2212 Tum
195 2186 286 2212 statim
302 2186 369 2212 dixit
383 2186 449 2212 mihi
464 2186 497 2213 de
518 2190 606 2213 tnorte
625 2186 772 2218 Amuratis.
795 2194 890 2214 narra-
909 2200 930 2227 Β

113 2232 213 2266 vitque,
232 2231 369 2266 quomodo
389 2232 448 2266 ejus
461 2232 533 2259 illius
552 2232 681 2267 princeps
702 2234 790 2260 factus
808 2239 890 2265 esset,

110 2282 135 2304 et
150 2278 265 2312 plurima
279 2277 331 2305 sibi
344 2278 473 2305 benelicia
487 2278 667 2313 praestitisset,
681 2283 708 2305 et
719 2286 770 2313 pax
783 2287 891 2306 rursum

113 2324 182 2350 inter
195 2324 268 2359 ipsos
281 2330 353 2352 esset
367 2324 537 2358 conﬁrmata,
554 2325 643 2360 qualis
656 2325 738 2352 etiam
754 2330 816 2352 ante
829 2326 893 2353 huic

111 2370 203 2396 domui
224 2377 285 2397 cum
302 2374 378 2404 patre
393 2370 453 2404 ejus
469 2371 676 2399 intercesserat.
696 2370 762 2403 Quae
780 2371 824 2398 ubi
842 2380 890 2399 au-

112 2415 176 2448 divi,
195 2415 330 2447 obmutui,
348 2420 494 2449 tantusque
510 2415 588 2442 dolor
604 2423 648 2443 me
669 2415 791 2448 incessit,
808 2425 890 2452 quant

112 2463 133 2488 si
157 2462 296 2488 hominum
316 2462 381 2488 mihi
394 2461 624 2489 charissimorum
651 2466 765 2488 mortem
782 2469 891 2497 compc-

113 2507 220 2534 rissem.
238 2506 339 2534 Deinde
365 2506 485 2534 demisso
501 2507 603 2538 animo,
626 2516 635 2532 ι
655 2506 690 2534 Mi
706 2508 830 2542 despota,
847 2508 889 2534 in-

112 2561 202 2588 quam,
222 2553 273 2580 iste
288 2553 396 2587 quidem
414 2560 466 2579 non
480 2557 574 2586 gratus
587 2553 699 2581 ttuntius
711 2558 764 2586 est,
779 2554 825 2580 sed
840 2554 890 2581 ad-

113 2600 218 2626 modum
230 2600 312 2626 ctiam
329 2599 453 2626 acerbus.
470 2608 479 2624 ι
499 2597 567 2625 Tum
580 2599 640 2626 ille:
656 2609 665 2624 ι
679 2599 832 2632 Quomodo.
849 2601 890 2627 vir

113 2644 201 2671 bone?
219 2653 228 2669 ι
250 2653 258 2669 ι
273 2644 351 2676 Quin,
370 2643 492 2678 inquam,
514 2643 548 2676 is,
567 2643 613 2677 qui
631 2644 711 2674 obiit.
727 2651 832 2671 ameras
847 2653 890 2672 sc—

114 2698 161 2717 nex
175 2696 243 2722 erat,
264 2691 414 2724 urbemque
429 2692 496 2718 satis
515 2691 639 2721 tentavit.
663 2698 713 2717 nec
732 2691 788 2725 jam
807 2691 889 2717 adur-

111 2741 188 2763 turus
203 2743 262 2763 eam
279 2742 348 2769 erat,
369 2737 415 2764 sed
431 2744 523 2770 pacem
548 2743 630 2770 quam
657 2735 756 2762 bellum
780 2737 887 2763 maluit.

114 2783 143 2808 At
158 2782 204 2816 qui
221 2789 294 2808 nunc
312 2781 399 2809 iactus
410 2787 452 2809 est
469 2789 588 2813 amcras,
605 2781 627 2808 is
642 2787 668 2807 et
679 2782 789 2816 juvenis
807 2787 848 2809 est
862 2787 888 2810 et

112 2836 125 2854 a
139 2835 223 2862 puero
239 2827 458 2855 Christianorum
477 2827 613 2860 inimicus,
633 2828 829 2856 contumeliose
840 2837 886 2856 eos

948 896 995 921 καὶ
1011 896 1040 921 ἐν
1053 895 1092 927 τῷ
1110 897 1185 932 μέσῳ
1201 897 1296 924 τούτου
1313 898 1360 925 τοῦ
1377 898 1475 933 καιροῦ
1489 898 1601 924 ἐδύνατο
1614 897 1647 924 ἂν
1659 897 1735 932 διορ-

948 941 1034 968 οῶσαι
1052 943 1099 968 καὶ
1114 943 1291 978 οίκονομῆσαι
1308 944 1342 970 τὰ
1361 945 1460 976 πάντα,
1473 944 1521 970 καὶ
1537 945 1553 978 ἡ
1574 944 1672 970 ἑαυτοῦ
1688 944 1735 978 βα-

951 987 1041 1014 σιλεία
1058 988 1192 1015 διέϐαινεν
1214 991 1255 1021 είς
1270 990 1413 1024 κρείττονα
1432 990 1613 1024 προτίμησιν.
1631 998 1641 1015 ι
1662 991 1691 1017 '0
1706 990 1734 1017 δὲ

948 1032 1076 1067 βασιλεὺς
1104 1034 1312 1070 Τραπεζοῦντος
1335 1035 1424 1062 ταῦτά
1450 1044 1497 1070 μοι
1519 1036 1593 1070 ἔφη·
1611 1045 1620 1061 ι
1646 1035 1734 1067 Αὐτὸς

949 1080 1081 1115 ὑπάρχεις
1098 1079 1138 1113 εἷς
1156 1082 1210 1108 τῶν
1225 1082 1366 1116 φρονίμων
1381 1082 1522 1117 ἀρχόντων
1546 1083 1594 1108 καὶ
1616 1091 1729 1118 πρακτι-

948 1126 1003 1152 κῶν
1016 1127 1066 1161 τῆς
1081 1127 1166 1162 αὐλῆς
1178 1128 1296 1163 ἐκείνης,
1309 1128 1356 1156 καὶ
1367 1129 1513 1162 γινώσκεις
1530 1129 1655 1163 κρεῖττον
1669 1130 1733 1163 περὶ

946 1172 1050 1198 τούτων
1061 1181 1069 1187 ·
1087 1173 1162 1208 ὅμως
1186 1174 1200 1200 ὸ
1225 1174 1303 1205 Θεὸς,
1326 1174 1364 1206 ὡς
1378 1174 1511 1206 -δυνατὸς,
1528 1175 1636 1209 ποιήσει
1652 1175 1732 1201 αὑτὸν

947 1219 986 1249 εἰς
1006 1219 1120 1252 ἀγαθόν.
1140 1229 1149 1245 ι
1168 1220 1253 1252 Κάγὼ
1269 1220 1430 1255 ἀποκριθεὶς
1445 1219 1508 1246 εἶπα
1523 1228 1529 1235 ⁵
1543 1230 1552 1246 ι
1566 1221 1634 1247 Δίαν
1651 1221 1733 1255 εὐχα-

948 1265 1033 1300 ριστῶ
1056 1268 1090 1301 τῇ
1116 1267 1306 1302 καλοκαγαθίᾳ
1327 1268 1374 1294 καὶ
1399 1268 1562 1303 προαιρέσει
1579 1268 1659 1302 213
1683 1268 1731 1294 τοῦ

947 1311 1066 1345 κράτους
1081 1320 1140 1344 σου,
1149 1313 1218 1339 διότι
1229 1308 1284 1347 ἐγὼ
1297 1313 1348 1340 οῦκ
1364 1314 1424 1348 είμι
1439 1314 1573 1348 τοσαύτης
1588 1314 1732 1348 ποιότητος

946 1356 984 1388 ὼς
1001 1357 1017 1392 ὴ
1035 1357 1159 1392 βασιλεία
1178 1367 1225 1385 σου
1248 1359 1406 1391 ἐκέλευσας.
1427 1369 1436 1385 ι
1460 1360 1594 1391 Ἀκούσας
1610 1361 1663 1395 γὰρ
1677 1361 1731 1394 ἐγὼ

946 1402 986 1429 ἔτι
999 1403 1040 1430 ὅτι
1055 1405 1071 1438 ἡ
1087 1404 1133 1431 τοῦ
1150 1405 1352 1441 προρῤηθέντος
1375 1407 1473 1441 «ipqu
1488 1407 1567 1441 γυνὴ,
1582 1407 1599 1441 ἡ
1616 1407 1664 1433 καὶ
1684 1407 1730 1434 τοῦ

946 1450 994 1484 τῆς
1010 1449 1124 1484 Σερϐίας
1137 1451 1268 1478 δεσπότου
1285 1452 1422 1488 θυγάτηρ,
1434 1453 1503 1487 μετᾶ
1514 1453 1564 1488 τὴν
1575 1454 1623 1480 τοῦ
1635 1454 1732 1489 ὰμηρᾶ

947 1496 994 1521 καὶ
1010 1496 1107 1531 ἀνδρὸς
1131 1498 1218 1533 αὐτῆς
1237 1498 1320 1533 θανὴν
1348 1499 1465 1534 ἐντίμως
1480 1501 1527 1527 καὶ
1543 1500 1635 1533 καλῶς
1660 1502 1731 1528 ἀπε-

947 1583 1048 1611 habere
1067 1586 1241 1621 minatusque
1251 1588 1343 1615 dicere
1358 1588 1473 1620 solebat,
1485 1597 1527 1622 se,
1538 1599 1598 1617 cum
1611 1592 1728 1626 primum

947 1630 1119 1657 occasionem
1139 1631 1290 1659 invenisset
1306 1638 1333 1659 et
1347 1640 1430 1667 regno
1445 1634 1549 1667 potitus
1567 1640 1652 1668 esset.
1673 1637 1729 1664 Ro-

947 1682 1102 1707 manorum,
1126 1677 1181 1705 imo
1196 1677 1417 1706 Christianorum
1434 1681 1556 1708 omnium
1582 1681 1728 1716 imperium

946 1721 1121 1754 perditurum
1139 1727 1167 1749 et
1191 1723 1357 1751 dcleturum.
1377 1718 1409 1752 Et
1426 1732 1490 1752 vero
1515 1726 1580 1753 urbs
1605 1735 1678 1755 nunc
1700 1728 1728 1756 in

946 1767 1080 1800 angustiis
1093 1773 1133 1794 est
1150 1774 1260 1803 propter
1278 1769 1428 1804 principetn
1450 1778 1541 1798 meum
1558 1776 1587 1799 et
1610 1772 1729 1807 impera-

948 1816 1034 1839 torem
1053 1821 1147 1841 tecens
1173 1823 1286 1849 regnum
1311 1816 1451 1850 adeptum,
1477 1817 1521 1844 cui
1539 1817 1573 1845 de
1596 1818 1729 1846 reditibus

946 1858 1051 1892 imperii
1065 1860 1166 1893 grande
1179 1867 1216 1888 aes
1231 1861 1350 1889 alienum
1370 1864 1530 1891 solvendum
1545 1869 1599 1898 est,
1619 1870 1728 1900 propter

945 1903 1131 1937 expeditiones
1145 1909 1172 1932 et
1184 1906 1309 1934 donativa
1323 1912 1378 1934 tum
1392 1908 1534 1943 militibus,
1551 1915 1608 1937 tum
1621 1911 1727 1939 cunctis

946 1950 1043 1976 aulicis
1053 1951 1149 1977 collata
1160 1952 1318 1980 conﬂatum.
1331 1952 1422 1986 Quare
1433 1956 1602 1989 temporibus
1615 1958 1728 1991 placatis

946 2001 1015 2028 opus
1028 1999 1079 2027 est.
1093 2001 1122 2022 ut
1137 1998 1218 2024 rebus
1230 1997 1263 2024 ad
1277 1997 1378 2025 bellum
1395 2001 1561 2028 necessariis
1578 2007 1605 2028 et
1620 2002 1728 2030 idoneis

946 2046 975 2066 se
993 2039 1217 2074 iustruatuQuod
1239 2042 1262 2070 si
1279 2042 1351 2070 Deus
1367 2048 1478 2078 propter
1495 2051 1612 2079 peccata
1632 2052 1725 2074 nostra

944 2087 1120 2120 concesserit,
1136 2094 1164 2114 ut
1174 2096 1290 2123 nequam
1303 2090 1356 2122 ille,
1368 2091 1483 2125 juvenili
1497 2092 1612 2119 audacia
1627 2099 1654 2120 et
1667 2096 1728 2122 ani-

946 2133 981 2159 mi
994 2134 1125 2167 pravitate
1138 2140 1226 2168 aetus,
1240 2136 1334 2162 urbem
1350 2137 1420 2164 bello
1431 2138 1618 2173 aggrediatur.
1632 2142 1725 2168 nescio

945 2178 1083 2212 equidem.
1101 2179 1166 2212 quid
1183 2181 1264 2208 nobis
1289 2181 1412 2208 futurum
1438 2184 1484 2210 sit.
1509 2184 1638 2212 Proiecto
1662 2186 1725 2213 felix

944 2227 1060 2252 nuntius
1074 2224 1154 2257 foret,
1173 2228 1195 2254 sl
1208 2227 1347 2261 juvenem,
1364 2229 1411 2263 qui
1426 2237 1501 2257 nunc
1514 2237 1621 2258 ameras
1637 2233 1726 2259 factus

944 2275 996 2300 est.
1010 2271 1113 2299 obiisse
1138 2273 1292 2306 nuntiares,
1315 2275 1449 2309 siquidem
1464 2282 1541 2311 pater
1559 2278 1619 2312 ejus
1642 2279 1724 2307 alium

944 2317 1028 2344 ﬁlium
1050 2326 1105 2345 non
1128 2319 1241 2347 haberet
1256 2326 1282 2347 et
1297 2322 1355 2348 seni
1371 2329 1386 2349 e
1404 2321 1479 2349 luctu
1503 2324 1622 2351 oriretur
1639 2333 1725 2359 a‘g-ro-

944 2363 1020 2396 tatio,
1034 2372 1066 2390 ex
1081 2367 1258 2399 a'grotatione
1270 2367 1424 2395 deminutio
1445 2370 1507 2396 vitae
1523 2378 1530 2396 :
1547 2371 1618 2398 unde
1637 2371 1662 2398 in
1677 2380 1723 2406 pe-

944 2409 1060 2436 riculum
1074 2415 1100 2436 ct
1113 2418 1238 2445 magnam
1253 2413 1562 2442 seditionemvincideret
1576 2416 1723 2451 impiorum

943 2455 1098 2490 imperium,
1120 2463 1212 2485 nostra
1228 2464 1320 2486 autem
1339 2460 1448 2488 interim
1466 2462 1557 2489 omnia
1574 2464 1683 2491 restitui
1697 2470 1725 2492 et

943 2502 1128 2530 administrari
1140 2509 1264 2538 possent,
1277 2510 1306 2532 ut
1316 2507 1466 2533 auctoritas
1477 2507 1650 2542 imperatoris
1662 2510 1725 2536 inde

943 2550 1015 2577 haud
1031 2550 1112 2584 paulo
1128 2550 1287 2579 honoratior
1308 2560 1423 2579 evasura
1442 2552 1549 2580 fuisset.
1566 2563 1576 2579 ι
1597 2553 1664 2581 Tum
1678 2562 1723 2582 rer

943 2595 1140 2629 Trapezuntius
1155 2597 1190 2623 ita
1203 2598 1343 2631 respondit
1359 2607 1365 2625 :
1385 2608 1394 2624 ‹
1409 2598 1448 2624 Tu
1461 2606 1523 2625 eum
1537 2598 1595 2632 ipse
1606 2599 1644 2626 sis
1655 2607 1725 2626 unus

941 2649 956 2668 e
975 2643 1156 2676 prudentibus
1172 2647 1199 2669 et
1223 2644 1317 2677 peritis
1333 2645 1399 2671 viris
1426 2644 1499 2671 illius
1520 2645 1601 2676 aulae,
1629 2646 1726 2672 melius

942 2688 1035 2722 utique
1045 2689 1094 2715 ista
1107 2688 1216 2715 novisti.
1228 2689 1370 2716 Enimvero
1386 2691 1466 2722 Deus,
1478 2697 1531 2724 qua
1542 2695 1585 2716 est
1595 2693 1724 2724 potentia,

941 2735 1010 2768 frugi
1029 2735 1105 2761 illum
1123 2735 1213 2762 fat-iet.
1234 2745 1242 2761 ι
1273 2735 1320 2762 llic
1337 2744 1396 2770 ego,
1428 2746 1437 2761 ι
1454 2735 1576 2770 Magnas,
1600 2736 1722 2771 inquam,

941 2782 1042 2816 gratias
1066 2790 1116 2817 ago
1143 2782 1290 2816 integritati
1318 2788 1345 2810 et
1373 2779 1489 2810 consilio
1507 2783 1633 2818 potentiae
1657 2787 1722 2815 tuae,

942 2829 1071 2864 quoniam
1089 2837 1140 2856 non
1164 2834 1256 2855 lttultt<
1280 2838 1351 2862 sum,
1379 2834 1510 2864 quantum
1536 2830 1664 2864 maiestas
1679 2836 1724 2858 tua
