1931 3079
95 161 146 194 817

592 165 816 196 CIIRONICON
837 168 971 200 MAJUS.
990 181 1023 186 -’
1040 169 1112 201 LIB;
1138 169 1195 200 ΙΙΙ.

1672 166 1731 199 818³

99 223 157 256 ρίου
175 221 281 256 θέλημα
296 222 457 257 γενήσηται,
476 223 536 250 ἐπεὶ
550 225 690 260 συμφέρον
706 227 739 261 τῇ
759 225 884 262 βασιλείᾳ
898 228 922 257 Α
936 229 1025 261 γονεῖς
1037 228 1121 263 αὐτῆς
1138 229 1223 263 ἡδέως
1235 230 1281 256 καὶ
1294 229 1421 263 ἁσμένως
1436 228 1482 254 eo:
1493 228 1572 262 λόγον
1585 218 1729 261 ἐδέξαντο,

96 267 144 294 σού
159 269 217 294 ἐστι
242 268 274 294 τὰ
298 269 487 303 προειρημένα
504 270 567 304 τρία
589 271 673 302 αἴτια,
687 271 735 298 ἐὰν
759 273 883 306 γένηται,

96 313 208 347 μᾶλλον.
227 314 282 340 Καὶ
294 315 319 340 oi
340 317 429 348 γονεῖς
446 315 532 349 αὑ·εῆς
549 317 706 351 περιχαρῶς
735 319 781 344 καὶ
799 319 885 352 ἀσμέ-

97 367 151 390 νως
167 359 288 392 δέξονται
313 361 403 388 τοῦτο.
434 361 640 394 Ἐξαπὸστειλον
662 360 710 388 οὖν
725 362 807 394 εὐθύς
822 371 884 390 τινα

97 405 193 431 πιστὸν
208 405 263 432 τῶν
275 406 324 432 τοῦ
340 405 470 433 παλατίου
488 415 534 433 σου
559 407 699 442 ἀρχόντων
716 409 731 443 ἦ
746 409 801 435 τῶν
815 410 886 444 [ερο-

97 451 255 487 μονάχωνῆ
278 452 417 487 μοναχῶν,
439 453 485 479 καὶ
510 454 544 479 τὰ
566 455 632 489 περὶ
656 456 753 481 τούτου
771 455 886 490 διορθώ-

97 506 184 529 σουσι,
200 499 246 525 καὶ
271 498 392 534 ἀναϐολὴ
415 500 528 533 οὐδεμία
552 501 709 536 γενήσεται.
729 514 738 527 ι
761 502 885 529 Ἀποσομ

95 544 197 571 θέντων
211 542 259 571 οὖν
273 545 327 571 τῶν
348 547 638 580 γραμματοκομιστῶν
662 549 732 581 μετὰ
752 549 802 582 τῆς
819 549 884 582 νηὸς

94 592 124 616 ἐν
138 592 169 626 τῇ
186 591 264 617 πόλει
280 592 311 626 τῇ
330 591 374 627 κη’
388 592 490 624 Μαΐου,
515 593 563 619 xii.
589 595 602 619 6
629 593 756 628 βασιλεὺς
779 595 816 620 ὢν
844 597 884 626 εἰς

81 637 191 671 ,χοιράγ
199 645 259 672 ραν,
273 637 312 669 ὼς
325 638 450 673 ἐμηνύθη
464 639 540 675 αὐτῷ
556 640 639 675 216
649 641 691 667 ὃτι
704 641 775 672 τινὲς
790 642 822 667 ἐκ
835 642 884 675 τῆς

70 678 76 682 ’
102 683 223 717 Ἰϐηρίας
247 683 420 718 ἐληλύθασιν,
446 685 530 716 ἐάσας
555 687 586 712 τδ
613 686 745 721 συάγριον
771 687 800 713 ἐν
828 689 883 718 τοῖς

94 729 258 764 ἀνακτόροις
273 727 339 764 ἦλθε
355 730 426 764 μετὰ
449 732 549 766 χαρᾶς.
574 732 618 757 Ἐν
638 729 660 766 ᾦ
680 733 711 767 δὴ
732 733 822 768 καιρῷ
837 733 884 767 ἐφ-

93 774 181 801 θασαν
196 776 221 801 οἱ
236 778 465 811 χαρτοκομισταὶ,
482 778 515 813 τῇ
530 781 574 811 κη’
587 778 634 804 τοῦ
649 779 750 811 Μαΐου,
763 782 796 815 τῇ
813 780 882 815 αὐτῇ

93 820 174 846 νυκτὶ
190 820 338 848 ὑπνώττων
355 822 442 857 ἐφάνη
470 831 515 858 μοι
541 824 602 850 κατ’
624 824 689 858 ϐναρ
705 825 746 851 ὅτι
762 826 809 851 καὶ
827 825 884 859 ἐγὼ

91 866 133 897 εἰς
149 865 199 901 τὴν
221 867 510 896 Κωνσταντινούπολιν
527 869 645 904 ἔφθασα,
661 871 708 897 καὶ
727 871 885 907 προσσπεύ-

93 920 145 943 σας
166 912 205 947 τῷ
230 913 338 948 βασιλεῖ
363 915 540 950 ἀοπασθῆναί
564 926 597 951 με
615 918 677 949 τοὺς
694 918 779 949 πόδας
800 918 884 945 αὑτοῦ

92 958 144 985 οὐκ
161 959 237 986 εἴασέ
254 968 300 994 με,
312 961 370 987 ἀλλ’
385 961 525 988 ἐπιλαϐὼν
540 963 675 996 ἀνέστησέ
692 971 725 997 με
741 964 789 989 καὶ
802 972 885 989 κατε-

92 1005 191 1040 φίλησε
210 1014 261 1040 μου
285 1007 346 1038 τοὺς
358 1007 528 1042 ὀφθαλμούς.
545 1009 654 1042 Ἔγωγε
671 1008 787 1042 ἔξυπνος
810 1009 886 1042 γενόο

98 1060 180 1086 μενος
200 1050 277 1079 εἷπον
297 1054 353 1084 τοῖς
370 1055 436 1089 περὶ
463 1055 514 1089 ἐμὲ
538 1055 652 1082 ὐπνοῦσι
670 1056 699 1082 τὺ
716 1056 819 1091 ὅραμα,
835 1057 883 1083 καὶ

90 1098 168 1128 ὅπως
182 1096 233 1131 τῆς
245 1097 354 1133 ἡμέρας
369 1100 587 1133 μνημονεύσωσι.
610 1101 685 1127 Ἰδὼν
704 1100 750 1127 οὖν
763 1102 776 1127 6
789 1101 885 1128 αὐθέν-

89 1150 142 1176 της
163 1150 214 1175 μου
238 1143 284 1169 καὶ
309 1143 437 1178 βασιλεὺς
454 1145 492 1180 μὴ
517 1145 604 1171 ἐλθεῖν
623 1154 670 1179 με,
689 1145 749 1172 ἀλλ’
771 1146 803 1172 ὲκ
829 1146 884 1172 τῶν

91 1190 143 1214 σὺν
163 1189 236 1223 ἐμοὶ,
251 1190 298 1215 καὶ
317 1189 367 1225 τὴν
383 1190 497 1226 πρώτην
515 1191 625 1227 γραφὴν
648 1193 813 1226 ἀναγνώσας
834 1201 883 1220 πε-

93 1233 209 1268 ρίλυπος
224 1235 336 1269 ἐγένετο
351 1237 399 1263 καὶ
411 1237 556 1272 ἐδυσφόρει
569 1239 733 1273 κατηγορῶν
746 1239 797 1273 τὴν
811 1239 883 1274 ἐμὴν

90 1280 247 1316 βραδύτητα
257 1289 264 1296 ·
279 1281 317 1313 ὡς
331 1282 360 1308 δὲ
375 1281 424 1317 τὴν
447 1283 547 1318 ἑτέραν
561 1285 673 1320 γραφὴν
691 1285 738 1311 ἐπὶ
762 1285 813 1321 τὴν
829 1285 879 1312 αῦ-

90 1334 151 1361 ριον
178 1327 298 1361 ἀνέγνω,
326 1328 374 1354 καὶ
399 1329 492 1362 μαθὼν
511 1330 621 1365 μέλλειν
646 1330 734 1358 ἐλθεῖν
761 1331 806 1358 διὰ
831 1332 882 1367 τῆς

91 1373 213 1407 γραφῆς,
230 1374 284 1400 ἰδοὺ
297 1374 420 1410 ἠρκέσθη
437 1375 483 1402 καὶ
507 1376 616 1411 χαρίεις
633 1379 797 1413 ὲναπὲμεινε
810 1387 817 1394 ·
834 1379 881 1406 καὶ

90 1419 173 1452 εὐθὺς
198 1421 383 1456 οἰκονομήσας
407 1422 535 1458 Μανουὴλ
559 1423 607 1450 τὸν
637 1424 819 1460 Παλαιολόγον
835 1425 882 1453 τὸν

89 1466 143 1500 τῆς
170 1466 404 1502 Καντακουζηνῆς
430 1469 480 1503 τῆς
503 1471 798 1506 πρωτοστρατορίσσης
816 1473 880 1498 ἀνε-

90 1512 165 1546 ψιὸν,
179 1513 371 1545 ἐξαπέστειλεν
385 1514 466 1540 αὑτὸν
480 1515 547 1551 πρὸς
566 1516 613 1543 τὸν
628 1516 679 1550 τῆς
703 1511 878 1551 ΣερϐἰαςἛε-

938 274 985 299 καὶ
1000 273 1115 308 ἑτοίμως
1126 273 1200 309 εἶχον
1217 274 1396 309 ἐκπληρῶσαι
1411 276 1458 301 καὶ
1473 275 1503 300 τὸ
1518 275 1610 310 ἔργον.
1627 275 1726 301 ’Δλλον

937 320 992 354 γὰρ
1008 321 1058 346 οὑκ
1076 321 1196 347 ἐκώλυσε
1213 321 1242 347 τὸ
1267 321 1390 348 τοιοῦτον
1409 321 1577 347 συνοικέσιον
1591 322 1615 347 εἰ
1634 321 1670 355 μὴ
1684 321 1727 346 ὅτι

937 365 953 400 ἡ
973 365 1115 399 ἀμήρισσα
1136 365 1232 400 ἐδεήθη
1249 365 1297 391 τοῦ
1321 364 1389 392 Θεοῦ
1407 365 1543 399 εὐχομένη
1562 364 1669 396 τάξασα
1687 363 1728 388 ἔτι

937 410 1039 442 ζῶντος
1057 410 1103 436 τοῦ
1119 411 1215 446 ἀμηρᾶ
1237 412 1284 437 καὶ
1299 411 1397 445 ἀνδρδς
1417 410 1513 445 αὐτῆς,
1529 410 1553 436 εῐ
1570 411 1583 436 6
1600 409 1667 440 Θεὸς
1679 408 1728 442 οῐῳ

936 456 967 491 δή
989 465 1052 482 ποτε
1065 457 1159 491 τρόπῳ
1173 457 1345 492 ἐλευθερώσῃ
1365 457 1451 492 αὐτὴν
1468 456 1500 482 ἐκ
1517 457 1567 487 τὰς
1585 455 1640 481 τῶν
1665 455 1729 481 ἀσε-

937 502 992 528 ϐῶν
1006 503 1109 537 χεῖρας,
1125 501 1213 537 ἑτέρῳ
1230 502 1307 536 ἀνδρὶ
1332 503 1432 537 μηκέτι
1449 502 1478 527 ὲν
1505 502 1538 536 τῇ
1569 500 1650 535 217
1669 499 1727 534 ζωῇ

937 547 1024 581 αὐτῆς
1037 547 1212 582 συζευχθείη,
1224 547 1292 574 ἀλλὰ
1308 548 1400 582 μένειν
1415 547 1499 581 αὐτὴν
1514 547 1543 572 ὲν
1560 545 1727 580 σοφρωσύνῃ

936 594 1161 627 παρθενεύουσαν
1186 595 1234 621 καὶ
1260 594 1333 621 κατὰ
1360 594 1392 620 τὸ
1419 593 1533 620 δυνατὸν
1561 591 1729 626 θεραπεύειν

935 640 995 678 Θεῷ
1013 639 1051 674 τῷ
1065 640 1115 676 τὴν
1133 641 1291 676 ἐλευθερίαν
1310 640 1397 674 αὐτῆς
1414 639 1620 674 χορηγήσαντι·
1637 637 1671 664 δι’
1696 637 1729 672 ἥν

935 686 1027 712 αἰτίαν
1043 686 1072 712 τὸ
1090 687 1260 712 συνοικέσιον
1280 686 1359 712 τοῦτο
1376 686 1425 712 οὐκ
1441 685 1562 720 ἐγένετο.

970 732 1015 766 Τῷ
1031 733 1079 759 τοῦ
1105 731 1187 759 αὐτοῦ
1206 733 1282 764 ἔτους
1306 732 1456 767 Αὐγούστῳ
1485 733 1552 767 μηνὶ
1571 731 1650 765 διέϐη
1673 729 1728 757 ἀπὺ

935 778 984 812 τῆς
999 778 1105 809 πόλεως
1117 778 1154 810 ὡς
1172 779 1258 812 φυγὰς
1272 780 1285 804 6
1301 778 1477 814 πατριάρχης
1492 778 1545 813 κῦρ
1561 777 1727 813 Γρηγόριος.

935 824 1056 858 καὶ-ἐγὼ
1078 826 1110 859 τῇ
1139 825 1168 851 ιδ’
1187 824 1234 851 τοῦ
1261 825 1450 860 Σεπτεμϐρίου
1476 825 1561 860 μηνὸς
1588 824 1635 850 τοῦ
1650 823 1728 857 ,ςεῇἓ

935 870 1013 901 ἔτους
1037 871 1077 901 είς
1107 870 1397 897 Κωνσταντινοΰπολιν
1423 871 1555 897 ἀπέσωσα
1584 870 1654 906 μετὰ
1679 872 1730 905 τῆς

937 916 1001 951 νηὸς
1018 915 1065 942 τοῦ
1087 916 1171 942 καλοῦ
1186 916 1332 942 ’Λντωνὶου
1355 917 1472 949 Ῥῑτζου,
1487 917 1534 943 τοῦ
1551 918 1600 943 καὶ
1614 916 1730 952 ὕστερον

939 960 1166 996 μαρτυρήσαντος
1190 960 1261 996 ὑπὲρ
1291 961 1342 996 τῆς
1370 961 1410 992 εις
1435 961 1556 996 Χριστὸν
1580 961 1661 987 αὺτοῦ
1686 961 1731 987 πί-

938 1015 1035 1036 στεως.

973 1051 1007 1087 β’.
1024 1051 1146 1084 Τελέσας
1159 1051 1205 1080 οὖν
1222 1053 1277 1087 ἐγὼ
1292 1053 1321 1079 τὸ
1337 1052 1506 1079 συνοικέσιον
1523 1054 1550 1079 ὲν
1564 1054 1596 1088 τῇ
1613 1052 1729 1089 Ἰϐηρίᾳ,

936 1098 980 1125 ἵνα
998 1099 1070 1134 λάϐῃ
1092 1099 1105 1125 ὁ
1120 1099 1255 1134 αὐθέντης
1273 1107 1323 1134 μου
1339 1099 1388 1134 τὴν
1411 1099 1458 1125 τοῦ
1474 1100 1563 1126 ἐκεῖσε
1581 1099 1666 1134 ρηγὺς
1683 1099 1731 1125 0o-

936 1145 1052 1180 γατέρα,
1067 1145 1143 1176 είδὼς
1160 1146 1202 1172 ὅτι
1218 1147 1344 1180 κρεῖττον
1367 1144 1401 1181 ἦν
1418 1146 1448 1172 τὸ
1468 1147 1496 1173 ὲν
1516 1147 1549 1181 τῇ
1563 1146 1670 1182 Ἰϐηρίᾳ
1683 1146 1730 1172 τοῦ

935 1192 985 1225 τῆς
1013 1190 1233 1226 Τραπεζοῦντος.
1261 1189 1328 1218 Εῐπέ
1358 1200 1403 1225 μοι
1419 1191 1474 1226 γὰρ
1501 1193 1514 1218 6
1539 1193 1589 1226 τῆς
1608 1190 1730 1226 Ἰϐηρίας

936 1237 1138 1273 προειρημένος
1155 1237 1205 1273 ρὴξ
1216 1237 1318 1264 τοιάδε·
1337 1246 1346 1263 ι
1365 1238 1422 1263 Οὐκ
1438 1237 1495 1264 ἐστι
1514 1237 1649 1272 συνήθεια.
1663 1228 1730 1273 παρ’

935 1283 1001 1318 ἡμῖν
1016 1283 1060 1309 ἴνα
1072 1282 1181 1310 διδῶσιν
1197 1284 1328 1319 χρήματα
1339 1284 1365 1310 αἱ
1378 1284 1509 1317 γυναῖκες
1522 1284 1579 1314 τοῖς
1595 1283 1727 1318 ἀνδράσιν

934 1329 982 1360 οὒς
997 1329 1126 1364 μέλλουσι
1140 1329 1247 1362 λαϐεῖν,
1262 1329 1320 1355 ἀλλ’
1336 1330 1360 1356 οἱ
1378 1330 1475 1365 ἄνδρες
1492 1331 1552 1361 ταῖς
1570 1330 1725 1363 γυναιξίν.»

941 1374 1014 1408 Ἐγὼ
1029 1374 1057 1401 δὲ
1070 1374 1232 1409 ἀποκριθεὶς
1242 1375 1327 1402 αίτῶν
1342 1375 1457 1410 ἱλασμὸν
1469 1374 1535 1410 παρ’
1550 1374 1636 1401 αὑτοῦ
1646 1375 1729 1408 λέγω·

937 1430 947 1446 ι
964 1421 1021 1448 Οὔκ
1037 1421 1143 1456 ἥκουσα
1155 1422 1266 1448 πώποτε
1281 1421 1411 1456 τοιαύτην
1427 1421 1573 1456 συνήθειαν
1589 1422 1635 1448 καὶ
1648 1421 1730 1456 νόμον

933 1467 971 1499 ὡς
987 1469 1002 1502 ἡ
1019 1467 1144 1503 βασιλεία
1171 1477 1217 1495 σου
1244 1470 1438 1503 προστάττεις.
1460 1477 1469 1493 ι
1499 1468 1529 1495 '0
1555 1468 1583 1495 δὲ
1600 1468 1731 1504 βασιλεὺς
1752 1502 1756 1504 _

933 1516 1063 1549 γελάσας,
1087 1515 1156 1550 τάχα
1174 1515 1324 1550 θαυμάζων
1348 1516 1412 1547 τοὺς
1424 1516 1521 1548 λόγους
1549 1524 1611 1550 μου,
1636 1513 1725 1541 εἷπεν·

93 1559 208 1594 σπότην,
229 1559 271 1586 ίνα
289 1559 426 1596 δοκιμάσῃ
449 1561 497 1589 καὶ
516 1562 560 1599 ἴδῃ
590 1564 654 1598 περὶ
677 1563 707 1589 οὗ
724 1565 752 1590 έν
775 1565 808 1599 τῇ
826 1565 880 1600 ἐμῇ
896 1564 919 1596 c
938 1570 947 1586 ι
965 1561 1021 1587 Οικ
1037 1558 1120 1592 οἶδας,
1137 1560 1285 1595 τιμιώτατε
1301 1560 1378 1594 ἄνερ,
1390 1560 1416 1587 τί
1429 1569 1513 1595 φησιν
1529 1561 1543 1587 6
1556 1562 1644 1596 μέγας
1661 1562 1731 1588 Και-

88 1606 224 1642 ὲττιοτολῇ
238 1606 367 1643 γέγραφα
385 1609 569 1636 συνοικεσίου.
595 1609 650 1636 Καὶ
675 1610 842 1643 ἀκούσαντες
857 1612 881 1638 οί

93 1701 165 1721 uxor
181 1694 242 1727 fuit,
259 1700 286 1723 et
312 1695 346 1723 ab
363 1703 406 1729 eo,
424 1697 514 1730 aiunt,
540 1706 572 1726 ne
592 1703 663 1726 tacta
681 1699 795 1734 quidem
813 1704 854 1726 est
873 1707 879 1725 :

92 1748 179 1775 quare
194 1749 243 1769 nec
255 1742 403 1770 liberorum
417 1745 567 1780 quidquam
581 1747 684 1777 genuit.
700 1747 739 1773 Ad
754 1751 880 1781 quartam

90 1787 148 1820 jam
168 1788 303 1816 rationem
318 1790 391 1824 quod
413 1791 521 1824 attinet,
543 1792 652 1819 etiamsi
667 1800 772 1820 annosa
785 1798 837 1824 est,
857 1793 880 1820 si

92 1835 259 1869 conceperit,
286 1835 332 1863 ﬁet
357 1837 451 1870 utique
468 1838 593 1865 voluntas
618 1838 674 1871 Dei,
691 1839 802 1873 quando
823 1843 880 1866 tres

92 1885 155 1906 ante
166 1887 385 1910 commemorata:
394 1884 513 1911 rationes
523 1884 657 1919 majestati
667 1891 719 1913 tu:e
729 1885 881 1913 commoda:

91 1933 182 1953 erunt.
196 1926 326 1956 Parentes
343 1929 405 1964 ejus
422 1934 513 1957 autem
529 1930 648 1958 libenter
662 1936 689 1958 et
706 1931 804 1966 cupide
819 1939 879 1958 eam

91 1973 278 2001 conditionem
302 1975 446 2010 arripient.
465 1976 506 2003 Tu
528 1977 585 2011 jam
607 1976 755 2006 confestim
775 1977 878 2005 mittito

92 2018 161 2046 mihi
176 2018 282 2047 ﬁdelem
297 2022 453 2056 quempiam
475 2022 509 2049 de
526 2023 694 2057 primoribus
709 2023 816 2058 palatii,
833 2028 881 2052 aut

43 2060 44 2066 “
93 2067 329 2099 hieromonachis,
355 2074 404 2096 aut
428 2070 581 2103 monachis,
599 2078 697 2106 resque
716 2072 774 2099 hare
789 2072 879 2100 admi-

93 2112 266 2146 nistrabitur,
283 2121 335 2142 nec
348 2115 401 2142 ulla
419 2123 498 2143 mora
513 2117 575 2144 erit.
591 2126 600 2142 ι
618 2115 686 2144 Cum
705 2117 722 2144 ii
743 2118 790 2152 qui
804 2118 880 2145 litte-

93 2166 137 2186 ras
151 2160 308 2194 portabant,
321 2161 389 2188 salvi
408 2161 442 2189 ad
460 2163 555 2190 urbem
569 2165 742 2199 appulissent
753 2165 797 2192 die
814 2165 877 2192 Maii

91 2204 138 2238 ‘28,
161 2205 321 2240 imperator,
340 2208 386 2243 qui
405 2207 475 2236 forte
490 2208 571 2244 apros
592 2212 755 2245 venabatur,
776 2212 879 2239 certior

93 2251 194 2285 factus,
207 2250 352 2282 advenisse
366 2255 499 2290 quosdam
516 2263 548 2283 ex
563 2256 664 2289 Iberia,
684 2258 778 2285 relicta
800 2266 882 2286 vena-

95 2298 180 2331 tione,
208 2301 380 2330 lzetabundus
401 2303 532 2339 palatium
556 2305 644 2340 petiit.
676 2306 736 2339 Quo
760 2312 885 2342 tempore

96 2345 228 2374 tabellarii
241 2348 422 2381 advenerunt.
441 2350 484 2378 die
495 2350 530 2378 28
546 2351 620 2383 Maii,
632 2352 726 2379 eadem
741 2356 822 2380 nocte
835 2361 883 2387 per

94 2399 222 2420 somnum
239 2394 313 2422 risus
325 2396 392 2424 mihi
409 2404 470 2424 sum
485 2403 512 2425 et
524 2397 582 2432 ipse
592 2398 688 2426 adesse
700 2398 788 2433 Cpoli,
803 2406 883 2427 cum-

94 2448 147 2474 que
174 2440 332 2470 festinarent
351 2444 384 2471 ad
405 2445 610 2480 imperatorem,
629 2454 715 2482 genua
736 2447 797 2481 ejus
825 2455 885 2474 am-

96 2487 234 2520 plrxurus,
256 2489 366 2516 retineri
381 2490 416 2517 ab
431 2499 463 2519 eo
478 2495 507 2518 ct
528 2492 667 2520 sublevari
681 2497 708 2520 et
724 2494 823 2521 osculo
839 2501 884 2520 sa-

95 2533 187 2560 lutari.
202 2533 426 2570 Expergefactns,
443 2537 475 2565 iis
489 2538 536 2572 qui
552 2538 624 2565 circa
640 2546 684 2566 me
695 2539 882 2570 dormiebant,

95 2580 230 2608 smntiium
252 2582 372 2616 narravi,
388 2587 470 2618 atque
486 2583 553 2616 dixi,
569 2589 598 2611 nt
611 2585 663 2612 diei
681 2585 883 2612 meminissent.

97 2627 245 2660 Imperator
263 2632 366 2661 autent,
393 2629 522 2656 dominus
543 2638 633 2663 meus,
653 2631 698 2657 ubi
719 2637 773 2657 nou
794 2631 882 2665 ipsum

97 2681 148 2706 me,
165 2673 211 2700 sod
231 2681 246 2701 e
262 2675 408 2704 comitibus
427 2676 546 2711 aliquem
561 2677 658 2703 adesse
673 2677 882 2710 animadvertit,

95 2723 122 2746 rt
148 2720 267 2753 priorem
284 2721 350 2755 legit
366 2722 522 2759 epistolam,
541 2727 657 2750 mmstus
678 2722 777 2755 factus,
792 2724 884 2759 segni-

97 2766 161 2792 tiam
176 2774 265 2794 meam
281 2775 352 2803 azgre
367 2770 429 2796 tulit
447 2770 657 2805 accusavitque.
675 2769 724 2797 Ubi
741 2775 831 2798 autem
846 2771 885 2797 al-

99 2815 184 2838 teram
201 2811 245 2839 die
259 2814 384 2847 sequenti
406 2815 469 2849 legit
485 2823 584 2849 meque
599 2821 743 2843 venturum
760 2823 821 2843 esse
841 2817 884 2843 di-

97 2857 173 2890 dicit,
183 2858 322 2892 acquievit
333 2863 359 2886 et
372 2859 472 2887 laetitiae
484 2868 515 2888 se
526 2861 612 2893 dedit,
626 2863 774 2896 statimque
790 2870 880 2888 rerum

99 2904 196 2932 notitia
211 2905 371 2934 instructum
391 2906 543 2935 Manuelout
563 2907 756 2943 Paizcologuen,
782 2908 883 2935 Canta-

935 1607 1047 1642 σάριο;;
1064 1607 1207 1641 Διαφόρων
1224 1607 1309 1633 ἐθνῶν
1327 1607 1429 1643 τρόπον
1452 1616 1482 1633 τε
1508 1609 1555 1634 καὶ
1571 1609 1654 1642 νόμον
1667 1609 1730 1644 ὲξη-

934 1708 1044 1727 cuzeuat
1057 1699 1303 1735 protostratorissm
1315 1697 1526 1730 consobrinum,
1540 1698 1573 1725 ad
1585 1698 1728 1733 despotam

933 1747 1035 1774 Servis:
1052 1747 1199 1780 ablegavit,
1219 1750 1249 1772 ut
1271 1745 1295 1772 is
1311 1744 1345 1772 de
1361 1745 1498 1780 ccujugio,
1514 1745 1548 1772 de
1571 1752 1627 1779 quo
1642 1745 1732 1780 scrip-

933 1792 1198 1828 seram,inqnireret
1216 1799 1248 1818 ac
1262 1791 1380 1818 videret.
1398 1790 1527 1818 Parentes
1543 1790 1603 1825 ejus
1615 1791 1731 1818 libenter

933 1839 1067 1873 etcupide
1088 1838 1270 1866 conditionem
1289 1841 1468 1872 acceperunt,
1485 1841 1513 1863 et
1526 1837 1558 1864 ad
1573 1844 1629 1864 rem
1647 1837 1730 1872 perii-
1782 1838 1784 1843 '

932 1885 1057 1912 ciendam
1074 1884 1161 1919 parati
1174 1889 1261 1911 erant.
1274 1882 1354 1910 Nulla
1370 1883 1443 1910 enim
1458 1882 1511 1910 alia
1530 1891 1573 1910 res
1595 1883 1621 1910 id
1632 1882 1731 1918 conju-

933 1931 1006 1966 gium
1019 1931 1192 1963 impediebat,
1204 1930 1256 1958 nisi
1270 1930 1342 1965 quod
1358 1930 1500 1961 amerissa,
1515 1931 1575 1957 vivo
1587 1930 1730 1958 etiamtmn

932 1984 1023 2004 amera
1053 1977 1180 2012 conjuge,
1203 1976 1235 2004 ad
1252 1976 1339 2003 Deum
1364 1981 1472 2010 precata
1496 1977 1688 2007 constituerat,
1709 1975 1731 2003 si
1751 2011 1756 2017 ἡ

934 2017 1069 2058 Dettsquo
1085 2023 1192 2051 tandem
1205 2031 1314 2058 cunque
1327 2022 1405 2050 modo
1422 2023 1563 2050 liberasset
1576 2030 1605 2050 se
1615 2031 1629 2049 e
1645 2023 1731 2049 mani-

933 2070 983 2097 bus
999 2070 1154 2105 impiorum,
1171 2070 1218 2097 alii
1236 2069 1338 2097 nemini
1357 2077 1403 2105 per
1421 2074 1502 2096 totam
1519 2069 1600 2096 vitam
1614 2069 1729 2102 nubere,

932 2116 978 2144 sed
998 2116 1023 2143 in
1038 2116 1163 2143 castitate
1182 2116 1318 2151 virginali,
1334 2118 1406 2150 quod
1421 2119 1536 2142 restaret
1550 2115 1621 2147 vitm,
1644 2120 1730 2143 trans-

933 2161 1006 2196 igere
1031 2167 1058 2189 et
1073 2169 1123 2196 pro
1138 2161 1241 2189 viribus
1256 2161 1322 2195 Deo,
1348 2162 1487 2189 liberatori
1508 2169 1568 2193 suo,
1589 2163 1704 2189 servire.

974 2208 1103 2243 Ejusdem
1128 2209 1193 2235 anni
1208 2216 1304 2236 mense
1314 2209 1441 2243 Augusto
1458 2216 1491 2236 ex
1508 2208 1576 2235 urbe
1594 2208 1731 2244 profugus

939 2255 1005 2282 abiit
1017 2255 1167 2290 Gregorius
1182 2256 1350 2290 patriarcha,
1371 2259 1453 2291 atque
1469 2263 1520 2291 ego
1541 2256 1585 2283 die
1602 2257 1636 2283 it
1651 2264 1730 2283 men-

939 2301 978 2329 sis
1003 2302 1175 2336 Septembris
1205 2303 1270 2329 anni
1286 2302 1358 2330 6960
1377 2303 1483 2337 Cpolim
1507 2302 1608 2330 reverti
1623 2303 1650 2329 in
1669 2303 1730 2330 ιιιενί

938 2348 990 2375 viri
1011 2349 1108 2384 optimi
1140 2349 1252 2376 Antonii
1286 2348 1377 2382 Ritzi,
1404 2349 1528 2385 ejusdem
1557 2350 1604 2383 qui
1635 2355 1730 2384 postea

939 2400 1050 2430 propter
1067 2395 1146 2422 fidem
1162 2395 1266 2422 Christi
1283 2396 1445 2430 martyrium
1464 2395 1586 2430 pertulit.

973 2442 1002 2469 ‘2.
1016 2441 1128 2469 Confeci
1145 2441 1227 2477 igitur
1236 2441 1394 2476 conjngium
1408 2441 1543 2473 iulheria,
1556 2446 1585 2468 ut
1599 2442 1729 2469 dominus

939 2496 1018 2516 meus
1049 2489 1122 2516 illius
1136 2489 1208 2524 regis
1240 2488 1324 2516 tiliam
1347 2488 1472 2516 duceret.
1490 2487 1626 2516 Noveram
1643 2489 1726 2519 enim,

939 2536 1108 2563 connubium
1126 2536 1258 2563 Ibericum
1277 2541 1407 2571 prmstu'e
1430 2536 1627 2572 Trapeznutio.
1643 2537 1727 2564 Nam-

939 2589 992 2616 que
1006 2581 1042 2608 ita
1063 2581 1130 2608 mihi
1148 2582 1255 2608 dixerat
1276 2581 1418 2608 lberorum
1434 2589 1480 2609 rex
1497 2590 1504 2609 :
1526 2581 1625 2609 tNobis
1641 2581 1727 2608 moris

938 2636 992 2654 non
1012 2632 1063 2660 est,
1080 2632 1110 2654 ut
1136 2628 1227 2654 dotem
1244 2629 1310 2655 dent
1326 2628 1434 2655 feminm
1451 2628 1529 2659 viris,
1553 2628 1653 2662 quibus
1677 2635 1728 2654 uu-

937 2679 1026 2709 ptnrae
1039 2680 1114 2704 sunt,
1124 2674 1171 2701 sed
1182 2673 1232 2700 viri
1243 2674 1380 2701 feniiuis.)
1395 2674 1449 2708 Ego
1462 2674 1592 2708 praefatus
1607 2673 1725 2704 veniam.

938 2729 1077 2755 numquam
1092 2721 1182 2747 meldc
1197 2720 1250 2748 isto
1274 2728 1349 2747 tnore
1365 2720 1491 2755 autlt-gr,
1516 2721 1625 2753 qualem
1645 2720 1729 2754 maje-

939 2772 997 2793 stas
1014 2766 1100 2800 ipsius
1114 2767 1228 2798 dicaret,
1242 2767 1355 2794 audisse
1371 2767 1510 2801 respondi.
1522 2766 1592 2794 Tum
1607 2774 1653 2793 rex
1666 2767 1730 2794 sub-

938 2814 1030 2853 r‘idcns
1041 2818 1069 2841 et
1080 2814 1159 2848 quasi
1175 2814 1279 2841 mirans
1291 2814 1374 2841 verba
1391 2822 1470 2841 mea:
1489 2814 1613 2845 tScisne,
1629 2814 1729 2848 inquit,

939 2861 980 2887 vir
1004 2860 1236 2894 honoratissimo,
1255 2861 1323 2897 quid
1342 2869 1456 2896 magnus
1476 2861 1549 2888 dicat
1569 2860 1730 2887 Caesarius?

939 2907 1113 2935 Diversarum
1124 2908 1244 2942 gentium
1257 2915 1347 2936 mores
1357 2913 1383 2936 ct
1393 2908 1518 2936 instituta
1530 2908 1671 2943 explicans
1702 2921 1729 2942 ιη
