1931 3079
127 134 178 166 θοι

634 139 857 169 CilllONlCON
877 139 1012 170 MAJUS.
1026 152 1060 157 -
1075 140 1148 171 LIB.
1169 140 1225 170 ιιι.

1692 140 1759 172 822’

125 192 188 225 δίας
206 192 351 227 βεδαίωσις
370 195 418 222 καὶ
435 195 569 230 ἀσφάλεια
582 198 630 224 καὶ
645 198 841 233 ὲκσφράγισμά
853 199 910 224 ἐστι
924 197 950 227 Α
968 197 997 224 ’0
1012 197 1064 232 μὲν
1076 197 1315 233 Καντακουζηνὺς,
1325 198 1354 229 ὃς
1365 197 1419 224 ὰπδ
1432 197 1487 224 τῶν
1500 198 1587 226 ἄλλων
1602 197 1748 233 ἅπροσπα-

129 239 177 274 τῆς
192 240 230 271 εἰς
251 240 301 275 ἐμέ
319 249 369 267 σου
386 241 498 277 ἀγάπης
518 243 564 269 καὶ
576 243 752 278 δουλοσύνης,
767 245 814 270 καὶ
827 245 911 271 ἀντα-

127 285 227 318 μοισήν
250 293 293 312 σοι
309 286 410 319 ὀφείλω
434 287 484 319 ἕως
508 289 538 314 ὲν
560 290 616 320 τοῖς
632 288 716 321 ζῶσιν
731 289 908 324 εὑρίσκομαι,

126 332 190 358 ἐπεὶ
203 332 331 360 τοσοῦτον
347 334 519 366 κεκοπίακας
535 335 579 361 ἀεὶ
595 330 666 370 ὑπὲρ
681 334 761 370 ἐμοῦ,
776 335 825 362 καὶ
845 336 912 370 μᾶλ-

125 379 174 404 λον
189 379 224 404 τὰ
240 379 288 406 νῦν
302 380 485 413 ἐγκατέλιπες
498 381 542 407 ἰδν
567 379 642 408 οἶκόν
658 390 718 415 σου,
734 382 860 409 τοσοῦτον
879 381 911 417 δὴ

116 425 223 459 ’καιρὸν
237 425 332 461 πόρῤω
343 426 395 461 τῆς
409 427 458 461 σῆς
469 427 598 462 πατρίδος
612 428 688 460 ξένας
699 428 789 464 χώρας
802 437 913 464 περιερ-

126 472 253 506 χόμενος.
270 471 352 499 Ὅθεν
365 472 390 499 οἱ
407 474 496 499 ἐκεῖσε
512 474 684 508 κυριεύοντες
698 474 820 508 μεγάλας
833 475 912 510 εὐερ-

126 517 223 550 γεσίας
241 517 387 552 καὶτιμὰς
405 518 608 552 ἔπηγγέλλοντό
623 527 663 546 σοι
678 519 780 551 δοῦναι,
797 519 870 553 λέγω
888 520 912 546 οἱ

127 562 179 596 τῆς
202 562 324 596 Ἰσηρίας
346 564 392 591 καὶ
407 564 613 599 Τραπεζοῦντος
628 564 757 592 δεσπόται
773 565 820 592 καὶ
835 565 912 600 βασι-

126 607 195 639 λεῖς,
215 607 331 640 ἕκαστος
353 609 444 636 αὐτῶν
465 610 555 644 ζητῶν
584 619 625 637 σοι
650 611 719 646 ὑπὲρ
748 611 842 643 αὐτοῦ,
870 612 912 637 ἴνα

128 653 300 680 συνοικέσιον
332 655 391 689 μετ’
407 655 474 689 ἐμοῦ
502 656 626 692 τελέσῃς.
652 657 738 688 Αὐτὸς
760 657 787 682 δὲ
805 657 843 688 ὡς
859 657 911 683 σώ-

127 708 206 734 φρων
229 700 278 726 καὶ
306 701 401 732 πιστὸς
424 702 551 737 θεράπων
565 702 704 737 διέκρινας
719 704 750 730 τὸ
774 704 912 739 συμφέρον

128 754 175 779 μοι
190 746 236 772 καὶ
254 746 478 783 ὡφελιμώτερον,
488 750 537 776 καὶ
550 749 676 784 ἔδρασας,
687 751 735 777 καὶ
750 751 768 778 ἃ
783 751 913 786 νενόηκας

128 791 253 826 ἔγραψάς
271 801 318 828 μοι
344 794 547 828 συμϐουλεύων.
569 796 654 822 Τοῦτο
676 794 710 832 ἦν
732 798 803 832 μέγα
819 806 846 824 τι
866 799 912 824 ἐκ·

129 839 282 873 μαρτύριον
297 840 347 874 τῆς
370 840 439 875 πρὸς
455 841 507 875 ἐμέ
531 850 578 868 σου
597 843 704 874 εὐνοίας
727 844 773 870 καὶ
793 844 911 879 ἁγάπης⁸
932 865 952 892 Β

127 886 174 911 καὶ
191 885 419 921 πληροφορήθητι
434 887 543 921 άληθῶς
557 888 600 915 ὅτι
613 889 662 916 καὶ
681 891 746 924 παρ’
760 890 828 924 ἐμοῦ
844 890 915 923 ἕξεις

126 930 207 963 ἀξίαν
220 932 269 967 τὴν
284 932 460 968 ἀντάμειψιν,
488 933 540 966 ἕως
563 935 591 961 ὲν
609 937 664 967 τοῖς
688 935 772 968 ζῶσιν
787 937 912 972 ὑπάρχω.

128 976 198 1011 Περὶ
217 976 246 1003 δὲ
270 976 318 1004 τοῦ
346 978 375 1004 ἐν
392 978 492 1014 Σερὸίᾳ
512 980 684 1007 συνοικεσίου
706 977 794 1017 οὗπερ
810 983 916 1018 ὲρωτᾷς

129 1031 176 1056 με,
192 1024 408 1058 τοιουτοτρόπως
421 1025 662 1060 παρηκολούθησε.
679 1027 757 1053 Μετὰ.
774 1027 805 1054 τὸ
824 1028 916 1054 οανεῖν

128 1067 176 1094 τὸν
190 1069 301 1102 ἀμηρᾶν
320 1068 366 1095 καὶ
382 1069 430 1104 τὴν
449 1070 527 1105 221
553 1071 647 1098 τούτου
667 1072 785 1107 σύζυγον
812 1074 916 1100 ἐπανα-

130 1112 286 1148 στρὲψασαν
299 1113 367 1148 πρὸς
379 1114 425 1140 τὸν
441 1116 491 1150 τῆς
511 1116 627 1151 Σερὸίας
645 1117 781 1154 δεσπότην
804 1120 849 1146 τὸν
866 1127 917 1146 πα-

129 1158 196 1193 τέρα
219 1159 315 1192 αὐτῆς,
331 1159 470 1194 προσῆλθέ
491 1169 536 1194 μοι
563 1162 757 1197 συλλαλήσασα
773 1164 790 1198 ἠ
810 1172 918 1198 πρωτο-

131 1203 313 1238 στραιτόρισσα
338 1205 355 1239 ἡ
382 1207 515 1241 συγγενὴς
541 1207 626 1242 αὐτῆς
641 1209 707 1242 περὶ
723 1209 773 1243 τῆς
788 1210 917 1245 τοιαύτης

129 1247 298 1280 ὑποθέσεως,
313 1249 360 1275 καὶ
377 1249 508 1282 πλείστας
524 1251 614 1283 δόσεις
627 1253 676 1280 καὶ
690 1254 812 1288 προῖκας
831 1254 916 1288 ὲπηγε

130 1293 240 1326 γέλλετό
259 1303 317 1328 μοι,
334 1295 379 1321 καὶ
397 1296 465 1323 ἄλλα
485 1297 572 1324 πολλὰ
586 1298 788 1334 ὠφελιμώτατα
803 1300 917 1327 ἔπασσεν

130 1339 305 1376 ὑποσχομένη
320 1342 348 1368 ὲν
363 1341 402 1376 τῷ
419 1343 556 1376 μέλλοντι,
570 1343 641 1379 ἅπερ
655 1345 733 1378 κάγὼ
745 1346 798 1372 ἀπὸ
812 1346 917 1373 πολλῶν

132 1385 227 1412 αἰτιῶν
246 1382 361 1421 ὲνόμίσα
375 1387 464 1414 ταῦτα
480 1389 568 1424 ἀληθῆ
586 1388 658 1417 εἶναι
671 1392 716 1417 καὶ
732 1392 915 1427 συμφέροντα.

133 1430 229 1464 Ὅμως
243 1431 272 1458 δὲ
285 1432 313 1458 ὲν
328 1432 416 1468 τούτῳ
426 1433 480 1460 ἔδει
495 1435 541 1461 καὶ
553 1435 636 1470 ἑτέρα
652 1436 733 1472 βουλὴ
747 1437 794 1463 καὶ
811 1437 917 1472 σκέψις.

132 1477 210 1510 κάγὼ
224 1478 274 1504 οὐκ
297 1476 370 1513 εἶχον
388 1479 458 1512 μετά
473 1489 546 1512 τινος
563 1481 800 1517 συμϐουλευθῆναι
819 1484 864 1510 διὰ
889 1484 918 1510 τὸ

963 243 1017 274 θῶς
1033 244 1173 274 ἐδούλευε,
1189 244 1237 271 καὶ
1253 244 1332 275 αὐτὸς
1359 244 1505 271 ἀπέθανεν·
1532 245 1546 270 ὸ
1564 244 1593 270 δὲ
1610 243 1717 276 Λουκᾶς
1733 245 1747 269 ὁ

962 287 1091 324 Νοταρᾶς
1107 291 1233 325 φανερῶς
1253 291 1299 317 καὶ
1313 290 1425 324 ἀφανῶς
1443 290 1518 324 λέγει
1536 291 1577 317 ὅτι
1593 289 1679 321 οὐδεὶς
1692 290 1748 316 τῶν

963 336 1054 362 ἀλλων
1072 336 1160 371 πάρεξ
1184 336 1267 363 αὐτοῦ
1292 334 1346 363 οἶδε
1373 336 1399 363 τι
1426 338 1511 369 ποιεί,
1535 336 1559 362 εί
1576 336 1613 370 μὴ
1628 336 1663 362 τὰ
1681 336 1747 370 παρ’

964 381 1047 408 αὑτοῦ
1062 381 1197 415 λεγόμενα
1212 382 1258 407 καὶ
1277 382 1428 414 ποιούμενα
1439 381 1639 416 διισχυρίζεται
1659 381 1747 416 ἀληθῆ

965 427 1011 454 καὶ
1027 427 1097 454 καλὰ
1111 425 1189 458 εἶναι,
1203 427 1250 453 καὶ
1262 427 1352 453 πάντα
1365 426 1440 453 λίθον
1453 428 1534 458 κινεῖ,
1549 427 1580 454 τδ
1594 427 1641 453 τοῦ
1655 427 1748 460 λόγου,

964 470 1002 502 ὡς
1018 470 1065 497 καὶ
1080 471 1161 502 αὐτὸς
1176 470 1267 503 καλῶς
1280 470 1435 497 ἐπίστασαι.
1458 471 1487 496 '0
1511 470 1598 505 μέγας
1622 471 1747 506 δομέστι-

965 523 1012 545 tto:
1029 515 1174 550 ἐχθρωδῶς
1198 515 1335 542 διάκειται
1358 516 1399 546 είς
1426 514 1461 542 τὰ
1481 515 1531 550 τῆς
1557 516 1684 551 Σερσίας,
1701 516 1748 542 καὶ

964 561 1116 597 ὀμονοήσας
1144 562 1214 596 μετὰ
1230 561 1277 587 τοῦ
1299 562 1530 596 Καντακουζηνοῦ
1549 561 1673 588 Ἰωάννου
1692 571 1747 589 πα-

966 607 1142 642 ροτρύνοντές
1159 615 1192 641 με
1208 607 1251 633 ἀεὶ
1267 607 1311 634 ἵνα
1326 607 1356 633 τὸ
1372 607 1421 642 τῆς
1435 607 1642 642 Τραπεζοῦντος
1657 616 1749 635 συνοι-

966 653 1058 678 κέσιον
1088 652 1206 688 γένηται.
1229 653 1287 679 Τίνι
1311 654 1363 688 γὰρ
1387 653 1448 680 τότε
1469 653 1607 688 ἐδυνάμην
1632 654 1749 687 συμϐου-

965 699 1093 726 λεύεσθαι
1103 710 1110 734 ;
1122 701 1200 728 Μετὰ
1212 700 1339 736 μοναχῶν
1352 702 1400 728 καὶ
1416 701 1470 729 τῶν
1481 701 1626 735 aetatium;
1642 702 1750 736 απράγ-

967 747 1047 781 μονές
1060 747 1125 774 εισι.
1150 747 1229 774 Μετὰ
1255 747 1408 782 ὰρχόντων;
1434 748 1481 774 καὶ
1495 748 1584 779 οὐδεὶς
1602 748 1746 783 ἐφρόντιζε

967 791 1006 826 μὴ
1023 792 1202 827 προκειμενός
1220 800 1284 824 τινι,
1302 793 1338 828 μή
1360 801 1418 824 πως
1431 793 1599 828 δημοσιειύσῃ
1612 793 1682 820 αὐτὰ
1694 795 1750 824 τοῖς

968 837 1068 869 ἄλλοις.
1086 838 1187 864 Λοιπὸν
1200 838 1280 873 222
1296 838 1352 872 ἐγὼ
1368 839 1562 866 ὲδεινοπάθουν
1574 840 1613 870 εἰς
1628 839 1678 873 τὴν
1701 840 1751 874 σὴν

967 883 1136 918 βραδύτητα.
1158 884 1308 919 Ἐλθούσης
1322 885 1351 911 δὲ
1364 884 1414 919 τῆς
1429 885 1539 920 γραφῆς
1557 893 1616 918 σου,
1633 885 1688 911 ἰδοὺ
1704 886 1751 912 καὶ

968 929 998 956 σὲ
1017 931 1064 957 καὶ
1081 930 1130 965 τὴν
1146 930 1262 966 γνώμην
1283 939 1329 957 σου
1347 931 1466 965 ἔγνωκα·
1480 931 1527 958 καὶ
1540 930 1559 958 ἃ.
1573 931 1684 966 ετχομεν
1703 931 1752 957 καὶ

967 976 1049 1010 ἡμεῖς
1062 978 1314 1012 προσυνιστάμενα,
1324 978 1466 1013 φρονίμως
1481 978 1530 1005 καὶ
1540 977 1632 1008 καλῶς
1643 977 1750 1008 ἔλυσας.

968 1021 1021 1047 Καὶ
1052 1022 1133 1054 εὐθὺς
1162 1022 1209 1050 τὸν
1236 1023 1419 1056 Παλαιολόγον
1445 1023 1493 1050 καὶ
1522 1022 1752 1060 τδνιΕὺδαίμονα

974 1067 1101 1103 Ἰωάννην
1118 1068 1279 1100 ἀπέστειλα,
1304 1068 1337 1095 δι’
1353 1068 1420 1095 ἄλλοι
1451 1069 1500 1103 μὲν
1520 1069 1550 1095 τὸ
1576 1068 1751 1103 φαινόμενον.

967 1114 1005 1145 ὼς
1020 1113 1075 1140 (in)
1101 1115 1151 1148 τῆς
1181 1114 1256 1145 θείας
1277 1114 1360 1141 αὑτοῦ
1383 1115 1434 1149 τῆς
1456 1115 1752 1149 πρωτοστρατορίσσης

967 1158 1033 1194 εἴπῃ
1050 1159 1140 1185 τοῦτο.
1156 1159 1210 1186 Καὶ
1236 1160 1290 1186 ἰδοὺ
1309 1159 1467 1194 ἠκούσαμεν
1482 1160 1513 1186 τὸ
1535 1161 1621 1186 αἴτιον
1635 1160 1682 1186 τοῦ
1697 1169 1752 1187 κω-

967 1205 1098 1240 λύματος,
1114 1206 1161 1231 καὶ
1188 1205 1358 1240 ἐπαύσαμεν.
1377 1206 1478 1236 Λοιπὸν
1494 1207 1544 1233 σὺν
1560 1207 1618 1241 Θεῷ
1633 1207 1751 1234 τελέσω-

969 1259 1020 1285 μεν
1035 1251 1064 1277 τὸ
1080 1251 1126 1277 τοῦ
1142 1251 1275 1286 βασιλέως
1290 1251 1340 1286 τῆς
1356 1251 1490 1287 Ἰϐηρίας.
1507 1261 1516 1278 ι
1538 1253 1594 1279 Καὶ
1608 1253 1752 1287 γεγονότος

968 1296 1168 1331 χρυσοὸοὑλλου
1185 1298 1231 1323 καὶ
1247 1297 1465 1332 ὑπογραφέντος,
1492 1299 1630 1333 περιεῖχεν
1654 1298 1751 1330 οὕτως,

968 1342 1009 1368 ὅτι
1023 1343 1128 1368 ἐκείνου
1142 1342 1192 1376 μὲν
1210 1342 1363 1378 ἡουγάτηρ
1380 1342 1452 1369 ἔστω
1469 1343 1537 1378 γυνὴ
1553 1343 1601 1370 τοῦ
1620 1343 1753 1378 βασιλέως

969 1389 1014 1414 καὶ
1037 1388 1166 1414 δέσποινα
1187 1389 1237 1421 τῆς
1263 1389 1585 1422 Κωνσταντινουπόλεως,
1609 1390 1656 1416 καὶ
1672 1390 1753 1421 αὺτδς

969 1434 1001 1468 δὴ
1015 1434 1029 1460 ὀ
1047 1434 1176 1467 βασιλεὺς
1199 1434 1270 1461 ἔστω
1296 1435 1367 1470 ἀνὴρ
1384 1435 1480 1470 αὐτῆς,
1504 1436 1577 1463 κατὰ
1596 1436 1687 1467 πάσας
1705 1436 1754 1467 τὰς

970 1480 1130 1514 συμφωνίας
1146 1479 1178 1511 ἃς
1197 1480 1256 1515 μετ’
1272 1481 1338 1516 ἐμοῦ
1355 1481 1470 1516 ἔστησεν
1493 1482 1507 1508 6
1525 1482 1621 1517 ῥηθεὶς
1639 1482 1754 1518 ehi-1?];

133 1523 238 1555 ’πάντας
267 1524 428 1559 παθητικῶς
451 1526 616 1555 διακεῖσθαι,
646 1527 678 1554 Ἦ
705 1529 791 1563 κυρία
817 1538 868 1562 μου
901 1530 954 1566 {lc
976 1526 1104 1560 Ἰϐηρίας.
1133 1527 1188 1553 Καὶ
1216 1527 1328 1562 κληθεὶς
1357 1528 1495 1562 προσῆλθε
1515 1529 1684 1556 κατενώπιον
1707 1528 1754 1556 τοῦ

133 1568 262 1596 δέσποινα
278 1571 324 1597 καὶ
344 1573 435 1606 μήτηρ
451 1571 497 1598 τοῦ
523 1573 658 1608 παρόντος
679 1573 737 1608 βίον
755 1575 915 1610 ὲξεδήμησε.

136 1661 209 1684 luam
223 1665 255 1684 ac
267 1658 387 1685 studium
400 1659 481 1686 etiam
495 1660 582 1695 magis
599 1661 753 1694 confirmat,
766 1663 918 1690 communit

135 1708 162 1730 et
173 1703 250 1736 quasi
260 1704 394 1739 obsignat,
410 1706 515 1740 tibique
541 1706 678 1742 obligatus
692 1715 764 1740 sum,
777 1709 868 1743 qttoad
887 1709 915 1736 in

136 1749 205 1777 vivis
219 1758 276 1783 ero,
294 1759 356 1778 cum
382 1759 489 1787 semper
505 1760 564 1780 mea
585 1761 668 1781 causa
688 1762 860 1789 summopere
880 1755 919 1782 lu-

137 1797 286 1830 horaveris,
304 1805 378 1825 nunc
397 1806 461 1826 vero
483 1804 563 1826 etiam
584 1799 695 1827 domum
713 1804 784 1827 tuam
801 1809 848 1836 per
862 1801 921 1827 lon-

139 1852 200 1877 gum
214 1849 322 1878 tempus
339 1844 495 1879 reliqueris.
513 1845 609 1880 procul
629 1854 643 1873 ει
655 1847 744 1881 patria
756 1852 863 1886 exteras
878 1855 919 1874 re-

138 1890 231 1924 giones
247 1890 359 1918 obiens:
379 1891 451 1918 unde
465 1899 539 1924 cum,
553 1892 600 1925 qui
615 1891 671 1919 illic
686 1897 811 1927 regnant.
823 1900 921 1928 magna

138 1935 186 1962 tibi
202 1935 272 1963 dona
298 1936 473 1971 honeresque
486 1937 690 1972 promitterent,
704 1937 798 1965 Iberia:
813 1938 922 1966 scilicet

138 1985 165 2007 et
176 1979 358 2015 Trapezuntis
369 1981 490 2016 despotze
502 1990 644 2016 regesque.
656 1987 771 2018 uterque
780 1988 804 2010 te
812 1991 921 2018 rogans,

139 2026 189 2060 ipsi
208 2031 237 2054 ut
255 2027 418 2055 conciliarcs
436 2028 487 2055 hoc
504 2029 687 2061 connubium,
707 2033 736 2056 ut
761 2029 882 2064 prudens
897 2035 924 2057 et

141 2073 225 2100 lidelis
241 2072 366 2100 minister
376 2073 520 2101 decrevisti
534 2078 561 2101 et
576 2073 676 2107 fecisti,
687 2075 759 2109 quod
773 2075 837 2102 mihi
851 2083 924 2102 com-

140 2120 249 2147 modum
266 2120 479 2148 erutilissimum
497 2124 580 2154 esset,
593 2125 617 2147 et
632 2121 698 2155 quid
712 2120 759 2148 tibi
773 2121 922 2153 videretur,

141 2174 187 2200 per
202 2167 307 2194 litteras
323 2166 389 2193 mihi
404 2167 527 2194 suasisti.
544 2167 611 2194 Illud
623 2175 750 2202 magnum
767 2167 832 2194 mihi
848 2168 924 2194 testi-

971 1572 1103 1606 βασιλέως
1121 1574 1134 1599 ὁ
1151 1574 1183 1599 ὲκ
1213 1573 1263 1607 τῆς
1284 1573 1405 1608 Ἰϐηρίας
1436 1575 1496 1609 μετ’
1521 1575 1589 1610 ιμυῦ
1615 1575 1756 1610 ἐληλυθὼς

971 1661 1058 1688 Lucas
1083 1660 1199 1688 Notaras
1229 1667 1320 1688 autem
1347 1662 1434 1696 palam
1457 1666 1484 1688 et
1512 1662 1618 1689 occulte
1636 1662 1753 1693 dictitat.

972 1712 1068 1740 praeter
1084 1714 1114 1734 se
1136 1707 1273 1734 netninem
1287 1707 1410 1734 omnium
1427 1707 1514 1741 seire,
1526 1707 1590 1741 quid
1604 1707 1675 1739 [acto
1686 1715 1755 1742 opus

971 1754 1016 1786 sit,
1033 1753 1109 1787 nihil,
1134 1753 1187 1781 nisi
1204 1753 1278 1788 quod
1304 1753 1362 1788 ipse
1382 1753 1450 1781 dicit
1468 1753 1597 1788 facitque,
1610 1762 1704 1780 verum
1724 1762 1755 1779 at:

973 1801 1073 1827 bonum
1084 1807 1146 1827 esse
1158 1799 1287 1832 al'lirmat,
1303 1806 1467 1834 etnnemque
1483 1799 1599 1834 lapidem
1614 1804 1712 1838 movet,
1728 1805 1757 1826 nt

974 1849 1033 1870 utar
1053 1843 1208 1878 proverbio,
1225 1842 1252 1870 id
1272 1843 1344 1878 quod
1366 1843 1422 1877 ipse
1443 1843 1513 1870 bene
1540 1843 1622 1870 nosti.
1644 1842 1756 1875 Magnus

973 1888 1138 1916 domesticus
1149 1887 1248 1914 inl'esto
1258 1886 1285 1913 in
1298 1886 1409 1914 Servios
1423 1888 1515 1914 animo
1524 1891 1565 1914 est
1576 1886 1738 1920 conspirans
1748 1899 1754 1904 -

973 1943 1025 1969 que
1048 1942 1110 1962 cum
1125 1933 1230 1962 Joanne
1239 1932 1430 1960 Cantacuzeno
1448 1926 1571 1967 quotidie
1583 1939 1626 1959 me
1645 1933 1677 1958 ad
1688 1930 1756 1958 Tra-

974 1980 1131 2015 pezuutium
1145 1978 1311 2007 Connubium
1345 1979 1517 2005 adhortatur.
1545 1977 1613 2004 Cum
1635 1984 1756 2016 quonam

974 2027 1057 2062 igitur
1067 2027 1246 2054 deliberarem
1259 2026 1271 2053 ?
1281 2025 1348 2053 Cum
1366 2025 1507 2052 monachis
1517 2028 1543 2051 et
1555 2022 1691 2058 ejusmodi
1708 2024 1753 2049 ho-

976 2073 1117 2100 minibus?
1143 2077 1171 2099 at
1195 2079 1253 2099 rem
1281 2071 1418 2107 publicam
1449 2078 1500 2097 non
1524 2070 1671 2103 attingunt.
1688 2069 1757 2096 Cum

975 2117 1152 2154 proceribus?
1175 2122 1204 2145 at
1229 2125 1309 2144 nemo
1335 2125 1391 2144 rem
1419 2123 1604 2152 perpensurus
1624 2119 1693 2146 erat,
1711 2115 1757 2147 qui

976 2165 1042 2194 nulli
1054 2165 1216 2200 propensior
1237 2167 1320 2195 esset,
1337 2167 1366 2190 ut
1379 2162 1529 2190 timendum
1551 2159 1634 2193 esset,
1651 2167 1685 2187 ne
1698 2167 1757 2186 eam

140 2213 259 2239 monium
273 2217 331 2239 erat
341 2217 393 2239 ture
405 2221 468 2248 erga
479 2220 520 2239 me
531 2213 679 2241 voluntatis
689 2218 716 2240 et
724 2213 901 2247 benignitatis
913 2223 920 2241 :
938 2203 964 2234 Ῐ)
977 2218 1039 2238 cum
1050 2210 1155 2238 exteris
1169 2209 1396 2237 communicaret.
1410 2208 1504 2242 Itaque
1515 2215 1565 2242 ego
1579 2206 1700 2242 iniquius
1719 2206 1757 2231 [ιε-

140 2263 166 2285 et
192 2263 269 2286 certo
292 2259 371 2289 scito.
399 2259 481 2294 digna
507 2267 550 2286 me
566 2259 612 2286 tibi
628 2259 741 2294 praemia
754 2259 920 2292 soluturum,

139 2303 228 2339 quoad
254 2304 279 2330 in
297 2305 365 2331 vivis
385 2312 443 2332 cro.
469 2304 547 2338 Quod
560 2309 651 2332 autem
682 2305 715 2331 de
732 2305 864 2333 Serviano
880 2313 923 2333 me

140 2347 277 2376 connubio
307 2356 397 2383 rogas,
416 2356 460 2377 res
473 2356 504 2376 ea
525 2349 561 2376 ita
584 2349 686 2376 evenit.
701 2349 798 2376 Amcra
813 2355 923 2378 mortuo

140 2399 166 2422 et
185 2394 300 2430 conjuge
329 2394 390 2429 ejus
407 2402 517 2423 reversa
531 2395 564 2422 ad
578 2395 720 2430 despotam
739 2395 850 2428 Serviae,
864 2395 923 2429 ejus

140 2445 255 2475 patrem.
280 2442 345 2469 adiit
366 2449 408 2469 me
422 2450 504 2477 super
525 2441 572 2469 illo
591 2443 702 2478 negotio
729 2448 844 2478 cognata
862 2444 924 2477 ejus

140 2486 388 2520 protosmtorissa,
406 2487 605 2521 spoponditque
621 2488 686 2514 mihi
701 2488 920 2515 cumnlatissima

141 2531 212 2559 dona
228 2532 384 2568 delentque.
395 2537 422 2559 ct
439 2532 491 2559 aha
501 2532 587 2559 multa
598 2533 742 2560 utilissima
757 2541 924 2560 commemo-

142 2577 211 2604 ravit
238 2583 266 2605 et
281 2578 307 2605 in
320 2578 439 2605 lnturum
462 2579 604 2613 promisit:
632 2587 692 2613 qnze
709 2587 758 2613 ego
786 2579 878 2607 multis
890 2579 923 2607 de

141 2623 234 2650 causis
250 2631 313 2650 vera
337 2629 386 2651 ete
402 2631 430 2651 re
453 2631 514 2652 mea
540 2623 598 2652 fore
612 2625 777 2652 existimavi.
796 2625 923 2652 Attamen

141 2669 195 2696 alio
207 2670 323 2696 consilio
341 2675 366 2697 et
388 2669 585 2698 deliberatione
605 2671 633 2697 in
647 2671 691 2697 tali
713 2679 742 2698 re
764 2678 833 2706 opus
853 2677 923 2704 erat,

142 2721 192 2742 nec
206 2714 355 2746 habebam,
377 2723 457 2751 quem
486 2717 669 2748 consulerem,
681 2718 812 2749 quoniam
828 2725 924 2745 omnes

142 2759 233 2787 animo
261 2761 455 2788 vehementiori
477 2766 567 2788 erant.
584 2762 695 2788 Domina
711 2767 738 2789 et
757 2767 843 2788 mater
864 2770 925 2790 mea

143 2803 300 2839 imperatrix
317 2813 332 2832 e
349 2805 404 2832 vita
422 2812 562 2839 cesserat;
584 2806 812 2840 Cantacuzenus,
842 2808 889 2843 qui
909 2815 924 2835 e

143 2850 255 2886 reliquis
268 2859 320 2878 non
334 2851 431 2885 cupide
446 2853 595 2889 judicabat,
608 2858 634 2881 et
648 2853 705 2886 ipse
716 2858 840 2881 mortuus
856 2857 924 2882 crat.

975 2258 1067 2284 rebam
1085 2264 1174 2284 moras
1187 2261 1258 2284 tuus.
1278 2254 1397 2289 Epistola
1427 2258 1515 2280 autem
1529 2258 1574 2280 tua
1589 2252 1622 2279 ad
1641 2259 1683 2278 me
1695 2249 1774 2286 per?

974 2302 1042 2335 lata,
1056 2307 1118 2330 ette
1130 2307 1156 2329 et
1172 2301 1334 2328 sententiam
1348 2305 1421 2326 tuam
1436 2300 1563 2334 cognovi,
1581 2306 1696 2333 qumque
1709 2305 1758 2325 nos

974 2355 1084 2382 quoque
1097 2348 1171 2383 prius
1185 2347 1333 2374 constituta
1364 2345 1545 2376 habebanuts,
1566 2344 1714 2379 prudenter
1731 2349 1758 2370 ct

974 2395 1116 2422 commode
1138 2393 1323 2427 expedivcras.
1345 2390 1444 2418 Statim
1470 2391 1551 2425 igitur
1577 2389 1757 2424 Palmolnglltn

975 2447 1036 2466 cum
1059 2438 1165 2465 Joanne
1178 2437 1352 2469 Eudmmoue,
1380 2435 1496 2462 aliarum
1508 2442 1598 2462 rerum
1614 2438 1758 2469 przetextn,

975 2485 1058 2519 misi,
1079 2493 1094 2511 a
1121 2474 1378 2519 protostratorissa,
1407 2486 1553 2508 matertera
1595 2489 1662 2513 sua,
1694 2481 1758 2507 illud

977 2531 1141 2558 nuntiatum.
1156 2529 1225 2556 Ecce
1248 2533 1338 2556 autem
1349 2549 1356 2559 ,
1371 2535 1480 2554 causam
1495 2535 1555 2561 qua:
1570 2535 1626 2554 rem
1642 2526 1761 2561 impedi—

975 2584 1026 2610 ret,
1052 2577 1238 2612 cognovimus,
1251 2580 1278 2603 et
1300 2575 1466 2602 deslizimus.
1498 2573 1630 2601 Caeterum
1643 2593 1649 2604 ,
1666 2573 1688 2599 si
1704 2573 1760 2599 Deo

977 2624 1074 2658 placet,
1100 2621 1275 2657 perficiamus
1302 2629 1363 2647 cum
1394 2620 1534 2647 lberorum
1573 2627 1635 2653 rege
1656 2626 1760 2646 connu-

977 2669 1079 2696 hium.»
1098 2667 1141 2695 Fit
1154 2667 1237 2703 igitur
1251 2667 1322 2694 bulla
1341 2675 1434 2697 aureo,
1448 2666 1492 2693 cui
1509 2666 1694 2699 subscriptum
1708 2670 1760 2697 est,

977 2715 1004 2742 ln
1021 2716 1091 2742 hanc
1109 2713 1271 2740 sententiam
1284 2733 1291 2744 ,
1307 2719 1336 2738 ιιι
1352 2713 1425 2739 illius
1438 2711 1490 2738 lilia
1505 2715 1578 2738 CSScl
1589 2718 1659 2737 uxor
1674 2710 1761 2745 impc-

977 2762 1076 2789 ratoris
1094 2767 1120 2788 et
1138 2760 1299 2795 imperatrix
1316 2758 1420 2794 Cpolis,
1445 2759 1595 2792 imperator
1610 2761 1683 2784 esset
1701 2759 1760 2791 ejus

978 2807 1102 2838 maritus,
1116 2806 1266 2833 secundum
1284 2805 1456 2832 conditiones
1472 2811 1567 2831 omnes
1581 2811 1649 2838 quas
1666 2803 1761 2830 lbcro-

978 2860 1036 2880 rum
1054 2860 1100 2880 rex
1117 2859 1223 2879 mecum
1239 2855 1440 2886 composuerat.
1468 2848 1588 2877 Vocatur
1603 2849 1630 2876 in
1649 2855 1763 2883 conspe-
