1931 3079
108 144 165 177 8⁸25

632 148 850 179 CIIRONICON
869 146 1051 178 MAJUS.-—
1068 150 1137 181 LIB.
1160 150 1218 182 III.

1678 152 1729 183 826

110 202 158 230 καὶ
173 202 302 238 πράττειν
314 203 460 237 ἀναγκαῖα,
485 204 605 236 δουλείας
632 214 661 231 τε
679 207 725 232 καὶ
751 205 891 235 ὑποθέσεις
907 205 928 233 Α
945 205 1078 239 πέμπτον.
1092 208 1147 234 Καὶ
1156 205 1216 234 εἶπέ
1235 216 1281 242 μοι
1295 207 1358 242 περὶ
1378 207 1473 234 τούτου
1490 207 1571 234 πάλιν
1584 216 1591 223 ο
1623 217 1632 233 ι
1657 208 1729 234 Ἀλλ’

109 250 160 283 τῆς
174 249 319 284 βασιλείας,
340 259 350 276 ι
367 251 447 285 225
466 252 519 277 Καὶ
532 251 616 282 οὕτως
635 252 755 286 ἐμηνὺοη
781 254 793 279 e'
809 254 896 286 μέγας

110 295 174 327 δοὺξ
185 295 228 321 διὰ
237 295 284 321 τοῦ
296 296 362 329 ἐμοῦ
376 297 422 322 καὶ
444 296 526 323 αὑτοῦ
543 298 696 329 συντέκνου,
719 297 766 324 τοῦ
791 298 896 332 ἱερομο-

110 343 194 375 νάχου
208 341 253 368 καὶ
265 341 449 376 πνευματικοῦ
466 343 567 377 πατρὸς
582 343 720 376 Νεοφύτου
738 343 784 370 τοῦ
812 345 841 370 ὲν
863 345 896 378 τῇ

111 388 160 414 τοῦ
177 388 358 422 Χαρσιανίτου
373 389 451 423 μονῇ.
463 389 517 415 Καὶ
533 389 652 421 ἀκούσας
666 391 679 416 ὁ
692 390 816 425 Νοταρᾶς
834 391 898 425 περὶ

111 433 191 459 τοῦδε
199 432 245 458 τοῦ
255 433 381 466 ὸφφικίου
394 433 513 467 ἔστερξε,
521 433 588 468 πλὴν
600 435 751 469 ἑκυυσὶωςῆ
763 436 897 467 ἀκουσίως

112 477 164 504 οὐκ
180 474 239 503 οῖδα
249 483 256 490 ⁸
270 476 315 502 καὶ
328 476 426 511 μᾶλλον
436 477 571 503 ἐδείκνυεν
586 478 626 504 ὅτι
640 478 686 504 καὶ
695 479 759 513 πρὶν
771 479 787 513 ἦ
799 480 846 505 τοῦ
860 480 899 504 εἰ-

113 525 178 550 πεῖν
191 523 264 558 αὺτῷ
280 523 343 557 περὶ
353 522 446 549 τούτου
465 524 600 557 ἐλογίζετο
616 525 818 559 πειῆσαι,ὄπως
824 525 872 551 καὶ
884 526 899 551 ὀ

115 569 244 604 βασιλεὺς
257 571 462 605 ἀντιχαρῖσηται
489 572 545 601 τοῖς
569 571 637 601 υἱοῖς
649 570 730 596 αὐτοῦ
742 570 825 604 ἀλλην
839 571 900 596 τινὰ

115 616 209 650 τιμήν.
221 615 313 642 Ταῦτα
322 615 368 642 οὖν
383 617 468 650 πέρας
479 616 528 642 οὐκ
544 615 639 642 ἐλαῦον
659 615 703 642 διὰ
728 616 777 649 τὴν
795 616 900 650 ταχέως

116 661 282 688 ἐπελθοῦσαν
304 663 344 693 είς
360 663 433 697 ἡμᾶς
464 662 556 695 κοινὴν
572 661 724 696 συμφοράν.
742 662 796 688 Καὶ
819 662 900 688 πάλιν

116 706 179 734 εἶπέ
194 716 238 742 μοι
250 708 264 733 ὸ
276 708 403 743 βασιλεὺς
417 709 457 735 ὅτι
470 708 564 743 ἤθελεν
580 708 757 743 εὐεργετῆσαι
785 717 829 743 μοι
854 708 902 735 καὶ

117 754 166 787 τὴν
191 754 319 788 τοιαύτην
335 754 424 789 χάριν¹
443 754 486 780 ἵνα
513 753 628 788 συζεύξῃ
644 754 683 784 είς
710 755 825 788 γυναῖκα
850 753 900 788 τὴν

117 799 188 833 ἐμὴν
201 799 338 833 θυγατέρα
351 798 389 833 τῷ
408 797 541 833 νεανίσκῳ
556 798 653 833 ὶκείνῳ
662 798 788 833 Νικολάῳ
798 797 836 833 τῷ
847 799 902 825 Με-

117 845 246 879 λισσηνῷ,
260 845 299 880 τῷ
313 845 363 878 υίῷ
380 853 444 871 ποτε
457 845 614 880 Νικηφόρου
631 845 677 871 τοῦ
687 845 902 880 Μελισσηνοῦ,ὃν

118 892 166 918 καὶ
193 892 395 927 Μελισσουργὸν
420 891 604 925 ἔπωνόμαζον,
636 891 683 917 τοῦ
711 892 758 917 καὶ
781 891 901 926 μεγάλου

119 947 243 972 πρωτοστ
248 939 371 973 ράτορος,
383 938 496 972 ὕστερον
505 937 532 964 δὲ
550 939 598 964 καὶ
616 936 811 972 μητροπολίτου
825 944 904 970 γεγο-

118 985 206 1016 νότος,
229 983 266 1014 ὡς
280 984 309 1009 ὲν
324 983 362 1017 τῷ
375 983 493 1018 δευτέρῳ
507 981 600 1017 βιϐλίῳ
616 983 664 1015 τῆς
688 982 766 1016 ἡμῶν
783 980 904 1016 ἱστορίας

119 1029 296 1063 ἐμνήσθημεν
307 1030 363 1055 ’καὶ
378 1029 426 1062 τὴν
439 1029 617 1062 ἐπιτροπικὴν
630 1027 772 1062 διοίκησιν,
780 1028 813 1063 ἢν
836 1035 905 1061 προ-

121 1072 285 1106 ειρήκαμεν,
303 1072 357 1098 τῶν
372 1073 466 1099 τούτου
481 1072 570 1098 τόπων
587 1072 632 1098 καὶ
645 1071 741 1106 χώρων
756 1072 831 1107 δὼσῃ
859 1080 904 1105 μοι

120 1117 169 1143 τοῦ
185 1117 284 1144 ἰθύνειν
295 1118 343 1145 καὶ
353 1118 497 1153 κυϐερνᾷν,
517 1117 569 1149 ἓως
586 1118 616 1144 οὗ
631 1119 647 1152 ὴ
664 1117 717 1153 ἐμὴ
736 1117 859 1151 θυγάτηρ
875 1117 905 1143 τδ

121 1164 234 1191 δέκατον
244 1164 373 1199 τέταρτον
388 1164 447 1195 Ετος
469 1165 560 1200 φθάσῃ
579 1165 627 1190 καὶ
642 1164 656 1190 ό
681 1163 771 1197 γάμος
804 1163 906 1194 τέλειος

123 1210 246 1243 γένηται.
263 1208 318 1237 Καὶ
332 1208 402 1244 αὕτη
419 1209 469 1243 μὲν
482 1207 515 1244 ἧν
535 1209 550 1243 ἡ
565 1209 705 1240 ὑπόθεσις,
722 1209 786 1243 περὶ
800 1205 833 1243 ἧς
849 1207 906 1234 ἔλε-

123 1263 172 1288 γεν
182 1255 196 1280 ὁ
208 1254 335 1289 βασιλεὺς
350 1253 391 1280 δτι
407 1255 434 1280 αι
448 1254 481 1280 δι’
498 1254 566 1288 ἐμοῦ
581 1255 725 1289 πρεσῦεῖαι
743 1255 790 1280 καὶ
802 1254 907 1280 ὁδοιπο-

125 1300 181 1333 ριαι
194 1301 343 1327 παύσωσιν.
360 1299 463 1335 Εἴρηκέ
480 1308 524 1334 μοι
540 1300 587 1326 καὶ
600 1300 688 1332 τοῦτο,
701 1301 742 1326 ὅτι
762 1301 791 1326 ὲν
804 1301 837 1334 τῇ
853 1300 907 1326 Πε-

125 1344 286 1379 λοποννήσῳ
297 1344 394 1378 ἤθελεν
409 1345 566 1371 ἀποστεῖλαι
580 1344 674 1380 ἕτερόν
690 1353 750 1371 τινα
775 1345 829 1371 τῶν
856 1353 907 1379 γη-

127 1389 210 1425 ραιῶν
223 1390 371 1425 ἀρχόντων,
385 1390 427 1417 ἵνα
436 1391 468 1418 τὰ
477 1391 577 1423 ἐκεῖσε,
591 1391 628 1422 ὡς
644 1391 759 1425 ἔφημεν,
773 1390 906 1426 διορθώσῃ

127 1436 197 1470 μετὰ
213 1437 268 1462 τῶν
282 1437 406 1471 ἀδελφῶν
424 1437 518 1468 αὑτοῦ,
535 1438 580 1463 καὶ
594 1437 721 1463 ἀνάθεσιν
731 1437 803 1471 δὼσῃ
825 1437 908 1471 226

125 1481 199 1515 αὐτῷ
215 1481 272 1513 πῶς
288 1481 337 1516 ἔχῃ
354 1481 454 1516 πρᾶξαι
473 1488 479 1494 ·
499 1481 523 1506 ει
548 1480 576 1506 ἓν
594 1480 747 1515 κεφαλαίων
761 1480 792 1506 οὑ
806 1480 906 1513 δυνηθῇ

126 1528 248 1562 ποιῆσαι,
262 1527 352 1563 πράξῃ
369 1527 439 1554 κατὰ
456 1527 486 1553 τδ
510 1526 648 1562 δεύτερον,
668 1527 714 1552 καὶ
738 1525 810 1552 εὖτω
837 1525 907 1552 κατὰ

126 1573 251 1608 διαδοχὴν
262 1573 278 1608 ἢ
290 1574 319 1600 τὺ
337 1573 428 1608 τρίτον
445 1573 462 1608 ἢ
476 1573 506 1599 τὺ
521 1572 649 1606 τέταρτον
665 1571 682 1606 ἢ
698 1571 726 1605 ἐξ
744 1572 865 1606 ἀνάγκης
877 1570 907 1596 τὸ

127 1638 219 1658 creare
230 1638 342 1658 necesse
358 1634 409 1663 est,
424 1629 470 1665 qui
483 1637 531 1664 per
546 1633 632 1657 totum
649 1628 720 1656 diem
734 1635 839 1655 mecum
853 1627 909 1654 sint

128 1678 155 1704 in
171 1677 271 1712 palatio
295 1678 328 1704 ad
340 1677 522 1724 providenda,
550 1676 714 1708 ordinanda,
742 1679 770 1702 et
784 1674 908 1701 facienda

129 1725 281 1751 necessaria
308 1721 368 1751 tum»
397 1724 510 1751 servilia
543 1728 599 1750 tum
630 1722 742 1750 consilia
771 1721 906 1756 imperii.»

128 1772 217 1806 Atque
235 1771 271 1798 ita
297 1770 479 1804 significatum
506 1773 548 1796 est
560 1775 657 1803 magno
674 1768 739 1795 duci
756 1776 803 1802 per
819 1764 908 1794 nicum

128 1824 155 1846 et
182 1818 268 1853 ipsius
282 1823 462 1852 compatrem,
479 1815 723 1843 hieromonachum
741 1819 768 1842 et
780 1814 910 1849 spiritua-

130 1865 181 1891 lem
211 1868 314 1899 patrem
330 1863 512 1898 Neophytum,
531 1862 577 1897 qui
609 1862 635 1889 in
653 1861 834 1888 Charsianitte
849 1868 909 1888 mo-

131 1911 250 1938 nasterio
266 1916 334 1937 erat.
353 1910 472 1936 Edoctus
489 1909 523 1936 de
538 1911 587 1936 hoc
603 1907 692 1936 oﬂicio
709 1907 837 1940 Notaras,
854 1915 909 1934 non

130 1956 310 1991 repugnabat.
339 1961 431 1982 utrum
459 1955 576 1982 libenter
601 1958 704 1985 tamen,
734 1961 767 1980 an
793 1953 908 1984 invitus,

131 2004 239 2030 nescio:
255 2010 408 2038 quanquam
427 2010 480 2036 pra'
492 2009 522 2028 se
531 2001 644 2032 ferebat.
658 2001 739 2027 etiam
765 2005 910 2034 antequam

131 2049 250 2076 monitus
265 2053 347 2080 esset,
369 2048 503 2082 eogitassa
523 2055 553 2075 se
579 2046 652 2074 istud
667 2047 766 2079 facere,
785 2046 910 2080 utimpe-

130 2099 204 2122 ratur
231 2095 316 2129 ipsius
334 2094 396 2120 tiliis
410 2093 492 2120 aliam
515 2093 667 2128 impertiret
691 2092 862 2127 dignitatem.
876 2093 911 2119 At

129 2140 201 2168 enini
218 2141 276 2168 haec
291 2148 343 2168 non
369 2141 523 2167 habuerunt
538 2140 641 2167 exitum
670 2144 778 2174 propter
788 2147 912 2166 commu-

131 2195 192 2214 nem
212 2187 292 2214 citius
308 2187 334 2212 in
351 2193 401 2213 nos
423 2186 593 2220 ingruentem
623 2185 818 2212 calamitatem.
837 2184 909 2210 Ilur-

131 2241 177 2260 sus
191 2233 257 2260 mihi
275 2232 420 2259 allirmavit
435 2232 594 2266 imperator,
613 2231 698 2258 etiam
713 2231 783 2258 hanc
794 2238 824 2258 se
841 2230 909 2257 mihi

131 2278 245 2313 gratiam
259 2278 397 2310 daturum,
411 2281 440 2304 ut
454 2277 536 2304 filiam
555 2284 643 2304 meam
653 2277 746 2311 juveni
763 2277 912 2304 collocaret

131 2323 240 2351 Nieolao
254 2322 409 2355 Melisseno,
426 2323 481 2350 filio
500 2323 646 2357 Nicephori
664 2323 813 2355 lllelisscni,
828 2331 909 2358 quem

131 2370 321 2404 Melissurgutu
349 2370 589 2404 cognominabant,
622 2369 713 2404 magni
731 2374 912 2403 proles-tralo-

131 2418 181 2450 ris,
199 2422 291 2448 postea
307 2424 370 2444 vero
389 2416 471 2443 etiam
493 2415 674 2450 metropolilae
691 2415 911 2446 munerefuncti.

131 2464 359 2498 quemadmodum
375 2463 551 2489 historiarum
571 2463 640 2490 libro
654 2464 773 2490 secundo
790 2469 912 2490 comme-

133 2511 314 2543 tunravimus;
347 2509 486 2544 pollicitus
514 2509 607 2540 etiam,
626 2509 789 2536 traditurum
802 2517 832 2536 se
845 2509 911 2536 mihi

131 2557 273 2587 vicariam,
288 2556 366 2591 cujus
382 2560 446 2583 ante
470 2554 637 2582 mentionem
654 2555 779 2588 fecimus,
796 2555 913 2582 admini-

132 2603 288 2630 strationem
300 2603 422 2630 locorum
438 2602 498 2637 ejus
515 2601 745 2636 oppidorutnque,
756 2609 817 2636 qua:
831 2602 912 2628 habe-

132 2658 187 2677 rem
216 2655 242 2677 et
273 2657 458 2684 procurarem,
488 2649 578 2676 donec
605 2649 658 2676 ftlia
693 2656 753 2675 mea
776 2648 911 2676 decimum

131 2702 256 2730 quartum
270 2705 372 2724 annum
390 2696 524 2731 attigisset
539 2702 567 2723 et
578 2696 678 2730 nuptiae
699 2696 806 2723 flerent.
823 2696 912 2729 Atque

132 2744 182 2771 hoc
206 2744 270 2770 illud
293 2743 355 2776 fuit,
386 2743 412 2769 in
426 2750 480 2776 quo
505 2742 653 2776 legationes
676 2746 702 2769 et
729 2740 826 2768 itinera
854 2749 911 2767 mea

132 2792 210 2817 lituum
238 2798 299 2818 esse
329 2789 454 2816 habitura
483 2789 632 2823 imperator
658 2787 812 2814 aﬂirmavit.
838 2787 909 2814 idem

132 2836 362 2868 ιιιίίιὶκιιὶλὶιμνοιιε
370 2843 399 2863 se
411 2836 436 2862 in
451 2834 665 2870 Peloponnesum
678 2835 760 2861 alium
775 2842 788 2859 (-
801 2835 911 2860 St'ttilms

927 2207 949 2234 ιι

948 251 1065 286 ὑποψίαν
1081 252 1136 286 ἔχω
1151 253 1192 279 ὃτι
1210 252 1256 279 ἐὰν
1275 253 1368 286 ἕτερόν
1395 261 1454 279 τινα
1480 253 1566 287 πάρεξ
1590 252 1637 278 σοῦ
1666 253 1731 278 ἀπο-

948 299 1054 331 στείλω,
1068 299 1097 325 οὺ
1115 299 1228 332 φυλάξει
1247 308 1292 333 μοι
1309 299 1358 334 τὴν
1377 299 1532 333 τρέπουσαν
1546 297 1652 324 εὔνοιαν
1682 299 1729 324 καὶ

948 344 1048 376 πίστιν,
1068 345 1106 380 μή
1127 354 1182 376 πως
1202 346 1379 380 άπατήσωσιν
1391 345 1469 371 αὑτὸν
1485 345 1509 370 ot
1526 344 1653 370 δεσπόται
1684 343 1731 369 καὶ

948 390 1056 424 ἀδελφοί
1069 399 1132 424 μου,
1143 390 1320 425 ὑποσχόμενοι
1332 390 1418 424 τούτῳ
1431 390 1475 416 διὰ
1495 390 1582 424 τούτῳ
1608 389 1652 415 διὰ
1665 397 1731 423 χρυ-

951 435 1094 462 ammon
1121 436 1182 462 τινὰ
1199 437 1295 470 κώμην
1323 436 1338 470 ἦ
1371 435 1463 470 χώραν
1496 434 1570 469 αὐτῷ
1602 435 1650 461 καὶ
1676 435 1733 464 τοῖς

951 481 1132 516 κληρονόμοις
1165 481 1247 508 αὑτοῦ
1278 482 1349 508 κατὰ
1381 481 1517 516 διαδοχὴν,
1540 481 1587 508 καὶ
1611 481 1733 510 πεισθεὶς

950 529 1142 564 ἀποδοκιμάσῃ
1155 529 1189 555 τὰ
1214 528 1332 562 τέτταρα
1349 528 1481 562 εἰρημένα
1512 527 1657 560 κεφάλαια,
1687 527 1733 552 καὶ

953 574 1043 611 πράξῃ
1059 576 1130 601 κατὰ
1144 575 1174 601 τὺ
1195 575 1333 610 πέμπτον,
1347 574 1417 608 ὅπερ
1437 573 1589 608 βαρύτατόν
1609 581 1653 606 μοι
1676 572 1728 598 ἔσε-

951 630 1008 648 ται.
1026 621 1113 653 Δῦτὸς
1129 620 1202 653 οἶδας
1215 621 1263 648 καὶ
1275 621 1321 647 τὸν
1333 621 1389 648 ἀπὸ
1401 620 1450 655 τῆς
1469 619 1583 653 Κύπρου
1600 619 1734 654 ρηγίσσας

952 667 1002 702 τῆς
1024 668 1094 701 ὲμῆς
1117 667 1231 701 ἀνεψιᾶς
1250 666 1440 693 ἀποσταλέντα
1469 665 1594 700 μοναχὸν,
1621 664 1735 697 λέγοντά

955 722 1001 748 μοι
1021 713 1062 739 ότι
1078 714 1140 740 ἐπεὶ
1152 715 1168 748 ἡ
1189 713 1310 748 ρήγισσα
1326 713 1376 739 οὐκ
1393 711 1467 747 εῐχεν
1483 712 1627 746 ἄνθρωπον
1641 711 1736 737 πιστὸν

954 759 1002 785 καὶ
1013 760 1165 793 ἐπιτήδειον
1187 759 1307 794 μηνῦσαί
1325 767 1370 793 μοι
1396 758 1437 784 δι’
1463 757 1546 785 αὑτοῦ
1575 759 1608 784 τὰ
1625 757 1676 784 ὅσα
1702 753 1734 791 ἢκ

955 805 1106 838 ἀναγκαῖα,
1117 803 1179 830 οὔτε
1192 804 1304 830 δυνατὸν
1314 802 1349 838 ἦν
1363 803 1400 835 ὡς
1415 803 1507 837 ἐκείνη
1524 803 1657 838 ἐπεθύμει
1672 803 1737 828 συλ-

955 850 1070 885 λαλῆσαί
1091 859 1136 884 μοι
1154 850 1197 877 διὰ
1225 850 1370 884 στόματος,
1391 848 1576 881 ἔξαποστείλω
1597 847 1652 881 ἐγὼ
1668 847 1736 882 πρὸς

954 896 1039 931 αὐτὴν
1050 895 1195 930 ἄνθρωπον
1213 897 1245 922 ἐκ
1269 897 1319 930 τῆς
1345 895 1487 931 ἡμετέρας
1512 894 1596 927 αὐλῆς
1624 894 1736 927 δόκιμον

955 943 1002 968 καὶ
1027 942 1134 968 πιστόν.
1151 941 1200 968 Διὰ
1214 941 1294 968 τοῦτο
1308 941 1405 976 ἕτερόν
1418 948 1478 966 τινα
1496 940 1545 974 οὐχ
1561 939 1677 974 ἁρμόζει
1685 939 1738 965 πά-

956 986 1003 1023 ρεξ
1020 987 1067 1014 σοῦ
1086 988 1187 1014 ειδέναι
1202 987 1236 1013 τὰ
1263 987 1402 1021 μυστήρια
1420 985 1512 1021 ἡμῶν,
1538 985 1584 1012 καὶ
1603 985 1690 1015 οὐδεὶς
1708 984 1739 1015 ὃς

955 1034 1159 1069 ἁρμοδιώτερός
1187 1041 1247 1065 σου,
1278 1032 1302 1058 εί
1327 1032 1365 1066 μὴ
1404 1031 1486 1065 μόνον
1526 1030 1559 1056 σὺ
1589 1032 1603 1057 ὁ
1629 1029 1737 1063 πράξας

956 1080 1005 1107 καὶ
1027 1080 1131 1113 στήσας
1156 1079 1203 1105 καὶ
1219 1076 1357 1113 ὁμιλήσας
1386 1077 1433 1104 καὶ
1457 1076 1674 1111 πληροφορήσας
1704 1076 1739 1102 τὰ

957 1126 1046 1153 πάντα
1079 1125 1139 1160 μετ’
1161 1125 1249 1159 αὐτῆς
1274 1126 1322 1151 καὶ
1346 1125 1375 1150 ὲν
1397 1123 1483 1158 ἑτέρῳ
1511 1122 1619 1158 καιρῷ·
1648 1123 1689 1148 διὸ
1707 1123 1738 1148 οὑ

955 1172 1067 1198 δύναται
1094 1171 1128 1197 δι’
1156 1171 1239 1198 ἄλλου
1263 1170 1337 1202 τινὸς
1370 1170 1384 1205 ἡ
1420 1169 1551 1200 ὑπόθεσις
1579 1169 1667 1204 πέρας
1691 1168 1739 1195 λα-

957 1217 1025 1243 ϐεῖν.
1047 1226 1056 1243 ι
1091 1216 1162 1250 Ἐγὼ
1186 1217 1215 1243 δὲ
1233 1217 1316 1244 πάλιν
1341 1215 1505 1250 ἀποκριθεὶς
1536 1213 1601 1242 εῑπα
1624 1214 1663 1249 τῷ
1693 1214 1741 1250 βα-

957 1263 1044 1289 σιλεῖ·
1071 1273 1080 1289 ε
1110 1262 1155 1293 Ὦς
1183 1262 1291 1289 κελεύει
1311 1262 1328 1296 ἡ
1347 1261 1470 1295 βασιλεία
1495 1269 1554 1291 σου.
1570 1260 1656 1291 οὕτως
1671 1259 1742 1295 ἔχει,

958 1307 1072 1334 Ἕνεκεν
1080 1307 1184 1334 τούτων
1194 1307 1250 1333 τῶν
1261 1307 1382 1340 εὐλόγων
1391 1306 1488 1333 αἰτιῶν
1498 1306 1534 1341 ήὲ
1538 1306 1575 1341 μὴ
1588 1305 1715 1337 σύνευνος
1722 1306 1738 1339 ἡ

956 1353 1037 1388 227
1052 1352 1130 1387 δούλη
1156 1361 1204 1379 σου
1219 1352 1277 1387 ἅμα
1292 1353 1348 1384 τοῖς
1368 1353 1445 1387 ἐμοῖς
1461 1351 1620 1386 συγγενέσιν
1640 1351 1670 1377 οὐ
1683 1359 1739 1378 κω-

956 1397 1067 1424 λύσουσι
1098 1405 1142 1432 με,
1171 1398 1197 1423 εί
1216 1398 1295 1432 τύχῃ,
1317 1397 1365 1423 καὶ
1392 1397 1498 1431 ποιήσω
1521 1396 1552 1423 τὸ
1570 1396 1742 1431 προσταχθέν

958 1451 1014 1478 μοι.
1033 1443 1083 1469 Ἦν
1100 1440 1130 1469 εὖ
1153 1442 1310 1478 μακαρίσω,
1323 1442 1468 1477 ἀναφέρων
1482 1443 1549 1477 αὐτῇ
1567 1441 1607 1468 ἐτι
1623 1441 1689 1476 περὶ¹
1704 1438 1742 1468 ὧν

956 1488 1000 1515 διὰ
1012 1489 1060 1522 τῆς
1078 1487 1285 1522 καλοκαγαθίας
1299 1489 1348 1522 τῆς
1368 1487 1509 1522 βασιλείας
1523 1495 1570 1514 σου
1584 1486 1682 1519 ἐταξάς
1697 1495 1743 1521 μοι

920 1542 942 1573 c
960 1535 1025 1569 περὶ
1046 1534 1096 1568 τῆς
1112 1534 1183 1568 ἐμῆς
1198 1533 1334 1568 Θυγατρὸς
1354 1533 1506 1567 ὑπανδρίας
1531 1533 1576 1559 καὶ
1591 1533 1681 1559 τόπων
1695 1533 1743 1559 καὶ

958 1578 1042 1613 τιμῆς
1068 1578 1214 1613 δωρήσεως
1240 1579 1286 1604 καὶ
1302 1578 1442 1614 pasam;
1462 1578 1543 1604 πλέον
1571 1578 1625 1604 τῶν
1654 1577 1742 1604 ἄλλων

959 1635 1119 1670 optimatum
1148 1635 1266 1668 mittere,
1280 1634 1326 1668 qui
1341 1634 1397 1662 illic
1425 1641 1483 1666 res,
1501 1634 1535 1661 de
1551 1634 1652 1668 quibus
1671 1633 1742 1660 dixi-

960 1689 1031 1713 mus,
1046 1688 1108 1708 cum
1125 1680 1253 1708 fratribus
1265 1684 1468 1715 componerent.
1481 1685 1507 1707 et
1524 1679 1639 1706 referret
1655 1679 1688 1706 ad
1701 1686 1743 1710 se,

960 1728 1024 1763 quid
1041 1727 1111 1754 facto
1126 1734 1195 1762 opus
1210 1731 1296 1754 esset:
1315 1727 1411 1761 quodsi
1442 1734 1494 1752 non
1513 1730 1606 1760 posset
1623 1725 1742 1760 primum

961 1778 1040 1808 caput
1053 1773 1187 1806 obtinere,
1202 1772 1324 1799 obtinere
1341 1771 1470 1798 niteretur
1483 1770 1644 1803 secundum,
1663 1774 1743 1804 atque

961 1821 996 1847 ita
1015 1820 1143 1854 deinceps
1160 1824 1208 1847 aut
1221 1819 1341 1850 tertium,
1356 1824 1404 1846 aut
1420 1823 1559 1853 quartum,
1573 1822 1632 1851 aut,
1653 1818 1676 1844 si
1695 1825 1742 1844 nc-

961 1866 1073 1893 oessitas
1090 1865 1358 1900 cogeret,quintum.
1377 1863 1500 1891 Rursus:
1517 1863 1584 1890 «Sed
1597 1863 1633 1896 si,
1644 1862 1743 1897 inquit,

961 1912 1043 1939 alium
1059 1915 1157 1946 praeter
1178 1915 1204 1938 te
1219 1911 1330 1943 misero,
1346 1915 1448 1943 metuo,
1471 1913 1500 1937 ut
1518 1910 1540 1936 is
1559 1909 1677 1936 debitam
1694 1908 1746 1935 tui-

961 1958 987 1985 hi
999 1957 1212 1995 benevolentiam
1230 1960 1258 1984 et
1270 1956 1349 1984 fidem
1365 1961 1485 1991 praestet.
1506 1963 1574 1983 neve
1587 1964 1650 1982 eum
1670 1954 1745 1981 deei-

961 2005 1037 2039 piant
1067 2004 1202 2041 despotae,
1228 2001 1328 2029 fratres
1351 2002 1415 2033 mei,
1446 2009 1492 2036 per
1509 2001 1608 2028 bullam
1633 2007 1743 2027 auream

962 2051 1051 2077 vicum
1076 2049 1192 2083 aliquem
1225 2048 1267 2075 vel
1285 2046 1422 2082 regionem
1447 2046 1499 2080 ipsi
1537 2050 1565 2072 et
1590 2044 1745 2072 haut-edibus

962 2097 1089 2130 deinceps
1114 2094 1244 2130 polliciti:
1261 2101 1315 2128 qua
1342 2093 1386 2120 ille
1401 2083 1431 2119 re
1445 2095 1611 2123 commotus,
1624 2095 1745 2125 quatuor

963 2142 1096 2176 capitibus
1109 2140 1219 2175 rejectis
1231 2158 1238 2169 .
1253 2139 1286 2166 de
1305 2139 1363 2165 solo
1378 2137 1475 2172 quinto
1489 2140 1568 2171 agat:
1588 2136 1659 2170 quod
1679 2134 1745 2162 tnihi

964 2187 1185 2214 molestissimum
1202 2185 1349 2212 accideret.
1369 2185 1501 2211 Pra‘terca
1515 2182 1569 2209 scis
1585 2182 1642 2216 ipse
1653 2202 1659 2213 ,
1677 2189 1691 2207 a
1706 2189 1747 2207 re-

963 2233 1025 2268 gina
1042 2232 1133 2267 Cypri,
1151 2235 1265 2265 cognata
1275 2236 1345 2261 mea,
1359 2229 1391 2256 ad
1402 2236 1445 2254 tne
1456 2228 1569 2254 missum
1581 2226 1744 2253 monachum

964 2280 1074 2310 dixisse,
1084 2274 1196 2311 unicum
1208 2277 1300 2312 regina
1312 2283 1365 2303 non
1378 2274 1490 2301 haberet
1508 2273 1646 2300 hominem
1664 2271 1746 2297 IItIUlIl

963 2331 989 2353 et
1017 2326 1153 2355 idoneum.
1174 2331 1221 2358 per
1247 2331 1328 2357 queui
1345 2329 1388 2348 res
1409 2320 1540 2354 quasdam
1557 2318 1668 2346 maximi
1687 2325 1747 2344 ιιιο‹

964 2372 1048 2400 luenti
1066 2379 1173 2399 mecum
1186 2369 1412 2398 communicaret,
1429 2374 1481 2394 nec
1502 2370 1605 2400 posset,
1625 2369 1654 2391 ut
1669 2368 1746 2398 opta-

963 2423 1014 2449 ret.
1031 2425 1124 2444 coram
1141 2423 1247 2443 mecum
1269 2413 1460 2448 colloqui,ego
1469 2413 1501 2439 ad
1516 2412 1587 2438 illam
1608 2410 1745 2436 hominem

963 2473 995 2494 cx
1009 2470 1100 2492 nostra
1113 2463 1174 2491 aula
1184 2466 1337 2497 spectatum
1350 2465 1377 2487 et
1389 2459 1471 2486 fidum
1483 2459 1629 2484 millean
1658 2454 1747 2488 Quare

965 2512 1022 2540 fieri
1052 2512 1156 2546 nequit,
1172 2517 1200 2537 ut
1222 2508 1278 2540 alii,
1293 2515 1324 2534 ac
1342 2507 1402 2538 tibi,
1431 2509 1537 2533 secreta
1553 2508 1647 2530 nostra
1669 2503 1748 2528 inuo-

966 2563 1082 2591 tescant,
1120 2563 1206 2592 neque
1237 2560 1278 2582 est
1307 2553 1452 2588 quisquam
1487 2555 1511 2577 te
1541 2549 1746 2592 aptior,quan-

964 2603 1110 2638 doquidem
1136 2591 1170 2629 tu
1187 2601 1269 2628 etiam
1297 2599 1365 2626 alias
1391 2598 1481 2625 omnia
1511 2603 1575 2622 cum
1592 2594 1635 2620 illa
1653 2591 1744 2625 egisti,

964 2648 1150 2679 constituisti,
1193 2644 1427 2686 communicasti,
1466 2640 1614 2677 perfecisti.
1658 2638 1744 2671 Quam

964 2695 998 2722 ob
1012 2702 1068 2721 rem
1085 2700 1132 2727 per
1148 2685 1230 2718 alium
1249 2690 1320 2717 istud
1338 2688 1475 2723 negotium
1491 2685 1594 2713 absolvi
1611 2685 1713 2717 nequit.
1735 2690 1744 2706 ι

965 2743 1020 2776 Ego
1041 2741 1076 2767 ita
1096 2738 1224 2773 respondi
1243 2745 1250 2764 :
1281 2746 1290 2762 ι
1312 2735 1390 2763 Sicut
1405 2741 1512 2765 censes,
1536 2733 1695 2767 imperator.
1709 2733 1746 2755 tta

964 2795 1006 2814 res
1033 2785 1121 2813 habet.
1148 2785 1186 2812 At:
1216 2788 1325 2819 propter
1350 2782 1416 2809 istas
1444 2779 1619 2815 gravissimas
1649 2784 1747 2803 causas

964 2834 1063 2868 conjux
1088 2839 1252 2865 ineiuscrt‘a
1279 2835 1336 2862 tua,
1366 2836 1427 2856 cum
1456 2826 1569 2861 reliquis
1585 2823 1746 2861 propinquis
