1931 3079
215 170 268 201 827

833 171 992 202 GEORGII
1013 171 1226 202 ΡΠΒΑΝΤΖΑΕ

1785 170 1841 204 828

211 225 408 260 ἀρχοντισσῶν.
424 235 434 252 ι
450 225 506 253 Καὶ
523 226 611 257 οὕτως
626 226 723 261 καιροῦ
737 227 768 262 δὴ
782 227 857 259 ΰντος
873 227 919 254 τοῦ
935 229 997 262 ἀρι-
1011 229 1033 257 Α
1048 237 1117 260 κιον,
1135 229 1164 255 τὺ
1180 227 1227 254 τοῦ
1244 227 1363 262 μεγάλου
1391 227 1544 262 λογοθέτου.
1564 237 1574 254 ι
1597 228 1626 255 '0
1639 228 1667 255 δὲ
1688 228 1750 263 δοὺξ
1764 229 1840 257 ἁπο-

212 281 312 306 στησαι
327 274 520 308 προσκυνήσας
534 273 590 306 ἐγὼ
611 274 732 304 ἀπῆλθον
749 274 850 300 οἴκαδε.
875 274 952 301 Μετὰ
967 274 996 300 δὲ

210 319 241 344 τὺ
258 318 369 353 ἄριστον
382 319 504 350 ἐλθόντος
525 319 574 345 τοῦ
594 320 715 354 μεγάλου
730 320 824 352 δουκὸς
841 321 870 346 ἐν
885 320 924 352 τῷ
942 329 995 346 πα-

210 364 295 398 λατίῳ
310 365 432 399 ὲφήσατο
453 365 528 400 αὐτῷ
545 366 559 392 ὁ
574 365 701 400 βασιλεὺς
720 366 755 393 τὰ
779 367 829 393 ὅσα
850 367 910 402 μετ’
926 366 995 401 ἐμοῦ

211 410 326 444 ἐλάλησε
351 412 416 445 περὶ
432 411 480 437 τοῦ
505 412 626 446 πρέσϐυν
648 421 681 446 με
708 413 845 445 ἀπελθεῖν,
863 413 921 439 ἀλλ’
946 413 995 440 οὐκ

210 455 389 490 ἀπεκάλυψεν
405 456 479 491 αὑτῷ
492 457 526 483 δι’
541 457 575 492 ἢν
587 458 678 484 αἰτίαν
688 465 695 472 ·
714 459 762 484 καὶ
779 459 933 494 προσέθηκε
947 463 995 487 καὶ

209 502 300 532 τοῦτο.
314 502 356 529 ὅτι
372 502 534 537 Ἀναγκαῑόν
543 505 601 530 ἐστι
617 506 779 540 τιμήσωμεν
796 506 845 532 καὶ
857 507 937 540 ἡμεῖς
949 507 995 534 τὸν

209 548 361 582 Φραντζῆν,
384 549 451 575 διότι
480 549 510 576 τὸ
532 550 658 584 ὀφφίκιον
678 552 692 578 ὃ
709 552 842 587 κέκτηται
856 553 906 579 οὐκ
921 553 995 580 ἐστιν

209 593 371 628 εὐχαριστία
386 595 498 630 οὐδεμία
517 596 586 631 πρὸς
606 598 693 632 ἡμᾶς,
709 598 777 625 διότι
792 600 867 633 παρὰ
879 599 926 626 τοῦ
945 599 993 634 βχ-

210 639 306 671 adeo);
328 640 375 667 τοῦ
389 642 506 676 ἀδελφοῦ
534 652 584 678 μου
608 645 782 681 εὖηργετήθη
812 647 891 674 τοῦτο
908 648 992 682 αὐτῷ,

208 686 253 712 Διὸ
265 686 340 720 λέξον
354 688 429 723 αὒτῷ
452 691 528 716 ποῖον
546 690 611 718 ἄλλο
626 692 682 718 τῶν
695 692 832 726 ὁφφικίων
853 693 992 729 ὀρέγεται,

206 731 255 758 καὶ
270 733 443 768 ἀκούσωμεν,
469 736 524 762 Καὶ
546 737 660 769 ἐξελθὼν
674 739 688 764 ό
700 738 763 770 δοὺξ
781 740 827 766 καὶ
849 740 938 775 εὑρών
959 750 992 774 με

208 779 376 806 ἐπυνθάνετο
393 781 419 806 τί
433 782 462 807 τὺ
475 781 605 816 ὀφφικιον
616 783 763 819 ὡρεγόμην
777 785 820 811 ἵνα
836 786 993 822 δωρήσητιε

209 831 254 857 μοι
269 825 282 850 ὁ
292 824 430 858 βασιλεύς.
440 826 510 860 Ἐγὼ
525 827 553 853 δὲ
567 829 728 864 ἀποκριθεὶς
737 828 815 857 εἷπον
831 831 871 858 ὃτι
888 841 897 856 ι
914 833 992 859 Κατὰ

206 869 270 896 νοῦν
284 868 357 905 εἶχον
372 872 417 897 καὶ
443 871 500 906 ἐγὼ
523 874 634 909 αἰτῆσαι
650 876 744 908 μεῖζον
767 876 907 911 ὁςρφίκιον,
923 878 991 914 ὅπερ
1010 900 1028 925 Β

206 915 237 941 οὐ
252 917 384 951 κέκτηται
395 917 486 950 ἄλλος,
501 920 547 945 καὶ
561 919 624 946 οὕτε
636 920 737 952 ζῶντός
755 930 805 955 μου
821 923 990 959 εὐεργετήσῃ

206 961 260 986 τινὶ
277 962 362 997 ἑτέρῳ
386 963 457 997 πλὴν
474 965 542 998 ἐμοῦ
555 966 624 996 ·,καὶ
640 966 671 992 τὸ
701 968 807 999 πρέπον
831 967 918 1000 οὕτως
947 978 993 1004 μοι

207 1006 281 1033 δοκεῖ
296 1005 377 1040 εῖναι,
394 1009 407 1035 δ
424 1010 470 1036 καὶ
481 1010 628 1046 ὀρέγομαι,
647 1013 708 1039 ἐπεὶ
722 1016 769 1042 καὶ
782 1014 835 1049 πρὸ
851 1015 898 1041 τοῦ
911 1016 994 1042 ἀπελ-

207 1052 263 1078 θεῖν
282 1061 316 1087 με
337 1055 377 1085 εις
389 1054 583 1090 Τραπεζοῦντα
598 1058 721 1085 τοσαῦτα
738 1059 827 1094 ὀνείδη
844 1061 891 1087 καὶ
907 1069 993 1094 κατη-

205 1100 302 1133 γορίας
320 1100 426 1134 ἤκουσα
450 1102 498 1128 καὶ
518 1102 644 1138 ὑπέφερα
663 1104 707 1131 διὰ
729 1105 760 1131 τι)
777 1104 848 1132 εἶναι
865 1108 912 1132 καὶ
934 1108 992 1133 ἑτέ-

207 1153 270 1177 ρους
384 1147 431 1173 δύο
455 1149 590 1183 ἄρχοντας
615 1151 645 1176 ἐν
668 1151 706 1186 τῷ
726 1152 844 1188 ὀφφικεῳ
868 1154 882 1180 ὂ
899 1153 962 1188 ἔχω,
978 1154 992 1180 ὃ

204 1190 255 1216 οὐκ
271 1191 365 1226 ἧθελα.
388 1193 460 1220 Ἀλλ’
477 1194 519 1220 ἵνα
534 1195 670 1231 βεδαιωθῇ
687 1198 701 1223 ὁ
715 1197 792 1231 λόγος
808 1207 871 1232 μου,
890 1199 927 1230 ὥς
944 1207 991 1233 μοι

204 1238 319 1272 εἴρηκας
342 1239 420 1272 κάγὼ
447 1240 594 1276 ὀρέγομᾶι,
613 1242 637 1268 el
661 1243 707 1269 καὶ
735 1244 849 1278 ἀρεστόν
876 1245 936 1271 ἐστι
952 1244 990 1280 τῷ

204 1284 322 1320 αὐθέντῃ
343 1293 394 1320 μου
409 1286 449 1320 τῷ
467 1287 583 1321 βασιλεῖ,
604 1288 775 1324 εὐεργετήσῃ
803 1299 848 1324 μοι
864 1290 894 1317 τὸ
911 1291 992 1325 ὸφφί-

204 1338 263 1356 χιον
279 1331 327 1357 τοῦ
343 1332 463 1366 μεγάλου
480 1334 691 1361 κοντοσταύλου.
711 1345 720 1360 ι
737 1336 790 1362 Καὶ
805 1337 891 1369 οὕτως
904 1338 990 1372 ἀπῆλ-

204 1376 250 1402 θεν
264 1377 278 1403 ὁ
298 1377 424 1413 Ναταρᾶς
453 1379 500 1405 καὶ
519 1379 636 1415 ἀνέφερε
656 1381 745 1408 πάντα
767 1382 807 1416 τῷ
837 1382 960 1417 βασιλεῖ’
975 1385 989 1411 ό

202 1419 231 1446 δὲ
243 1421 403 1456 ἀποκριθεὶς
420 1421 498 1449 εἶπεν
512 1423 605 1459 αὕτῷ-
625 1434 634 1450 t
654 1426 725 1452 Αὐτὸ
741 1426 796 1462 γὰρ
814 1427 844 1453 τὸ
861 1427 989 1462 ὀφφίκιον

203 1465 234 1492 οὐ
249 1466 346 1502 δίδωμι
372 1468 472 1501 οὐδενὶ,
489 1469 530 1496 ὅτι
543 1471 557 1496 ό
581 1471 679 1506 πρώην
696 1481 748 1506 μου
772 1473 904 1508 πενθερός
929 1476 988 1501 ἐστι

205 1512 292 1546 μέγας
318 1515 525 1549 κοντὸσταυλος,
542 1517 661 1551 γεγονὼς
683 1518 712 1545 ὲν
733 1520 765 1554 τῇ
792 1519 988 1556 Πελοποννήσῳ

1049 274 1155 310 κριθεὶς
1168 273 1230 300 εἷπε
1243 282 1250 290 ’
1270 283 1279 300 ι
1298 275 1352 300 Καὶ
1364 274 1390 300 τί
1404 275 1550 309 γενήσεται
1567 274 1637 309 μετὰ
1651 274 1699 301 τοῦ
1714 275 1839 302 Παλαιο-

1046 320 1129 354 λόγου
1151 320 1198 346 τοῦ
1216 321 1386 355 Μετοχιτους
1408 329 1418 346 ι
1440 320 1468 347 '0
1484 321 1611 356 Νοταρᾶς
1634 319 1711 347 εἶπεν
1735 321 1776 348 ἔτι
1797 322 1840 357 τῷ

1048 366 1154 400 βασιλεί
1168 367 1213 394 ἵνα
1226 367 1393 402 εὐεργετήσῃ
1411 375 1445 401 με
1461 367 1493 393 τὸ
1518 366 1567 393 τοῦ
1588 367 1710 402 μεγάλου
1734 375 1839 402 πριμι-

1048 412 1157 447 κηρῑου,
1169 413 1183 439 ὃ
1194 413 1252 439 ἐστι
1271 412 1340 447 μετὰ
1357 413 1388 438 τὺ
1404 412 1452 439 τοῦ
1469 413 1721 448 στρατοπεδάρχου,
1739 415 1789 440 καὶ
1804 415 1837 441 οὐ

1046 458 1136 491 τοῦτο,
1146 458 1225 491 λέξας
1241 458 1282 485 ὅτι
1295 467 1305 484 ‹
1316 457 1347 485 'H
1368 458 1492 493 βασιλεία
1501 467 1547 484 σου
1558 458 1670 493 ζητήσει
1682 459 1728 485 τοῦ
1738 459 1839 486 δεσπό-

1046 511 1094 529 του
1110 503 1157 529 τοῦ
1173 503 1289 537 ἀδελφοῦ
1310 512 1357 530 σου
1374 503 1508 538 ἐποίησας
1524 504 1770 540 στρατοπεδάρχην
1788 506 1837 532 τὸν

1045 548 1092 574 τοῦ
1109 547 1342 582 Καντακουξηνοῦ
1359 549 1415 574 υἱὸν
1434 548 1479 574 διὰ
1493 549 1542 583 τὴν
1559 549 1752 584 συγγαμϐρῖας
1768 559 1837 584 συγ-

1046 595 1156 628 γένειαν
1170 594 1215 621 καὶ
1228 594 1271 621 διὰ
1291 595 1337 621 τὸν
1353 595 1586 630 πρωτοστράτορα
1599 595 1646 622 τὸν
1664 596 1764 623 ἑαυτοῦ
1781 605 1837 623 πα-

1046 640 1124 675 τέρα.
1142 640 1197 667 Καὶ
1209 641 1256 667 ἑὰν
1270 640 1359 676 δώσῃς
1375 640 1415 675 τῷ
1429 640 1554 676 Φραντζῇ
1576 641 1606 667 τὸ
1620 642 1744 668 τοιοῦτον
1757 642 1838 675 6w:-

1046 693 1115 717 κιον,
1129 685 1143 711 ὅ
1157 686 1218 712 ἐστι
1243 685 1351 718 πρῶτον
1373 685 1421 712 τοῦ
1438 686 1557 719 μεγάλου
1579 687 1834 721 στρατοπεδάρχου,

1044 731 1070 757 τί
1088 731 1235 766 γενήσεται
1250 741 1257 764 ;
1279 732 1374 766 Ὅμως
1396 732 1421 758 ει
1441 733 1557 766 ἀρεστόν
1574 734 1631 759 ἔστι
1645 735 1678 768 τῇ
1705 733 1834 768 βασιλείᾳ

1046 785 1105 808 σου,
1132 777 1315 812 εὐεργέτησον
1341 777 1417 813 αὺτῷ
1435 778 1464 804 τὺ
1480 778 1527 804 τοῦ
1553 779 1674 813 μεγάλου
1693 787 1833 813 πριμικη-

1046 822 1105 856 ρίου
1120 823 1260 856 ὁφφίκιον,
1275 823 1289 849 ὃ
1305 825 1363 849 ἐστι
1385 824 1455 858 μετὰ
1466 823 1496 849 τὺ
1517 823 1564 849 τοῦ
1581 823 1701 858 μεγάλου
1716 832 1834 858 στρατο-

1044 869 1191 904 πεδάρχην.
1213 880 1222 895 ι
1238 871 1266 896 'U
1286 870 1314 896 δὲ
1331 870 1458 904 βασιλεὺς
1472 868 1565 898 εἷπεν·
1582 880 1592 896 t
1618 870 1690 903 Ἐγώ
1703 879 1746 897 σοι
1762 878 1832 905 προ-

1044 917 1120 942 εῖπον
1134 917 1174 942 ὅτι
1187 917 1200 942 ὁ
1220 917 1362 951 Φραντζής
1383 917 1414 942 οὑ
1433 916 1540 950 δέχεται
1659 916 1736 942 οὐδὲν
1749 915 1832 949 ὐφφίυ

1044 969 1104 988 κιον
1132 962 1197 995 παρ’
1223 961 1304 988 ἄλλου
1333 962 1531 996 κρατούμενον,
1547 962 1572 987 ει
1598 962 1646 988 καὶ
1672 961 1832 996 μειζότερον

1044 1007 1085 1041 εἴη
1100 1015 1107 1023 ·
1123 1007 1183 1039 πῶς
1205 1005 1254 1034 οὖν
1269 1008 1451 1043 καταδέξηται
1471 1008 1502 1034 τὸ
1518 1008 1566 1034 τοῦ
1590 1007 1708 1043 μεγάλου
1732 1016 1832 1042 πριμι-

1043 1054 1141 1089 κηριου
1155 1062 1163 1088 ς
1176 1054 1250 1088 ὅμως
1267 1055 1300 1081 ἐκ
1314 1054 1441 1089 δευτέρου
1458 1053 1576 1089 λάλησον
1603 1054 1687 1088 αὐτῷ,
1703 1054 1752 1080 καὶ
1770 1054 1832 1080 ἴδω-

1045 1109 1094 1134 μεν
1114 1100 1162 1134 τὴν
1178 1100 1292 1135 γνώμην
1317 1101 1412 1128 αὑτοῦ.
1432 1110 1441 1126 ›
1459 1101 1561 1127 Λοιπὸν
1583 1100 1662 1132 αὖθις
1677 1098 1745 1136 ἦλθε
1761 1101 1831 1136 πρός

1044 1155 1076 1181 με
1093 1147 1106 1172 ὁ
1125 1147 1211 1181 μέγας
1226 1147 1289 1178 δοὺξ
1311 1146 1417 1180 λέγων·
1434 1156 1444 1173 ί
1470 1148 1500 1174 Ὀ
1522 1147 1650 1182 βασιλεὺς
1669 1147 1721 1182 ἔφη
1738 1147 1779 1174 ὅτι
1800 1147 1832 1173 τὸ

1041 1191 1089 1218 τοῦ
1106 1193 1227 1226 μεγάλου
1247 1193 1443 1220 κοντοπαύλου
1464 1194 1603 1226 όφφίκιον,
1621 1194 1683 1220 ἐπεὶ
1704 1195 1718 1220 ὁ
1733 1194 1831 1221 πενθε-

1043 1239 1088 1272 ρὸς
1104 1238 1186 1265 αὑτοῦ
1203 1239 1259 1273 ἔχει
1273 1238 1363 1270 τοῦτο,
1376 1239 1439 1265 οὔτε
1456 1241 1498 1266 σοὶ
1514 1239 1576 1266 οὔτε
1594 1240 1668 1275 ἄλλῳ
1683 1241 1737 1267 τινὶ
1750 1241 1830 1274 εὐερ-

1040 1285 1151 1318 γετήσει
1168 1284 1243 1316 αὐτὸ,
1267 1284 1334 1311 ἀλλὰ
1352 1284 1433 1311 δώσει
1448 1293 1491 1311 σοι
1511 1285 1540 1312 τὸ
1555 1285 1602 1312 τοῦ
1629 1285 1748 1320 μεγάλου
1765 1295 1830 1320 πρι-

1043 1331 1183 1364 μικηρῖου,
1201 1331 1271 1365 ὅπερ
1298 1330 1345 1356 καὶ
1366 1331 1474 1365 πρῶτον
1497 1331 1592 1358 τούτου
1623 1332 1692 1358 ἐστί.
1716 1342 1725 1358 ι
1744 1333 1830 1365 Κάγὼ

1040 1374 1118 1402 εἷπον
1129 1376 1204 1411 αὐτῷ
1220 1377 1261 1402 ὅτι
1273 1385 1282 1402 ι
1298 1376 1328 1402 El
1341 1378 1389 1403 καὶ
1401 1377 1511 1412 πρῶτόν
1526 1378 1583 1404 ἐστι
1597 1378 1628 1404 τὸ
1642 1378 1689 1404 τοῦ
1707 1379 1828 1413 μεγάλου

1040 1421 1136 1452 δουκὺς
1156 1422 1296 1456 ὀφφίκιον,
1312 1422 1392 1449 τοῦτο
1418 1423 1448 1449 οὺ
1465 1422 1535 1450 θέλω
1561 1423 1746 1458 ἀφαιρεθῆναι
1773 1423 1829 1451 ἀπὺ

1039 1468 1121 1495 ἄλλου
1138 1469 1185 1494 καὶ
1199 1469 1309 1504 δοθῆναι
1325 1469 1398 1504 ἐμοί·
1413 1479 1422 1496 ι
1444 1470 1490 1496 καὶ
1506 1470 1593 1502 οὕτως
1614 1470 1724 1506 διελύθη
1738 1471 1751 1497 ὁ
1763 1471 1828 1497 σύλ-

1039 1514 1128 1548 λογος,
1143 1514 1339 1547 Βουλευθέντος
1350 1515 1377 1542 δέ
1395 1524 1445 1550 μου
1463 1517 1531 1550 μετὰ
1544 1517 1599 1542 τῶν
1615 1517 1760 1551 συγγενῶν
1775 1526 1827 1552 μου

203 1559 280 1591 παρὰ
294 1559 341 1585 τοῦ
359 1560 492 1594 βασιλέως
507 1563 555 1590 τοῦ
573 1565 678 1598 πατρός
704 1573 766 1600 μου,
783 1566 828 1592 ὅτε
852 1566 988 1602 ᾠκοδόμει
1003 1569 1023 1597 C
1039 1561 1088 1587 καὶ
1101 1561 1185 1595 φίλων
1198 1562 1244 1588 καὶ
1259 1562 1368 1588 οῖκείων
1383 1563 1448 1597 περὶ
1459 1560 1496 1589 ὧν
1509 1564 1523 1589 ὁ
1536 1563 1661 1598 βασιλεύὸ
1678 1573 1725 1598 μοι
1737 1565 1829 1598 ὲ“¹”ί”¹’ὶΥ”

202 1604 248 1630 τδν
269 1604 385 1640 Ἰσθμόν.
403 1607 476 1643 Πλὴν
497 1608 575 1636 δώσω
597 1610 672 1646 αὐτῷ
684 1611 779 1646 ἕτερον
793 1613 886 1647 μεῖζον
908 1614 989 1648 ὸφφι-

202 1667 256 1688 non
282 1661 403 1690 obstabit
430 1663 547 1692 fortasse
563 1686 570 1698 ,
603 1667 751 1701 quominus
776 1669 909 1696 voluntati
936 1675 988 1697 tute

201 1706 356 1741 obsequar:
369 1716 450 1743 quam
461 1710 559 1743 beabo,
569 1719 630 1739 cum
640 1713 753 1746 docebo,
766 1723 826 1749 quae
837 1716 987 1751 majcstatis

201 1755 254 1780 tua:
265 1755 351 1788 gratia
364 1756 396 1782 de
407 1756 462 1783 lilia
475 1765 534 1784 mea
551 1759 709 1787 collocanda
719 1761 880 1795 decreverit,
898 1763 987 1798 deque

200 1797 311 1827 ditionis
324 1805 351 1827 et
362 1801 493 1829 honorum
508 1804 638 1843 prtemiis,
666 1813 720 1841 pr:e
735 1807 848 1842 reliquis
877 1797 986 1837 feminis

199 1845 337 1874 nobilibus
354 1855 413 1875 eam
430 1843 567 1878 evectura.
592 1860 602 1877 ι
621 1852 659 1879 lta
685 1860 746 1880 cum
772 1858 881 1890 tempus
904 1863 987 1889 pran-

200 1889 238 1916 dii
253 1891 370 1923 adesset.
400 1894 559 1923 adoratione
595 1896 687 1929 facta,
717 1889 836 1926 domum
859 1900 983 1928 discessi.

199 1936 264 1964 Post
277 1938 420 1972 prandium
444 1949 542 1976 magno
567 1944 629 1971 duci
653 1945 678 1972 in
705 1946 834 1980 palatium
866 1948 984 1975 venienti

200 1982 349 2017 imperator
365 1984 469 2020 retulit;
486 1996 547 2023 qum
560 1989 593 2016 de
606 1990 729 2018 obeunda
755 1993 822 2019 mihi
849 1993 986 2028 legatione

200 2036 305 2057 mecum
333 2033 444 2067 egisset,
462 2041 576 2063 causam
602 2041 692 2065 tamen
709 2046 762 2066 non
779 2041 906 2075 aperuit;
935 2041 984 2069 ad-

200 2075 268 2102 didit
285 2082 387 2111 autem,
416 2087 528 2109 necesse
559 2091 630 2116 esse,
665 2090 694 2111 ut
723 2085 781 2120 ipse
809 2095 919 2122 quoque
941 2095 985 2116 me

200 2123 401 2154 cuhonestarct.
416 2128 544 2162 quoniam
568 2138 679 2163 munus,
695 2139 749 2165 quo
771 2131 909 2168 fungerer,
929 2141 983 2162 non

200 2176 250 2195 sua
265 2170 363 2204 gratia,
382 2173 428 2200 sed
453 2173 638 2209 imperatoris,
671 2176 765 2206 fratris
792 2180 846 2211 sui,
865 2179 983 2208 benevo-

200 2215 280 2243 lentia
296 2217 361 2245 mihi
379 2219 549 2255 impertitum
579 2227 651 2250 esset
666 2232 673 2256 ;
694 2225 888 2261 mandavitque
915 2227 984 2260 ei,ut
999 2236 1021 2264 ι)

199 2263 269 2296 quod
291 2272 391 2294 munus
405 2271 537 2302 optarem,
551 2277 584 2297 ex
599 2278 642 2298 me
658 2277 793 2306 quaereret
819 2277 846 2300 et
862 2273 913 2300 sibi
941 2281 984 2301 re-

200 2309 347 2337 nuntiaret.
385 2311 478 2348 ltaque
504 2314 635 2343 dimissus
664 2317 729 2349 dux,
761 2318 806 2345 ubi
834 2326 877 2345 me
904 2319 982 2352 vidit,

200 2356 314 2390 rogavit,
347 2359 420 2392 quod
448 2367 547 2388 tmtnus
567 2362 600 2389 al)
630 2362 795 2397 imperatore
822 2364 888 2391 mihi
921 2365 981 2392 dari

199 2407 339 2434 cuperem.
354 2403 394 2431 Ad
410 2413 471 2440 qua:
484 2406 519 2433 ita
537 2409 679 2442 respondi:
699 2419 707 2435 ε
734 2411 842 2438 Possim
855 2411 981 2446 equidem

200 2454 298 2475 munus
317 2450 404 2485 tnajus
422 2460 494 2480 nunc
510 2459 611 2488 petere,
628 2456 698 2490 quod
717 2456 787 2483 alius
805 2465 858 2483 non
873 2457 982 2489 habeat,

198 2495 324 2530 quodque
340 2505 384 2524 me
400 2498 462 2526 vivo
492 2505 590 2535 pra-ter
617 2510 658 2529 me
678 2503 781 2530 nemini
798 2503 982 2537 impertiatur.

197 2540 274 2573 Quod
308 2542 421 2572 honeste
437 2547 573 2580 petiturus
594 2549 659 2575 mihi
680 2549 782 2582 videor,
801 2550 876 2585 quia,
903 2555 982 2578 ante-

196 2595 277 2621 quam
307 2588 506 2625 Trapezuntem
523 2593 648 2625 disocssi,
667 2595 800 2629 plurimas
829 2597 982 2623 calumnias

196 2638 223 2660 ct
252 2636 457 2665 criminationes
485 2645 614 2674 expertus
642 2649 703 2668 sum
723 2649 754 2668 ac
773 2642 883 2676 pertuli,
915 2642 979 2677 quia

196 2679 240 2706 alii
261 2681 316 2709 duo
330 2690 457 2717 proceres
472 2685 497 2716 in
514 2686 602 2713 ollicio
613 2693 717 2721 essent,
735 2688 807 2723 quod
829 2689 937 2716 habeo:
954 2688 979 2715 id

196 2728 268 2758 Quod
284 2729 370 2756 nolui.
385 2730 489 2766 Itaque,
503 2737 531 2759 ut
549 2738 675 2760 eventum
694 2734 791 2761 habeat
804 2736 891 2762 oratio
909 2742 980 2767 mea,

197 2775 305 2804 quando
321 2780 349 2802 tu
365 2776 501 2811 itajubes,
519 2779 598 2813 cupio
615 2780 753 2814 equidem,
770 2781 791 2806 si
811 2780 981 2815 imperatori,

197 2821 308 2849 domino
321 2830 391 2856 meo,
403 2829 543 2859 acceptum
568 2826 614 2857 sit,
637 2831 665 2853 ut
683 2827 820 2861 impertiat
839 2828 904 2858 mihi
920 2836 981 2854 lllll-

200 2874 249 2894 nus
280 2869 371 2902 magni
401 2871 574 2902 contnstauli.
593 2881 614 2906 _)
642 2871 679 2899 Ita
712 2873 835 2900 discessit
866 2873 980 2901 Notaras

1040 1608 1164 1642 γείλατο,
1181 1609 1228 1635 καὶ
1243 1609 1332 1640 καλῶς
1343 1610 1428 1636 πᾶσιν
1441 1609 1531 1642 ἔδοξεν
1551 1611 1594 1637 ἵνα
1607 1612 1637 1637 τὸ
1653 1611 1828 1638 συνοικέσιον

1040 1668 1067 1690 οι
1083 1669 1182 1691 cuncta
1198 1665 1292 1692 retulit
1310 1665 1488 1701 imperatori:
1512 1667 1558 1701 qui
1576 1667 1633 1694 haec
1659 1667 1684 1694 ei
1710 1675 1828 1703 respon-

1039 1709 1095 1737 dit:
1115 1719 1124 1736 ι
1143 1711 1209 1738 lllud
1231 1711 1339 1746 quidem
1359 1719 1459 1739 munus
1483 1713 1586 1740 nemini
1604 1713 1743 1748 impertio,
1759 1722 1829 1749 quo-

1039 1757 1111 1783 niam
1133 1757 1263 1791 pristinus
1285 1757 1373 1785 afﬁnis
1395 1766 1473 1786 meus
1500 1748 1615 1794 magnus
1636 1762 1828 1789 contoslaulus

1037 1806 1090 1834 est,
1107 1807 1221 1830 ornatus
1241 1811 1273 1831 ea
1294 1804 1428 1839 dignitate
1446 1804 1474 1831 in
1502 1804 1691 1839 Peloponneso
1707 1814 1721 1833 a
1751 1813 1828 1842 patre

1038 1855 1098 1875 meo
1111 1848 1284 1883 imperatore,
1294 1857 1355 1877 eum
1369 1850 1496 1878 Isthmum
1507 1853 1634 1878 munit-et.
1645 1851 1743 1879 Verum
1756 1855 1828 1881 dabo

1037 1894 1073 1920 illi
1086 1895 1160 1922 aliud
1188 1897 1276 1928 maius
1292 1904 1401 1930 munus,
1432 1897 1523 1932 magni
1546 1898 1701 1932 logothetze.
1725 1909 1734 1926 ι
1756 1901 1825 1927 'l‘um

1036 1939 1090 1965 dux
1105 1949 1111 1965 :
1133 1949 1142 1965 (
1158 1939 1228 1972 Quid
1240 1941 1332 1975 igitur,
1349 1941 1449 1976 inquit,
1464 1943 1497 1969 de
1510 1943 1663 1980 Palazologo
1677 1944 1826 1973 Metochita

1037 1985 1101 2012 fiet?
1118 1995 1127 2012 ι
1160 1986 1337 2022 Addiditque,
1369 1993 1400 2015 ut
1424 1989 1514 2024 magni
1531 1989 1679 2024 primicerii
1712 2000 1825 2024 munus.

1036 2032 1110 2065 quod
1142 2037 1204 2067 post
1229 2033 1461 2069 stratopedarchte
1491 2043 1592 2063 munus
1615 2038 1749 2071 sequitur,
1770 2047 1825 2066 non

1037 2078 1098 2110 hoc,
1120 2079 1184 2106 mihi
1198 2079 1286 2107 daret.
1308 2089 1317 2106 ι
1337 2079 1397 2115 Ipsa
1410 2080 1496 2113 enim,
1511 2081 1609 2116 inquit,
1629 2083 1761 2118 majestas
1778 2090 1824 2112 tua

1036 2124 1129 2152 fratris
1155 2125 1274 2160 despotte
1311 2132 1406 2162 rogatu
1438 2129 1692 2163 stratopedarcham
1731 2131 1824 2159 fecisti

1034 2170 1316 2199 Cantaeuzenililium
1345 2178 1455 2207 propter
1487 2173 1645 2202 allinitatem
1672 2180 1699 2202 et
1715 2181 1822 2211 patrem

1035 2217 1094 2251 ejus
1111 2221 1348 2251 protostratorem.
1364 2219 1506 2247 Phranlzre
1519 2220 1603 2255 igitur
1618 2222 1641 2249 si
1651 2222 1758 2250 dederis
1771 2226 1825 2252 huc

1036 2261 1166 2295 cilicium,
1183 2264 1256 2298 quod
1270 2264 1358 2299 majus
1378 2271 1418 2292 est
1432 2265 1564 2300 dignitate
1578 2269 1822 2302 stratopedarclize,

1035 2309 1100 2343 quid
1117 2309 1238 2337 futurum
1255 2311 1318 2338 est?
1337 2310 1390 2338 Sed
1413 2316 1515 2345 tamen,
1540 2313 1561 2340 si
1583 2314 1671 2348 placet
1687 2315 1722 2341 ita
1737 2316 1825 2349 maie-

1034 2355 1098 2381 stati
1112 2359 1175 2388 tuae,
1187 2357 1276 2391 magni
1289 2357 1436 2391 primicerii
1450 2366 1550 2386 munus
1563 2359 1599 2386 illi
1614 2361 1733 2394 imperti,
1747 2364 1823 2395 quo]

1035 2407 1134 2435 magno
1163 2403 1392 2436 stratopedarcltae
1424 2404 1578 2438 proximum
1607 2411 1688 2434 est.)
1720 2407 1822 2434 Contra

1036 2446 1092 2473 haec
1106 2446 1270 2481 imperator:
1300 2457 1309 2474 ι
1329 2447 1388 2475 Iam
1416 2454 1480 2476 ante
1508 2450 1556 2478 tibi
1569 2451 1641 2484 dixi,
1665 2452 1821 2481 Phrantzen

1035 2500 1088 2519 non
1103 2499 1279 2528 accepturum
1295 2495 1468 2530 dignitatem,
1483 2505 1564 2531 quam
1585 2506 1647 2525 cum
1674 2500 1728 2526 alio
1744 2508 1823 2527 com-

1036 2547 1144 2566 munem
1174 2540 1320 2567 habiturus
1341 2541 1386 2573 sit,
1417 2541 1523 2569 etiamsi
1555 2543 1590 2569 sit
1617 2545 1822 2578 praestabilior:

1034 2586 1173 2620 quomodo
1185 2586 1266 2621 igitur
1280 2587 1398 2622 accipiet
1416 2596 1517 2616 munus
1536 2590 1626 2624 magni
1647 2590 1798 2624 primicerii
1812 2592 1824 2612 9

1035 2639 1128 2658 verum
1146 2637 1173 2660 tu
1199 2634 1296 2660 iterum
1324 2641 1386 2660 eum
1417 2635 1544 2667 conveni,
1575 2640 1603 2662 ut
1621 2643 1822 2671 cognoscamus

1033 2679 1200 2706 voluntatem
1214 2680 1299 2714 ejus.»
1318 2680 1412 2715 Itaque
1427 2681 1522 2707 iterum
1537 2681 1571 2708 ad
1583 2689 1626 2709 me
1641 2683 1752 2711 veniens
1764 2692 1822 2711 ma-

1034 2732 1103 2758 gnus
1116 2724 1191 2752 dux:
1214 2735 1222 2751 ι
1241 2725 1462 2760 lmperator.ail,
1485 2727 1563 2757 dixit.
1592 2728 1682 2762 magni
1724 2735 1822 2756 contu—

1034 2771 1116 2798 stauli
1138 2771 1267 2804 cilicium,
1295 2779 1349 2806 quo
1369 2772 1456 2806 ipsius
1483 2772 1738 2809 alliuis'fungatur,
1768 2783 1821 2802 nec

1035 2817 1083 2844 tibi
1103 2826 1152 2844 nec
1169 2818 1215 2844 alii
1236 2819 1362 2854 cuiquam
1388 2827 1416 2846 sc
1435 2820 1572 2852 daturum,
1589 2820 1634 2848 sed
1652 2826 1817 2849 ornaturum

1035 2868 1061 2891 te
1078 2872 1139 2892 esse
1159 2864 1248 2899 magni
1266 2865 1413 2899 primicerii
1436 2874 1557 2899 immere,
1573 2867 1645 2901 quod
1662 2867 1744 2894 etiam
1762 2874 1821 2894 ma-
