1931 3079
110 165 166 197 829

637 168 856 200 CHRONICON
876 169 948 201 MAI
953 170 1011 201 US.
1025 182 1059 188 —
1075 170 1147 200 LIB.
1168 170 1227 200 ΠΙ⁴

1686 172 1737 204 830

109 227 161 262 τῆς
181 227 251 262 ἐμῆς
267 226 404 262 θυγατρὸς
421 227 535 261 γένηται
549 234 556 242 ·
572 227 636 262 περὶ
654 227 682 254 δὲ
697 228 745 255 τοῦ
756 227 896 262 ὀφφικίου,
912 226 936 255 Δ
951 228 1000 263 ρᾶν
1012 228 1037 254 τί
1053 227 1097 254 διὰ
1112 228 1159 255 τοῦ
1175 227 1271 262 ἱερέως
1288 227 1436 256 Ἀντωνίου
1453 229 1548 264 μηνύει
1567 238 1630 264 μοις
1648 240 1656 256 ι
1674 229 1740 258 Εἶτα

109 273 147 306 ὥς
161 273 192 300 τὸ
204 273 286 308 φέρον
302 273 384 308 φέρῃ,
405 274 452 301 καὶ
466 273 578 300 ἀπέλθω
595 275 643 302 καὶ
666 274 706 306 εἰς
729 274 898 308 Πελοπόννη-

110 329 158 347 σον
175 321 223 347 καὶ
239 320 365 354 Κύπρον,
377 320 425 347 καὶ
440 321 489 347 σὺν
503 321 565 355 ἐμοὶ
580 320 639 356 ἀρω
661 320 709 347 καὶ
725 321 771 347 τὸν
786 321 898 354 ἄριστόν

111 375 164 402 μου
194 367 253 393 υῐδν
272 366 319 393 τδν
338 366 386 393 καὶ
411 367 553 399 κρείττονα
567 367 660 402 σχιδδν
677 367 766 393 εἰπεῖν
788 368 898 394 πάντων

109 414 165 441 τῶν
179 413 384 448 συνηλικιωτῶν
398 413 495 445 αὑτοῦ,
511 413 559 440 καὶ
581 413 636 440 ἀπὸ
650 414 698 448 τῆς
718 413 832 448 κινητῆς
846 422 897 447 μου

109 460 273 495 περιουσίας
286 460 317 486 τδ
333 460 416 487 πλέον
443 461 539 495 μέρος,
555 461 603 487 καὶ
617 460 747 487 ἀπελθεῖν
766 461 841 496 ἡμᾶς
853 460 899 487 διὰ

109 505 207 540 ξηρᾶς,
222 505 298 537 ὃπως
313 506 440 537 κάκεῖνος
460 505 502 541 ιδῃ
520 507 584 538 τοὺς
603 507 702 538 τόπους
717 507 766 534 καὶ
785 507 898 533 παιδευ-

109 551 226 586 θήσεται
254 552 294 583 εἰς
317 552 373 578 πᾶν
386 552 417 578 τὸ
443 553 582 588 χρήσιμον
601 554 631 580 ἐν
655 554 694 588 τῷ
714 553 781 589 βίῳ’
798 553 846 580 καὶ
874 554 899 580 sl

110 597 213 632 ἴδωμεν
228 598 270 625 ὅτι
286 598 398 633 άμηρᾶς
412 598 476 625 καθ’
492 598 571 634 ἡμῶν
590 598 717 634 βούλεταί
731 607 757 625 τι
773 599 898 632 ποιῆσαι,

109 643 186 670 ἐάσω
201 644 247 671 τὸν
262 644 320 670 υῑόν
337 653 388 679 μου
406 645 436 671 ἐν
449 646 482 680 τῇ
503 645 700 680 Πελοποννήσῳ
713 645 782 679 μετὰ
797 646 846 679 τῆς
857 654 900 672 κι-

109 690 198 725 νητῆς
214 698 265 725 μου
280 690 424 725 ὑπάρξεως
437 691 514 726 παρά
526 692 583 724 τοῖς
593 693 737 726 μητρικοῖς
753 692 834 727 23o
847 701 899 727 μου

109 736 235 769 γνησίοις
266 737 424 770 συγγενέσι,
440 738 497 769 τοῖς
522 737 697 764 κατοικοῦσιν
717 739 746 765 ὲν
768 740 828 770 ταῖς
844 739 900 774 χώ-

111 791 174 817 ραις
200 782 248 808 τοῦ
270 783 480 818 μελλογάμδρου
496 786 557 818 ’μου
569 790 577 799 ⁸
595 785 621 811 ει
637 784 666 811 δὲ
691 785 741 811 οὐκ
769 785 862 812 ισεταί
875 795 900 812 τι

111 827 174 855 καθ’
195 828 286 863 ἡμῶν,
305 829 498 865 ἔπαναστρέψῃ
515 829 597 857 πάλιν
612 831 662 857 σὺν
680 831 742 866 ἐμοὶ
759 831 787 858 ιν
799 832 832 867 τῇ
848 841 900 859 πα-

110 875 193 908 τρίδι.
216 875 333 902 Ἕνεκεν
363 875 458 903 λοιπον
477 877 533 903 τῶν
562 877 718 912 εἰρημένων
743 878 841 905 πασῶν
855 879 900 905 αε-

111 921 188 954 τιῶν,
204 922 328 957 δηλονότι
353 922 403 949 τοῦ
432 924 603 950 συνοικεσίου
622 924 672 958 τῆς
694 924 830 959 Θυγατρός
848 933 898 959 μου

113 967 161 994 καὶ
176 968 228 1002 τῆς
246 968 339 1003 μάχης
356 968 479 1003 ὑποψίας
499 969 618 996 καὶτῶν
639 970 752 1002 λοιπῶν,
769 970 807 1001 ὡς
820 969 899 1005 προει

111 1022 211 1048 πομεν,
225 1015 242 1048 ἡ
259 1014 388 1046 σύνευνός
414 1024 464 1050 μου
483 1015 659 1050 συνεχώρησε
673 1016 723 1050 τὴν
744 1016 826 1043 πάλιν
840 1015 899 1048 ιξέ-

111 1061 205 1086 λευσίν
227 1069 290 1094 μου.
314 1061 358 1093 Ὠς
373 1061 420 1088 οὖν
434 1061 464 1088 τὸ
483 1062 533 1093 τῆς
556 1061 689 1097 Θυγατρός
707 1071 759 1096 μου
775 1063 899 1088 συνοικέ-

112 1115 172 1133 σιον
188 1107 397 1143 διωρθώσαμεν,
424 1108 590 1141 ποιήσαντες
614 1109 648 1135 τὰ
666 1109 900 1144 προικοσύμφωνα

111 1152 159 1178 καὶ
178 1152 333 1186 ῐερολογίαν
347 1152 396 1179 τοῦ
415 1152 588 1188 άρῤαὸὦνος,
607 1153 655 1179 καὶ
674 1154 763 1188 χαρὰν
779 1153 823 1180 διὰ
836 1153 900 1184 τοὺς

109 1197 219 1232 γάμους
249 1198 426 1233 ποιήσαντες,
454 1198 543 1225 πάντα
566 1198 600 1225 τὰ
630 1199 768 1232 ἀναγκαῖα
791 1199 835 1226 διά
850 1200 899 1233 τὴν

109 1245 169 1272 ὁδδν
193 1245 423 1280 ᾠκονομήσαμεν,
454 1246 478 1271 ει
506 1245 544 1280 μὴ
579 1245 659 1280 μόνον
684 1245 732 1277 τὰς
757 1244 899 1279 βασιλικὰς

109 1291 277 1326 προστάξεις
304 1291 350 1318 διὰ
380 1292 555 1326 γραμμάτων
582 1291 769 1327 προσεδόκουν
794 1291 898 1319 λαϐεῖν.

110 1337 298 1365 Καὶάπελθὼν
308 1338 348 1370 είς
359 1337 389 1365 τὸ
399 1338 527 1365 παλάτιον
538 1338 698 1374 εἰσελήλυθα
709 1338 783 1365 ἔνδον
796 1338 843 1364 τοῦ
852 1337 899 1365 τοῦ

110 1382 240 1418 βασιλέως
251 1382 369 1416 κελλίον,
385 1384 424 1415 ὡς
439 1382 553 1417 σύνηθές
569 1392 624 1419 μοι,
641 1383 744 1419 καὶούχ
756 1383 836 1418 εὖρον
851 1384 901 1410 αὑ-

109 1432 166 1458 τόν,
180 1430 247 1465 Περὶ
263 1430 294 1457 οὗ
306 1430 447 1465 ἠρώτησα,
456 1430 505 1457 καὶ
517 1431 615 1465 ὲῤῥέθη
628 1438 673 1465 μοι
681 1430 756 1457 ὄτιὲν
770 1429 808 1466 τῷ
817 1439 901 1466 τρασ-

111 1477 186 1512 σάρῳ
199 1477 330 1512 δωματίῳ
345 1477 432 1512 ἑτέρῳ
457 1476 573 1511 πλησίον
607 1476 655 1503 τοῦ
668 1476 784 1511 Ικελλίου
816 1476 900 1504 αὐτοῦ

111 1523 252 1550 συνε)ἀλει
269 1523 307 1558 τῷ
323 1523 392 1557 lapsi
410 1522 544 1558 Ἀντωνίῳ
557 1522 596 1557 τῷ
604 1522 707 1558 Ῥοδίῳ.
717 1523 803 1557 Κάγὼ
815 1532 901 1558 προσ-

112 1570 207 1604 μείνας
224 1569 333 1605 μικρδν,
352 1569 408 1596 ἰδοὺ
423 1569 437 1595 6
463 1569 590 1604 βασιλεὺς
612 1568 795 1604 ἐξερχόμενος
811 1569 898 1602 θυμοῦ
912 1581 933 1610 c

111 1615 202 1642 πνέων
216 1615 290 1650 λέγει
312 1623 358 1651 μοι
370 1623 377 1630 ·
397 1624 407 1641 ι
426 1613 506 1646 Εἶδες
519 1614 568 1641 τὸν
584 1614 742 1654 μεσάζοντα
754 1615 799 1641 τὸν
813 1615 900 1642 Nora-

108 1708 153 1742 jus
167 1707 215 1734 illo
229 1711 282 1734 est.
295 1716 304 1732 ι
327 1706 377 1734 Cui
395 1705 538 1741 respondi,
553 1705 660 1734 etiamsi
680 1706 770 1740 majus
785 1709 859 1734 esset
872 1706 899 1733 id

110 1754 226 1782 oilicium
245 1753 332 1788 magni
349 1752 427 1780 ducis
455 1751 554 1785 olllcio,
570 1756 661 1780 tamen
679 1759 734 1780 non
753 1759 898 1786 passurum

112 1807 154 1827 me
170 1807 241 1832 esse,
258 1799 302 1826 alii
324 1798 350 1826 id
369 1799 529 1833 derogatum
550 1798 578 1826 in
606 1805 650 1825 me
666 1798 799 1832 conferri,
816 1802 900 1833 atque

112 1848 149 1874 ita
167 1847 248 1874 linem
275 1846 370 1873 habuit
393 1845 575 1880 colloquium.
600 1845 782 1873 Consultante
809 1851 898 1873 autem

111 1900 155 1920 me
172 1900 232 1920 cum
253 1892 385 1927 cognatis,
412 1891 508 1919 amicis
530 1896 557 1919 et
579 1891 765 1918 familiaribus
796 1891 830 1918 de
854 1891 898 1923 iis,

111 1946 171 1973 qua:
187 1939 332 1973 imperator
347 1938 412 1965 mihi
425 1942 615 1973 proposuerat.
645 1938 773 1965 omnibus
788 1937 899 1965 videba-

113 1990 206 2017 tur,ul
218 1985 375 2020 conjugiutu
389 1984 449 2012 illia:
467 1991 532 2011 mem
549 1985 635 2016 tieret,
647 1984 681 2011 de
706 1983 794 2011 otiicio
806 1988 897 2011 autem

112 2033 226 2059 fortunae
245 2039 288 2059 me
302 2032 511 2063 committerem,
526 2034 608 2065 atque
625 2030 654 2058 in
680 2029 898 2065 Peloponnesum

111 2083 138 2106 et
152 2078 269 2113 Cyprum
288 2077 476 2112 proﬁciscerer
491 2082 519 2104 et
544 2081 687 2111 assumpto
708 2070 766 2104 tilio
792 2075 898 2111 optimo

111 2133 153 2158 ac,
176 2132 261 2160 prope
286 2124 387 2156 dicam,
414 2123 566 2158 aequalibus
599 2123 659 2151 suis
675 2122 803 2151 omnibus
830 2130 900 2157 prte-

111 2172 256 2206 stantiore,
271 2175 299 2198 et
327 2170 431 2206 majore
446 2174 524 2205 parte
552 2177 634 2204 opum
665 2169 820 2201 mobilium,
849 2176 899 2204 per

111 2218 295 2245 continentem
314 2217 366 2244 iter
382 2216 513 2249 facerem,
531 2220 560 2243 ut
585 2216 631 2243 ille
655 2222 765 2250 quoque
789 2221 837 2242 eas
856 2221 898 2242 re-

112 2264 206 2299 giones
220 2267 401 2298 cognosceret
413 2267 440 2290 et
454 2264 488 2290 ad
517 2269 628 2290 onmem
658 2261 813 2292 scientiam,
838 2269 899 2296 qua:
916 2254 936 2279 ί)

112 2311 175 2344 quid
207 2311 288 2338 habet
319 2309 470 2343 ad_vitam
509 2309 655 2342 commodi,
690 2309 898 2341 institueretur,

111 2363 202 2391 atque,
221 2356 243 2384 si
252 2356 574 2388 seusissemus,ameram
590 2355 692 2390 aliquid
702 2355 834 2384 adversus
849 2364 900 2383 nos

112 2402 212 2433 moliri,
234 2402 319 2429 lilium
335 2409 396 2429 cum
425 2401 505 2430 bonis
531 2401 679 2429 mobilibus
707 2401 734 2428 in
766 2400 900 2436 Pelopon-

112 2456 179 2475 neso
192 2448 262 2482 apud
282 2453 422 2475 maternos
433 2451 578 2482 cognatos,
594 2447 621 2474 in
638 2454 704 2482 agro
719 2446 800 2474 l‘tttttri
812 2447 900 2474 aﬂiuis

113 2494 164 2520 luci
184 2493 344 2526 habitantes,
358 2492 562 2527 relinquerem;
589 2491 632 2519 sin
652 2491 720 2518 nihil
736 2496 831 2519 contra
847 2499 899 2519 nos

114 2539 224 2566 uisurus
240 2543 321 2571 esset,
337 2545 400 2566 eum
415 2545 522 2565 mecutn
539 2538 567 2564 in
594 2538 708 2572 patriam
726 2538 897 2565 reducerem.

113 2584 244 2611 (lat-terum
262 2583 297 2611 ob
312 2590 408 2610 omnes
426 2583 486 2610 illas
503 2590 612 2615 causas,
628 2591 699 2616 quos
728 2590 898 2610 commemo-

113 2629 181 2660 ravi,
213 2629 273 2656 lilia:
290 2629 460 2664 coniugium,
493 2628 679 2663 suspicionem
711 2629 774 2656 belli
788 2633 814 2656 et
835 2629 899 2656 reli-

112 2683 175 2709 qua,
193 2675 292 2710 conjux
308 2683 378 2707 mea,
394 2680 424 2702 ut
440 2682 522 2709 supra
538 2675 605 2705 dixi.
618 2675 709 2702 denuo
729 2683 773 2702 me
788 2669 900 2710 peregre

114 2721 248 2754 proﬁcisci
261 2729 340 2756 passa
359 2725 411 2749 est.
427 2721 573 2756 Postquam
604 2721 687 2756 igitur
715 2721 776 2748 ﬁlim
803 2721 899 2756 conju-

113 2768 185 2801 g’unt
211 2767 384 2802 perfecimus,
425 2772 535 2802 peracta
576 2767 649 2795 dotis
679 2773 706 2795 ct
734 2767 898 2795 arrhabonis

113 2813 272 2846 sponsione,
291 2813 390 2848 gaudio
413 2818 523 2848 propter
545 2814 654 2848 nuptias
677 2814 788 2848 impleti.
806 2814 897 2841 omnia

113 2858 145 2884 ad
163 2858 312 2886 faciendum
328 2860 379 2886 iter
396 2860 548 2887 necessaria
579 2860 759 2894 providimus.
779 2868 828 2887 nec
840 2861 896 2894 jam

113 2913 182 2939 opus
213 2911 281 2939 etat,
317 2906 368 2934 nisi
403 2906 510 2942 aeriptis
539 2907 673 2934 malititllls
713 2907 895 2940 ἱεροτ-ιιιπετὶε.

951 273 1116 309 παραλιπὼν
1134 273 1184 307 τὴν
1208 273 1287 309 ὓϐριν
1302 273 1377 307 λέγει
1405 283 1452 309 μοι
1477 276 1568 308 πάλιν,
1590 285 1599 302 ι
1620 277 1656 303 Σὺ
1677 277 1739 311 ἐξή-

951 328 1038 354 τησας
1054 320 1083 347 τὸ
1099 321 1227 354 ὀφςρίκιον
1243 320 1290 347 τοῦ
1314 321 1433 355 μεγάλου
1450 322 1646 349 κοντοπταύλου
1657 331 1664 339 ·
1683 323 1738 356 ἐγὼ

952 365 1029 394 εἶπον
1044 367 1083 402 τῷ
1095 367 1207 402 Νοταρᾷ
1221 367 1263 393 ὅτι
1278 367 1340 394 οὔτε
1355 368 1428 402 ἄλλῳ
1443 368 1498 395 τινὶ
1511 368 1589 396 δώσω
1604 369 1649 396 διά
1663 378 1739 401 τινας

952 413 1043 445 αἰτίας
1061 413 1099 445 ὠς
1118 411 1212 441 εἷπον·
1225 414 1284 440 ἀλλ’
1308 414 1378 448 ἔφην
1393 414 1468 450 αὺτῷ
1491 416 1537 442 ἵνα
1553 415 1631 442 δώσω
1649 425 1691 443 σοι
1709 417 1739 442 τὸ

951 459 1081 495 ὀφφίκιον
1095 460 1142 487 τοῦ
1160 459 1282 495 μεγάλου
1297 461 1453 495 λογοθέτου.
1475 461 1505 489 '0
1519 462 1548 488 δὲ
1562 460 1622 490 εἷπέ
1637 471 1682 497 μοι
1699 463 1739 490 ’ὁτι

953 507 977 532 εί
996 507 1011 533 ὸ
1037 506 1224 540 Παλαιολόγος
1249 507 1328 542 231
1346 509 1360 534 ὁ
1381 508 1470 542 μέγας
1497 510 1740 544 στρατοπεδάρχης

952 552 1057 587 ἀκούσῃ
1071 551 1162 584 τοῦτο,
1183 553 1209 579 τί
1231 554 1395 587 γενήσεται,
1414 553 1439 580 εί
1462 554 1502 580 σοὶ
1519 555 1692 589 εὐεργετήσω
1711 556 1740 581 τὶ)

953 598 1075 624 τοιοῦτον
1101 598 1220 633 ἀξίωμα.
1248 600 1303 626 Καὶ
1329 600 1451 634 σήμερον
1474 591 1593 627 ἔστειλεν
1621 601 1650 626 ὃν
1671 600 1740 632 εἶδες

954 642 1083 675 ἐξελθεῖν,
1098 644 1144 671 τὸν
1158 645 1186 670 ὲν
1201 644 1324 679 σχήματι
1341 645 1390 672 καὶ
1401 645 1504 680 θεωρίᾳ
1518 646 1685 679 ἐπιτήδειον,
1702 646 1740 682 τῷ

952 689 981 715 δὲ
994 690 1088 724 τρόπῳ
1102 689 1151 717 καὶ
1165 690 1207 716 νοτ
1223 691 1355 726 ἄγροικον
1370 690 1419 717 καὶ
1444 691 1667 726 άνωφελὲστατον
1680 693 1741 719 Ἀν-

953 735 1049 762 τώνιον
1063 735 1150 769 ἱερέα,
1165 736 1250 762 αἰτῶν
1275 745 1320 771 μοι
1339 737 1382 763 ἵνα
1402 738 1511 772 τιμήσω
1531 738 1593 770 τοὺς
1609 740 1739 765 σκαιοτά-

953 789 1016 813 τους
1029 782 1077 808 xui
1105 782 1254 813 ἀσυνέτους
1281 782 1358 814 υἱοὺς
1373 783 1469 814 αὐτοῦ,
1493 783 1538 810 τὶν
1555 784 1603 818 μὲν
1632 784 1740 819 πρῶτον

956 828 1043 862 μέγαν
1055 827 1214 863 λογοθέτην,
1228 828 1274 855 τὸν
1289 829 1317 855 δὲ
1337 828 1463 864 δεύτερον
1479 829 1567 863 μέγαν
1581 831 1741 858 xcv-sciamu-

954 874 1010 905 λον,
1035 875 1098 901 ἐπεὶ
1125 875 1251 906 καὶτοὺς
1277 876 1394 910 ἐσθῆτας
1423 877 1526 908 ἐκεῖνος
1549 877 1639 912 άρχει,
1672 879 1740 912 ὅπερ

951 921 1026 947 ἐστὶν
1039 921 1056 956 ἡ
1072 921 1211 956 ὑπηρεσία
1226 922 1274 948 τοῦ
1290 922 1372 949 αὐτοῦ
1391 924 1531 958 ὀφφίκίου.
1548 923 1651 951 Λοιπὸν
1667 924 1740 960 λέγω

950 968 1126 1003 εὐεργετήσω
1143 969 1236 1000 αὐτοῖς
1257 969 1326 996 ἄλλα
1347 970 1465 1004 ὸφφίκια
1492 971 1562 1005 μετὰ
1584 972 1692 1005 καιρὸν,
1709 973 1739 998 οὐ

950 1013 1088 1048 τοσαύτης
1116 1014 1194 1046 ἀξίας
1219 1015 1305 1049 ὅμως,
1330 1015 1390 1041 ἀλλ’
1418 1015 1569 1042 ἐλάττονα·
1585 1017 1617 1042 σὺ
1636 1017 1664 1043 δὲ
1690 1017 1739 1052 ἔσῃ

950 1060 1005 1086 ἀπὸ
1022 1060 1069 1086 τοῦ
1087 1060 1135 1086 νῦν
1160 1061 1248 1094 μέγας
1262 1061 1421 1096 λογοοέτης,
1439 1061 1525 1088 Τοῦτο
1541 1061 1570 1088 δὲ
1592 1062 1639 1089 καὶ
1658 1062 1740 1096 μόνον

951 1106 1134 1141 παραγγέλλω
1151 1115 1202 1137 σοι.
1219 1107 1260 1133 ὅτι
1283 1107 1328 1134 διὰ
1343 1107 1377 1133 τὰ
1402 1106 1548 1141 συμϐάντα
1563 1106 1613 1134 τοῦ
1641 1107 1739 1142 καιροῦ

942 1152 998 1177 ,καὶ
1011 1151 1060 1182 τὰς
1078 1151 1252 1183 ποικιλώδεις
1267 1151 1381 1186 γνώμας
1396 1152 1450 1178 τῶν
1467 1152 1609 1186 ἀρχόντων
1628 1152 1675 1179 καὶ
1691 1153 1738 1179 ἄλ-

950 1197 998 1228 λας
1022 1198 1108 1229 αἰτίας
1137 1199 1174 1233 μὴ
1205 1199 1408 1234 προσκυνήσεις
1427 1204 1461 1234 με
1495 1199 1536 1230 εἰς
1563 1200 1738 1234 παράστασιν

950 1244 1058 1279 ἑορτῆς,
1078 1244 1117 1276 ὡς
1131 1244 1220 1278 ἔξεστι
1233 1245 1271 1280 τῷ
1288 1245 1408 1280 ὀφφικίῳ
1424 1254 1484 1278 σου,
1497 1246 1522 1272 εἰ
1536 1246 1597 1281 μὴὸ
1614 1246 1740 1281 Nummi;

950 1291 1093 1326 γράψει,ὲν
1110 1293 1170 1323 ταῖς
1191 1292 1260 1327 πρὸς
1276 1291 1340 1324 τοὺς
1356 1292 1542 1326 αὐταδέλφους
1564 1301 1614 1327 μου
1629 1293 1675 1320 καὶ
1691 1294 1739 1327 τὴν

950 1337 1066 1372 ἀνεψιάν
1094 1346 1146 1372 μου
1162 1337 1214 1372 τὴν
1237 1338 1373 1373 ῥήγισσαν
1388 1338 1557 1371 ἐπιστολαῖς,
1573 1339 1620 1365 καὶ
1645 1339 1739 1370 ἁπλῶς

951 1383 1020 1418 πρὸς
1047 1383 1153 1414 πάντας
1170 1382 1218 1415 οὓς
1237 1383 1328 1418 μέλλω
1352 1383 1468 1418 γράψειν
1494 1384 1559 1419 περὶ
1574 1384 1625 1418 τῆς
1650 1385 1739 1410 ἐκεῖσε

950 1429 1117 1465 ἀποδημίας,
1138 1430 1171 1456 σὺ
1197 1429 1226 1456 δὲ
1241 1429 1421 1464 ἀντιγράψεις
1444 1429 1527 1456 πάλιν
1547 1430 1652 1456 ἐκεῖθεν
1672 1431 1740 1465 πρός

953 1483 987 1511 με
1000 1476 1048 1503 καὶ
1063 1476 1132 1510 πρὸς
1146 1476 1252 1507 πάντας
1270 1476 1318 1502 τοῦ
1330 1476 1406 1502 οἴκου
1423 1485 1481 1505 σου.
1501 1477 1531 1503 Εἰ
1553 1477 1600 1503 καὶ
1612 1477 1639 1502 ἐν
1653 1476 1740 1510 toﬁ-np

951 1521 990 1556 τῷ
1008 1521 1086 1556 μέσῳ
1105 1521 1246 1548 ἀκούσωσι
1263 1522 1288 1548 οἱ
1304 1522 1341 1556 μὴ
1357 1522 1493 1555 θέλοντες,
1509 1522 1555 1549 καὶ
1574 1522 1599 1548 εἰ
1623 1522 1741 1557 φανήσε-

952 1576 997 1595 ται
1011 1569 1104 1600 αὐτοῖς
1120 1569 1256 1603 αὐστηρὸν
1270 1569 1285 1603 ἢ
1307 1568 1416 1602 πικρὸν,
1439 1568 1564 1600 θέλοντες
1585 1568 1630 1594 καὶ
1645 1568 1681 1601 μὴ
1699 1568 1741 1593 θέ-

952 1615 1044 1646 λοντες
1060 1615 1233 1642 καταπιωτιν
1249 1615 1326 1642 αὑτό.
1345 1623 1355 1640 ι
1379 1614 1449 1649 Ἐγὼ
1471 1614 1500 1640 δὲ
1526 1614 1682 1650 ἀπεκρίθην
1701 1615 1741 1648 τῷ

950 1705 1084 1734 Palatium
1105 1707 1188 1742 igitur
1201 1710 1229 1734 et
1243 1705 1398 1733 cubiculum
1420 1705 1594 1740 imperatoris
1612 1712 1661 1740 pro
1676 1711 1742 1732 cou-

950 1753 1093 1781 sueludine
1108 1761 1168 1782 mea
1186 1753 1338 1788 ingressus,
1358 1753 1448 1787 ipsum
1468 1760 1521 1779 non
1545 1752 1664 1779 invenio.
1687 1752 1742 1779 Ro-

949 1800 1023 1835 ganti
1042 1800 1109 1827 mihi
1124 1807 1286 1835 responsum
1313 1803 1367 1832 cst,
1384 1799 1507 1834 colloqui
1538 1806 1600 1826 eum
1637 1800 1741 1826 incon-

951 1844 1017 1871 clavi
1034 1844 1162 1872 cubiculo
1177 1845 1267 1872 vicino
1279 1852 1341 1872 cum
1357 1843 1478 1871 Antonio
1495 1844 1648 1874 sacerdote.
1665 1843 1740 1870 Rho-

950 1891 1006 1918 dio.
1020 1890 1114 1925 Itaque
1124 1890 1267 1926 przestolor
1276 1890 1447 1925 aliquandiu,
1460 1898 1522 1918 cum
1535 1898 1599 1918 ecce
1612 1891 1741 1924 prodictus

950 1937 1097 1970 itnperator
1123 1937 1162 1964 ira
1188 1937 1317 1965 incensus
1345 1943 1389 1964 me
1416 1936 1561 1964 inclamat:
1586 1945 1595 1962 ι
1619 1935 1740 1968 Nostine,

952 1981 1052 2017 inquit,
1068 1981 1114 2017 qui
1131 1988 1146 2008 a
1162 1981 1299 2009 mandatis
1316 1982 1383 2009 mihi
1399 1986 1441 2010 est
1463 1981 1578 2009 Nataras
1602 1981 1666 2016 quid
1695 1988 1742 2015 per

949 2029 1097 2056 Antonium
1114 2030 1282 2056 sacerdotem
1303 2027 1370 2056 mihi
1384 2028 1539 2062 signiﬁcet?
1554 2037 1563 2054 ›
1581 2028 1682 2055 Dciude
1699 2035 1742 2054 rc-

949 2077 1032 2103 missa
1067 2075 1205 2110 superbia,
1232 2075 1328 2102 addit:
1360 2084 1370 2101 (
1404 2074 1540 2110 Cupivisti
1565 2078 1594 2101 tu
1621 2074 1740 2102 ofﬁciunt

951 2121 1039 2156 magni
1056 2121 1220 2148 contostattli
1236 2129 1243 2147 :
1261 2120 1332 2155 quod
1359 2127 1409 2148 nec
1436 2120 1484 2147 alii
1508 2120 1637 2155 cuiquam
1663 2120 1744 2147 datu-

949 2175 1010 2195 rum
1032 2175 1075 2194 me
1087 2175 1148 2195 esse
1163 2172 1274 2202 propter
1293 2175 1401 2200 causas,
1427 2175 1497 2202 quas
1514 2167 1739 2198 commemorari,

948 2213 1055 2240 Notarre
1074 2213 1145 2240 edixi
1161 2222 1168 2240 :
1184 2213 1231 2240 tibi
1254 2221 1320 2241 vero
1343 2213 1470 2241 daturum
1499 2221 1542 2240 me
1558 2220 1619 2240 esse
1649 2214 1740 2246 magni

953 2260 1096 2295 logotheta:
1110 2260 1239 2288 ofﬁcium.
1258 2260 1298 2288 Ad
1316 2267 1377 2295 quae
1395 2259 1440 2287 ille
1459 2259 1618 2293 respondit:
1646 2259 1674 2287 Si
1691 2260 1749 2286 hac

955 2311 980 2333 te
993 2307 1124 2342 dignitate
1139 2313 1292 2340 ornassent,
1318 2306 1383 2340 quid
1415 2305 1538 2333 futurum
1566 2310 1648 2336 esset.
1679 2313 1741 2332 cum

955 2353 1122 2388 Pniueologus
1138 2361 1253 2388 magnus
1266 2353 1488 2388 stratopedarcha
1505 2353 1530 2380 id
1553 2353 1742 2388 cognovisset?

953 2399 1011 2426 Jatn
1029 2400 1110 2427 hodie
1135 2399 1208 2427 misit
1232 2400 1265 2426 ad
1297 2407 1350 2431 me,
1364 2408 1444 2434 quem
1460 2405 1606 2427 exeuntem
1634 2399 1739 2430 vidisti,

955 2446 1046 2472 hui-itu
1061 2450 1088 2472 et
1104 2445 1196 2480 specie
1214 2445 1355 2477 idoneum,
1371 2445 1496 2472 moribus
1509 2449 1536 2472 ct
1554 2444 1664 2479 ingenio
1682 2445 1742 2471 hor-

954 2491 1043 2518 ridum
1053 2497 1080 2518 et
1094 2491 1248 2525 improbqu
1265 2491 1414 2518 Antonium
1432 2491 1616 2521 sacerdotem,
1629 2498 1741 2526 rogans.

955 2544 985 2564 ut
1000 2538 1185 2572 iueptissimos
1202 2538 1288 2573 ipsius
1305 2543 1332 2564 et
1359 2537 1475 2565 stolidos
1507 2538 1588 2570 illius,
1607 2537 1660 2572 maj
1673 2546 1738 2564 trem

956 2593 1080 2620 magnum
1095 2585 1270 2619 logolhelam,
1286 2584 1420 2611 minorem
1435 2592 1561 2619 magnum
1585 2589 1743 2612 contoslau-

954 2630 1009 2657 lum
1021 2637 1121 2662 creem,
1133 2637 1194 2658 cum
1211 2630 1255 2657 ille
1263 2630 1343 2657 etiam
1358 2630 1528 2657 vestimentis
1555 2629 1655 2662 praesit,
1668 2629 1740 2664 quod

953 2676 1094 2711 proprium
1110 2675 1170 2710 ejus
1184 2683 1282 2702 munus
1299 2680 1352 2703 est.
1366 2675 1489 2702 Altamen
1505 2675 1660 2706 consentio,
1678 2682 1741 2708 pro-

953 2724 1065 2751 cedente
1080 2727 1199 2756 tempore
1214 2722 1341 2749 daturum
1358 2730 1400 2749 me
1426 2722 1459 2749 iis
1486 2730 1547 2749 esse
1568 2722 1620 2748 alia
1639 2721 1738 2752 oﬂicia,

953 2776 1006 2795 non
1023 2767 1089 2794 tanti
1108 2772 1198 2795 tamen
1215 2767 1356 2802 ponderis,
1375 2767 1421 2794 sed
1445 2767 1568 2799 leviora;
1600 2771 1627 2794 ttt
1646 2771 1737 2793 autem

952 2814 1052 2841 dehinc
1066 2821 1180 2848 magnus
1195 2813 1332 2848 logotheta
1349 2813 1415 2840 eris.
1431 2813 1530 2840 Verum
1551 2813 1602 2840 hoc
1614 2820 1695 2839 nuutu
1713 2816 1740 2839 te

952 2867 1062 2892 moueo,
1076 2864 1106 2887 ut
1119 2864 1229 2894 propter
1247 2860 1377 2894 temporis
1403 2863 1497 2887 eventa
1524 2865 1547 2887 et
1566 2859 1656 2886 varias
1678 2866 1739 2894 pro-

953 2913 1043 2934 corum
1060 2907 1213 2935 voluntates
1229 2906 1351 2942 aliasque
1369 2913 1468 2935 causas
1491 2906 1516 2934 iu
1536 2907 1664 2934 festorum
1680 2905 1738 2933 die-

1784 2967 1823 2983 Ι
