1931 3079
226 141 281 171 8·Ξό

818 142 982 172 GEORGII
1002 143 1212 173 [‘IlllANTZ/E

1805 140 1861 171 836

263 197 319 224 Kal
333 197 418 224 ταῦτα
442 198 493 233 μὲν
514 198 546 233 δὴ
570 198 656 227 οὕτω
671 198 744 234 εἶχον
762 199 796 225 τὰ
811 200 859 231 τῆς
877 199 1013 225 Πελοπον-
1027 198 1052 228 Α
1065 200 1111 226 τοῦ
1140 200 1340 235 χαρακώματος
1364 198 1539 233 περιίσταντο
1557 198 1583 224 oi
1613 197 1783 232 ξαννιτζάροι
1807 198 1859 224 σὺν

227 245 322 278 νήσου.
340 244 386 275 '0;
401 244 430 270 δὲ
446 244 476 270 τὸ
490 244 540 279 ἔαρ
559 245 728 279 ἐπέλαμψεν,
746 245 759 271 6
774 245 897 280 ἀμηρᾶς.
914 245 944 271 ὃν
955 243 1013 279 εἶχε

226 290 486 323 κατεσκευασμένον
499 290 594 316 στόλον
611 291 794 324 οἰκονομήσας
809 291 859 321 τὰς
879 290 1015 321 ἐλεὸόλεις

225 345 278 363 κατ
294 336 483 366 ἐλεῦολίσκους
497 338 545 362 καὶ
559 336 656 370 ἑτέρας
673 336 809 371 μηχανὰς,
822 337 854 367 ἃς
870 335 925 371 εἶχε
948 346 1016 371 προς

226 382 446 417 ητοιμασμένας,
470 379 526 408 εἴτε
540 382 697 418 ἔμπροσθεν
721 383 827 413 στείλας
840 382 885 408 τὸν
901 383 1014 417 Χαρατὴ

229 429 353 463 μπασιᾶν
370 428 439 462 μετὰ
455 428 602 460 φουσάτου,
627 429 673 454 καὶ
693 428 779 454 ἐλθὼν
801 428 947 454 ἀπέκλεισε
966 428 1014 463 τὴν

228 475 317 501 πόλιν.
333 474 388 500 Καὶ
404 474 457 507 πρὸ
467 473 515 499 τοῦ
529 473 617 505 ἐλθεῖν
629 474 675 500 τὸν
688 474 812 508 ἀμηρᾶν,
837 475 899 504 τοὺς
913 474 1015 506 ἔξωθεν

229 519 354 553 πύργους
371 519 421 553 τῆς
439 519 544 550 πόλεως
556 519 618 548 τοὺς
635 520 663 544 ἐν
682 519 777 553 ἀγροῖς
792 519 839 544 καὶ
854 519 972 553 κώμαις,
988 521 1016 545 ἐν

227 563 268 596 οἷς
283 564 352 600 ἦσάν
375 573 449 596 τινες
466 565 606 599 ἄνθρωποι
624 565 804 599 συναχθέντες
818 564 862 591 διὰ
875 565 905 591 τὸ
927 565 1018 598 αἱιρνί-

228 613 286 638 διον
311 612 359 638 τοῦ
387 611 515 646 στρατοῦ,
535 611 746 645 ἐξεπολιόρκησε
762 611 810 638 καὶ
831 612 945 646 ἐπῇρεν.
971 611 1017 642 ‘EE

227 657 318 683 αὐτῶν
341 657 426 691 μέρος
447 657 496 691 μὲν
511 657 590 691 237
609 656 801 687 ἐδουλώσαντο,
819 657 866 683 καὶ
885 656 968 690 μέρος
985 656 1017 682 ἐκ

227 702 274 728 τοῦ
288 701 385 736 λοιμοῦ
405 702 452 728 καὶ
471 702 521 736 τῆς
537 702 620 736 ἄλλης
641 702 830 733 κακοπαθείας
852 703 950 736 ἐπῇρε,
970 703 1017 728 καὶ

224 748 274 773 οὑκ
294 747 401 780 ὀλίγους
426 747 607 781 Χριστιανοὺς
632 745 818 781 ᾑχμαλώτισε.
846 746 886 771 Τὰ
916 746 944 771 δὲ
969 745 1016 772 τοῦ

227 792 347 826 πολέμου
362 793 501 825 ἀναγκαῖα
517 792 565 818 καὶ
587 792 728 825 ἐπιτήδεια
746 791 794 818 καὶ
812 791 932 825 μηχαναὶ
952 791 1016 817 ἀνα-

228 837 436 872 μέσονῆρχοντο
450 837 552 864 πολλάι
565 837 663 871 ἔφερον
679 837 731 872 γὰρ
749 837 883 867 ὲλεὸάλεις
902 836 1014 868 πολλάς.

1070 247 1126 276 τοῖς
1151 245 1243 276 ἄλλοις
1270 245 1394 279 εὐγενέσι
1418 243 1466 271 τοῦ
1494 243 1627 270 παλατίου
1659 242 1753 269 αὑτοῦ.
1771 242 1804 268 '0
1830 242 1859 268 δὲ

1069 291 1192 324 μπασιᾶς
1215 291 1228 316 6
1245 290 1292 317 τοῦ
1310 291 1405 325 ἀμηρᾶ
1430 289 1567 324 συγγενὴς
1588 288 1674 315 ἐλθὼν
1697 288 1859 322 ἐσκήνωσεν

1068 335 1125 370 ἅμα
1146 335 1186 369 τῷ
1214 336 1426 370 ἐμπιστευθέντι
1448 335 1523 370 αὑτῷ
1551 334 1661 369 στρατῷ
1678 333 1784 360 ἄνωθεν
1809 333 1858 359 τοῦ

1069 381 1187 408 Γαλατᾶ.
1204 382 1260 407 Kal
1273 382 1307 416 τῇ
1323 381 1391 416 αὐτῇ
1410 381 1502 416 ἡμέρᾳ
1517 380 1635 413 ἔφθασεν
1650 379 1696 405 καὶ
1710 379 1794 413 μέρος
1810 378 1858 404 τοῦ

1068 427 1161 453 στόλου
1177 427 1272 459 αὑτοῦ,
1292 427 1339 454 καὶ
1356 427 1522 461 ἐπλησίασεν
1636 426 1664 452 ἐν
1680 426 1739 456 ταῖς
1756 426 1858 454 ἀκταῖς

1067 474 1115 508 τῆς
1130 473 1267 508 Θαλάσσης
1291 474 1339 508 τῆς
1356 473 1472 504 πόλεως.
1486 471 1578 498 Ἦσαν
1593 471 1623 498 δὲ
1645 472 1771 506 τριήρεις
1789 471 1858 497 ὡσεὶ

1067 520 1216 555 τριάκοντα
1229 522 1277 546 καὶ
1298 520 1450 554 δρόμωνες,
1467 520 1529 553 νῆες
1545 519 1574 545 δέ
1594 518 1640 545 καὶ
1660 518 1794 552 πλοιάρια
1810 519 1857 544 καὶ

1070 567 1198 602 μονήρεις
1216 567 1365 601 τριάκοντα
1388 566 1436 592 καὶ
1456 566 1564 592 ἑκατόν.
1583 565 1636 591 Kal
1660 564 1748 595 οὕτως
1766 564 1853 598 παρέη

1068 620 1151 637 πεται
1169 613 1200 646 τῇ
1218 612 1295 638 πόλει
1316 612 1469 646 πολιορκῶν
1482 611 1567 645 αὐτὴν
1592 612 1660 637 πᾶσι
1679 610 1794 643 τρόποις
1808 610 1856 635 καὶ

1070 658 1218 692 μηχαναῖς,
1234 657 1278 683 διὰ
1302 657 1388 692 ξηρᾶς
1405 658 1453 684 καὶ
1478 657 1618 691 θαλάσσης
1642 655 1855 690 περικυκλώσας

1067 704 1101 731 τὰ
1115 704 1181 730 δέκα
1209 703 1281 730 ὀκτὼ
1304 703 1380 738 μίλια
1405 703 1456 738 τῆς
1478 703 1592 733 πόλεως.
1616 702 1670 728 Καὶ
1686 702 1700 727 6
1725 700 1854 734 βασιλεὺς

1068 750 1219 784 προσέταξε
1238 750 1287 785 τὴν
1311 749 1405 783 σειρὰν
1422 748 1471 783 τὴν
1492 748 1606 782 σιδηρᾶν
1629 748 1679 782 τὴν
1697 746 1855 781 βαρυτάτην

1068 796 1097 822 ἐν
1110 796 1151 830 τῷ
1169 796 1283 830 στόματι
1301 795 1348 822 τοῦ
1366 795 1477 829 λιμένος
1498 794 1598 829 βαλεῖν,
1617 793 1661 819 ἵνα
1683 792 1730 819 τοῦ
1747 792 1854 821 στόλου,

1069 840 1140 874 λέγω
1163 841 1217 867 τῶν
1239 840 1377 874 πολεμίων
1402 839 1514 871 πλοίων,
1538 837 1647 872 κωλύσῃ
1674 836 1723 870 τὴν
1737 836 1853 869 ἔφοδον·

234 883 279 915 Ἐξ
294 884 386 910 αὐτῶν
402 884 429 910 δέ
446 892 520 914 τινες
539 884 668 910 τοσοῦτον
686 884 810 918 ὑπῆρχον
827 883 867 913 είς
889 883 1013 921 μέγεθος.
1031 874 1052 901 Β
1067 887 1170 913 ἔσωθεν
1185 887 1212 913 δὲ
1228 887 1278 921 τῆς
1298 886 1400 912 ἁλόσου
1417 885 1466 915 τὰς
1485 883 1696 918 παρατυχούσας
1715 882 1784 916 νῆας
1800 881 1853 906 ἐνέ-

226 929 259 959 ἃς
274 930 325 955 οὐκ
349 929 478 956 ἐδύναντο
503 929 710 964 τεσσαράκοντα
727 929 811 963 ζεύγη
831 929 900 962 βοῶν
922 929 1015 963 σύρειν

228 975 348 1009 ἑκάστην
362 976 452 1002 αὐτῶν
474 976 489 1010 ἦ
507 976 554 1001 καὶ
573 975 743 1010 πεντήκοντα
761 975 846 1008 ζεύγη
871 975 918 1002 καὶ
935 975 1016 1001 πλέον

227 1021 244 1055 ἢ
261 1021 307 1047 δύο
323 1021 444 1055 χιλιάδες
461 1021 611 1056 ἄνθρωποι.
625 1022 678 1047 Καὶ
699 1023 731 1056 τῇ
750 1021 772 1056 β’
795 1021 841 1048 τοῦ
857 1021 1016 1055 Ἀπριλλίου

229 1068 332 1100 Euenos
361 1068 409 1094 καὶ
430 1068 444 1094 6
464 1068 577 1102 ἀμηρᾶς
603 1068 672 1102 μετὰ
699 1068 802 1102 πλῆθος
829 1068 1017 1103 ἀναρίθμητον

230 1112 349 1147 στρατοῦ
366 1113 479 1139 ἱππικοῦ
495 1122 525 1138 τε
542 1115 589 1139 καὶ
613 1112 709 1144 πεζοῦ.
731 1114 833 1139 Ἐλθὼν
851 1113 900 1148 τὴν
914 1113 1017 1147 σκηνὴν

228 1159 311 1185 αὑτοῦ
339 1159 478 1193 πήγνυσιν
496 1158 526 1190 ἐξ
546 1158 670 1189 ἐναντίας
690 1160 740 1193 τῆς
761 1159 849 1193 πύλης
872 1158 920 1184 τοῦ
937 1159 1015 1192 ἁγίου

231 1205 385 1239 Ῥοιμανοῦ,
411 1205 456 1231 καὶ
486 1205 500 1230 6
519 1204 636 1239 στρατὸς
665 1205 731 1230 ὡσεὶ
757 1205 850 1239 ἄμμος
877 1204 1015 1238 θαλάσσης

227 1250 297 1277 κατὰ
312 1251 342 1277 τὺ
363 1250 519 1285 Ἐξαμίλιον
534 1250 583 1283 τῆς
598 1250 699 1285 χέρσου
713 1250 746 1276 ἐκ
760 1250 811 1284 τῆς
835 1251 900 1284 μιᾶς
915 1250 1016 1277 θαλάσ-

228 1305 278 1330 σης
291 1297 338 1323 καὶ
354 1297 386 1322 ἐκ
399 1297 447 1331 τῆς
461 1297 568 1332 ἐτέρας.
583 1297 639 1323 Kal
653 1297 666 1323 6
679 1297 727 1330 τῆς
737 1296 887 1331 Ἀνατολῆς
902 1297 1016 1332 στρατὸς

228 1343 348 1377 ἐπήξατο
366 1342 416 1373 τὰς
439 1342 543 1376 σκηνὰς
563 1342 653 1368 αὐτῶν
669 1343 699 1368 ἐν
719 1343 777 1372 τοῖς
796 1342 894 1374 δεξιοῖς
920 1342 1016 1377 μέρεσι

227 1389 275 1416 τοῦ
291 1390 388 1424 ἀμηρᾶ
403 1389 452 1415 καὶ
466 1389 517 1419 ἕως
536 1388 591 1414 τῶν
607 1388 697 1414 άκτῶν
711 1388 761 1421 τῆς
776 1387 915 1422 Θαλάσσης
928 1388 1015 1421 πύλης

229 1436 280 1470 τῆς
297 1436 419 1471 Χρυσῆς,
433 1436 447 1461 6
461 1435 489 1461 δὲ
504 1434 553 1468 τῆς
571 1434 705 1469 Εὐρώπης
722 1434 749 1460 ἐν
765 1435 796 1467 τῇ
822 1435 954 1469 ἀριστερᾷ
968 1435 1015 1460 καὶ

227 1481 279 1512 ἕως
295 1485 343 1515 της
355 1481 443 1516 πύλης
452 1481 501 1514 τῆς
518 1478 632 1514 Ξυλίνης
644 1480 699 1506 τῶν
715 1480 804 1506 ἀκτῶν
819 1481 865 1507 τοῦ
880 1481 1014 1515 Κερατίου

229 1529 340 1556 κόλπου.
360 1529 414 1556 Καὶ
428 1529 441 1554 ὸ
454 1529 566 1563 άμηρᾶς
581 1528 797 1562 περιεκυκλοῦτο
819 1528 944 1564 ὀρυκτοίς
964 1538 1014 1564 χα-
1028 1544 1049 1572 C

229 1574 374 1609 ρακώμασι
390 1574 437 1601 καὶ
453 1573 568 1606 ξυλίνοις
580 1574 838 1609 περισταυρώμασι,
854 1575 900 1601 καὶ.
913 1574 1012 1606 ἔξωθεν

262 1663 302 1691 Ac
317 1671 360 1691 res
374 1663 611 1698 Peloponuesiacze
622 1663 731 1698 quidem
750 1664 818 1691 tales
828 1663 948 1691 fuerunt.
962 1664 1014 1691 Ve-

227 1716 256 1735 re
272 1713 362 1736 antem
380 1709 535 1743 ingruente,
554 1716 661 1736 amcras
677 1716 740 1736 cum
759 1709 860 1742 classe,
874 1717 957 1743 quam
970 1709 1013 1736 in-

227 1760 360 1782 structam
375 1755 502 1786 habebnt,
523 1759 666 1789 postquam
682 1755 819 1789 expedivit
838 1755 972 1790 helopnlt‘s
985 1760 1012 1783 et

228 1801 409 1828 hcleboliseos
423 1801 559 1835 aliasque,
577 1808 647 1835 quas
670 1805 826 1834 paraverat,
859 1801 1011 1833 machinas,

226 1847 478 1882 Charatehpasiane
493 1855 553 1874 cnm
586 1848 708 1874 exercitu
728 1847 869 1881 przemisso
880 1868 887 1879 ,
903 1847 1013 1875 advenit

227 1894 378 1927 urbemque
396 1893 538 1920 obsidione
551 1894 651 1927 pressit
667 1901 674 1919 :
687 1897 749 1919 ante
763 1897 853 1920 tamen
866 1898 954 1921 turres
963 1901 1012 1921 ex-

228 1946 268 1966 tra
282 1940 376 1967 urbem
395 1939 421 1966 in
439 1939 512 1974 agris
529 1939 652 1973 vicisque
665 1939 742 1969 sitas.
755 1939 782 1966 in
796 1947 865 1974 quas
888 1939 1011 1967 nonnulli

227 1990 338 2021 propter
346 1985 515 2020 repentinam
529 1985 651 2012 hostium
663 1985 845 2020 irruptiunem
862 1994 891 2012 sc
902 1994 1012 2020 recepe-

229 2037 298 2065 rant,
316 2036 485 2067 expugnatas
501 2032 609 2059 evertit.
623 2031 723 2058 Horum
738 2037 840 2066 partem
851 2032 878 2059 in
894 2032 1011 2059 servitu-

227 2083 281 2106 tem
297 2079 404 2113 redigit,
416 2083 520 2113 partem
537 2083 610 2112 peste
622 2083 648 2106 et
664 2078 725 2105 aliis
739 2078 922 2106 incommodis
945 2086 1013 2106 con-

229 2125 304 2158 fecit,
318 2133 349 2153 ac
361 2133 416 2152 non
431 2125 509 2160 pauci
523 2124 673 2152 Christiani
691 2125 791 2158 captivi
802 2124 865 2152 facti
879 2124 1013 2152 sunt.Res

230 2170 264 2197 ad
280 2170 380 2198 bellum
393 2170 555 2198 necessariae
570 2174 596 2196 et
615 2169 694 2196 utiles
709 2177 771 2196 cum
789 2169 924 2196 machinis
943 2170 1013 2196 inte-

1068 933 1176 963 ϐαλλον,
1199 933 1272 965 ὅπως
1302 931 1486 966 ἰσχυροτέρως
1512 929 1657 957 κωλύσωσι
1674 929 1723 962 τὴν
1748 926 1853 953 εἴσοδον

1068 981 1115 1006 καὶ
1133 979 1204 1006 κατὰ
1218 978 1272 1006 τῶν
1284 978 1389 1013 ἐχθρῶν
1405 977 1620 1011 άντιμάχωνται.
1640 972 1732 1001 Ἦσαν
1747 973 1776 1000 δὲ
1790 973 1854 1007 νῆες

1067 1025 1203 1056 τοιαῦται,
1220 1026 1251 1050 ἐκ
1280 1025 1329 1059 μὲν
1356 1024 1504 1058 Λιγουρίας
1523 1023 1608 1056 τρεῖς.
1629 1019 1702 1047 ἐκδὲ
1730 1018 1853 1053 Ἰϐηρίας

1068 1072 1128 1106 ἦτοι
1155 1070 1308 1101 Καστελίας
1336 1071 1396 1103 μία,
1412 1070 1444 1096 ἐκ
1467 1068 1516 1095 τοῦ
1540 1067 1643 1094 Γάλλου
1657 1066 1705 1099 τῆς
1733 1063 1853 1099 Προὸἐν·

1067 1118 1146 1150 τζιας
1184 1138 1191 1145 .
1230 1137 1237 1144 .
1278 1135 1304 1148 .,
1323 1116 1356 1142 ἐι
1376 1115 1405 1143 δὲ
1423 1116 1472 1150 τῆς
1491 1114 1605 1148 Κρήτης
1634 1112 1721 1144 τρεῖς,
1743 1111 1776 1137 ἐκ
1803 1112 1852 1144 τῆς

1069 1164 1173 1194 πόλεως
1187 1162 1338 1197 λεγομένης
1351 1160 1459 1193 Χάνδαξ
1479 1160 1495 1194 ἡ
1514 1159 1563 1192 μία
1579 1158 1626 1184 καὶ
1640 1157 1668 1183 αῑ
1683 1156 1729 1182 δύο
1747 1157 1778 1182 ἐκ
1798 1156 1854 1182 κυ-

1068 1210 1177 1242 δωνίας,
1191 1210 1278 1235 πᾶσαι
1294 1208 1334 1239 είς
1346 1206 1501 1242 παράταξιν
1513 1204 1667 1239 πολεμικὴν
1680 1202 1773 1232 καλῶς
1784 1203 1854 1236 ἡτοι-

1070 1253 1217 1288 μασμέναι.
1235 1252 1353 1285 Ἔτυχον
1367 1251 1395 1277 δέ
1411 1251 1459 1277 καὶ
1469 1251 1501 1276 ἐκ
1517 1249 1573 1276 τῶν
1593 1247 1709 1274 Ἐνετῶν
1729 1246 1853 1282 τριήρεις

1069 1298 1219 1333 ἐμπορικαὶ
1248 1297 1368 1332 μεγάλαι
1397 1298 1483 1332 τρεῖς,
1512 1296 1545 1327 ἃς
1565 1296 1591 1322 οι
1614 1294 1711 1322 Ἰταλοὶ
1738 1293 1853 1320 εἰώθασι

1067 1344 1188 1380 γρόσσας
1200 1343 1321 1378 γαλέρας
1338 1343 1432 1370 καλεῖν
1449 1342 1464 1377 ἢ
1480 1342 1579 1376 μᾶλλον
1591 1342 1678 1368 εἰπεῖν
1688 1340 1852 1374 γαλεάτζας,

1068 1390 1116 1417 καὶ
1128 1390 1222 1425 ἕτεραι
1236 1390 1359 1424 τριήρεις
1376 1389 1483 1423 ταχεῖαι
1499 1387 1567 1422 πρὸς
1589 1386 1705 1421 φύλαξιν
1718 1386 1765 1412 καὶ
1781 1387 1852 1418 ὑπη-

1069 1436 1161 1471 ρεσίαν
1177 1435 1231 1462 τῶν
1243 1434 1403 1469 ἐμπορικῶν
1415 1433 1591 1468 τεταγμέναι.
1611 1432 1665 1459 Καὶ
1681 1431 1852 1466 προσέταξεν

1067 1482 1081 1508 ὁ
1100 1481 1226 1516 βασιλεὺς
1242 1481 1286 1507 ἵνα
1301 1480 1349 1507 καὶ
1364 1479 1445 1506 αὑταὶ
1457 1478 1674 1513 ἐναπομείνωσιν
1685 1478 1726 1508 είς
1743 1477 1853 1511 συνδρο-

1071 1527 1123 1561 μὴν
1138 1528 1188 1562 τῆς
1202 1526 1319 1558 πόλεως.
1335 1526 1391 1553 Καὶ
1406 1525 1479 1552 οὕτω
1493 1525 1528 1551 τὰ
1551 1524 1598 1552 τοῦ
1622 1524 1732 1558 λιμένος
1751 1523 1853 1551 ὠκονό-

1067 1582 1148 1608 μητο,
1165 1573 1198 1599 ἐκ
1214 1572 1243 1599 δὲ
1258 1573 1308 1606 τῆς
1329 1572 1427 1607 χέρσου
1452 1571 1572 1606 ἔστησαν
1585 1571 1610 1597 οἱ
1636 1569 1754 1597 ἐναντίοι
1770 1568 1852 1604 239

1063 1670 1161 1690 ameraa
1177 1670 1238 1689 cum
1249 1662 1371 1690 exercitu
1381 1661 1434 1689 sibi
1455 1662 1601 1690 commisso
1618 1667 1701 1695 supra
1726 1659 1851 1687 Galatam

1063 1714 1154 1737 castra
1170 1709 1270 1743 posuit.
1283 1708 1384 1736 Eodem
1392 1708 1435 1736 die
1448 1708 1613 1743 parsclassis
1623 1706 1731 1734 advenit
1743 1711 1772 1733 et
1788 1713 1853 1740 pro.

1063 1763 1097 1790 pe
1115 1755 1207 1783 urbem
1227 1755 1259 1781 ad
1272 1755 1350 1782 littus
1362 1755 1446 1782 maris
1460 1754 1572 1789 appulit.
1592 1753 1676 1781 Erant
1686 1753 1816 1780 triremes
1827 1758 1852 1779 et

1063 1803 1210 1829 dromones
1220 1801 1330 1829 circiter
1344 1801 1465 1836 triginta.
1479 1808 1563 1828 naves
1576 1800 1698 1828 minores
1713 1804 1807 1827 autem
1825 1803 1852 1826 et

1064 1847 1200 1874 uniremes
1216 1851 1327 1874 centum
1342 1852 1370 1874 et
1386 1847 1506 1882 triginta.
1524 1845 1561 1873 Ita
1577 1846 1610 1873 ad
1626 1845 1721 1872 urbem
1747 1844 1853 1872 accedit

1063 1892 1222 1927 obsidetque
1236 1900 1295 1920 eam
1311 1893 1385 1920 omni
1402 1893 1480 1920 modo
1493 1892 1642 1926 omnisque
1657 1891 1766 1925 generis
1790 1898 1849 1918 ma-

1063 1938 1162 1969 chinis,
1178 1944 1251 1966 terra
1262 1938 1385 1973 marique
1403 1946 1450 1973 per
1463 1937 1615 1966 octodecim
1626 1937 1786 1964 milliarium
1796 1944 1852 1964 am-

1062 1986 1150 2013 bitum
1168 1985 1312 2012 inclusam.
1329 1984 1476 2020 Imperator
1497 1983 1757 2019 ponderosissimam
1780 1987 1852 2011 cate-

1065 2039 1124 2058 nam
1135 2030 1251 2058 ferream
1264 2031 1305 2059 ori
1317 2036 1410 2066 portus
1419 2030 1547 2065 prmtendi
1555 2030 1647 2065 jussit,
1658 2037 1712 2064 qua
1724 2037 1851 2057 accessus

1064 2077 1173 2103 navium
1190 2076 1330 2104 hostilium
1344 2080 1485 2103 arceretur
1499 2084 1506 2109 ;
1525 2075 1594 2102 intra
1609 2082 1669 2102 eam
1681 2081 1776 2106 naves,
1790 2082 1850 2109 qua:

1065 2121 1133 2148 forte
1159 2121 1271 2149 aderant
1287 2141 1296 2154 ,
1324 2121 1529 2150 collocabantur
1556 2123 1590 2148 ad
1616 2121 1731 2148 validius
1760 2120 1853 2148 defen-

1064 2166 1181 2194 dendum
1194 2167 1330 2195 aditumet
1351 2167 1470 2202 impetus
1489 2166 1608 2194 hostium
1639 2166 1850 2201 propulsandoa.

229 2217 280 2244 ritn
296 2224 393 2252 magno
406 2223 521 2243 numero
534 2216 739 2243 advehebantur
756 2224 763 2242 :
780 2215 807 2242 in
819 2216 862 2242 bis
877 2215 1013 2250 helepolcs
1030 2217 1051 2244 Ι)
1067 2212 1149 2240 Eram
1166 2221 1249 2241 naves
1270 2214 1311 2241 hic
1336 2222 1343 2240 ἒ
1365 2221 1380 2240 e
1404 2213 1514 2248 Liguria
1536 2218 1601 2244 "es.
1620 2221 1652 2240 εἰ
1678 2212 1767 2240 Iberia
1795 2213 1853 2240 Sive

230 2263 383 2297 permultae,
406 2269 521 2296 quarum
540 2261 676 2288 nonnulla:
689 2264 770 2287 tantm
779 2265 856 2287 erant
878 2261 1013 2295 magnitu-

226 2309 311 2340 dinis,
329 2313 357 2334 ut
372 2307 508 2342 singulzea
523 2305 703 2340 quadraginta
714 2306 956 2340 velquinqnaginta
969 2306 1013 2341 ju-

229 2354 269 2386 αἱς
293 2353 374 2379 boum
385 2357 466 2386 atque
477 2351 619 2378 hominum
631 2351 691 2385 plus
701 2350 807 2377 duobus
820 2351 1013 2378 millilmstrahi

228 2406 283 2426 non
297 2403 417 2434 possent.
432 2397 557 2425 Secundo
569 2396 669 2431 Aprilis
679 2396 736 2430 ipse
745 2404 853 2424 ameras
863 2396 939 2423 aﬂ‘uit
951 2405 1013 2424 cum

229 2445 315 2479 copiis
326 2444 497 2479 equestribus
513 2449 540 2470 et
555 2442 729 2478 pedestribus
740 2443 936 2473 innumeris.et
956 2448 1015 2470 ten-

228 2491 328 2518 torium
345 2499 378 2519 ει
393 2490 508 2517 adverso
523 2494 608 2524 porta:
619 2490 707 2516 sancti
723 2490 838 2516 Romani
857 2490 924 2521 fixit,
934 2495 1015 2524 atque

228 2536 367 2564 exercitus
383 2540 412 2562 ut
425 2543 508 2563 arena
520 2535 604 2562 maris
613 2535 646 2562 ad
660 2535 843 2562 llexnmilium
856 2543 904 2570 per
913 2541 1013 2562 terram

227 2585 262 2611 ab
274 2590 329 2610 uno
346 2583 414 2609 mari
432 2582 465 2609 ad
479 2582 595 2609 alterum
612 2582 847 2617 pertinuit,‘atque
874 2582 1015 2609 orientalis

227 2629 338 2664 quidem
354 2636 418 2663 pars
428 2635 443 2655 a
459 2628 553 2655 dextra
565 2635 663 2655 amera‘.
675 2635 761 2662 usque
775 2628 807 2654 ad
821 2633 936 2661 portam,
955 2636 1015 2663 quo:

228 2680 270 2702 est
285 2675 311 2702 in
328 2676 428 2707 littore,
445 2681 556 2701 auream
572 2678 765 2701 castrametata
786 2679 837 2706 est,
850 2673 979 2708 Europwa
1000 2683 1014 2701 a

229 2722 341 2748 sinistra
359 2729 446 2756 usque
457 2721 491 2747 ad
506 2721 623 2755 ligneam
638 2725 744 2755 portam
761 2721 789 2747 in
801 2720 879 2748 sinus
891 2720 1012 2748 Ceratiui

230 2769 321 2796 littore
335 2770 426 2797 sitam.
442 2769 508 2796 Erat
522 2776 629 2796 ameras
648 2769 718 2796 vallo
739 2774 766 2796 et
796 2769 869 2796 fossa
893 2769 1015 2804 palisque

229 2815 346 2847 cinctus,
357 2819 386 2842 et
397 2821 474 2842 extra
489 2815 591 2862 vallum
609 2815 716 2842 stabant
727 2815 875 2850 jannitlari
891 2823 953 2842 cum
974 2822 1017 2842 re-

229 2860 311 2894 liquis
322 2861 415 2896 palatii
439 2860 609 2896 proceribus.
634 2861 726 2889 Pasins
754 2865 857 2895 autem,
881 2866 1015 2896 cognatus

1064 2257 1176 2286 Castilia
1199 2266 1268 2290 una,
1286 2268 1301 2286 e
1321 2258 1463 2286 Provincia
1488 2258 1569 2286 Galli.
1585 2277 1592 2285 .
1604 2277 1628 2289 .,
1641 2266 1656 2285 c
1681 2255 1763 2286 Creta
1785 2263 1852 2292 tres,

1064 2313 1097 2331 ex
1122 2305 1199 2336 urbe,
1214 2304 1400 2332 cuiChandax
1410 2312 1520 2336 nomen,
1542 2312 1607 2337 una,
1634 2303 1849 2339 Cydoniatarull

1065 2352 1134 2385 dum,
1166 2359 1262 2379 omnes
1273 2352 1305 2378 ad
1322 2359 1439 2386 pugnam
1455 2351 1539 2386 probe
1563 2351 1712 2378 instructae.
1732 2352 1853 2378 Aderant

1065 2403 1193 2433 pra-terea
1207 2397 1371 2425 Venetorum
1393 2404 1498 2431 magnae
1527 2397 1652 2425 triremes
1680 2397 1852 2424 mercatoria:

1065 2451 1130 2478 tres,
1149 2453 1218 2480 quas
1233 2444 1292 2471 itali
1306 2452 1417 2479 rnagnas
1438 2443 1553 2479 galeras,
1582 2444 1641 2472 sive
1662 2444 1753 2479 potius
1779 2445 1853 2478 gale-

1066 2497 1140 2518 utzas
1158 2491 1297 2525 appellare
1324 2491 1435 2523 solent,
1465 2495 1492 2518 et
1513 2490 1573 2517 alite
1598 2490 1723 2517 triremes
1745 2490 1853 2517 veloces

1065 2539 1098 2566 ad
1127 2537 1278 2565 custodiam
1310 2541 1336 2564 et
1373 2537 1483 2564 tutelam
1509 2536 1640 2564 mercium
1665 2536 1821 2563 constituta:
1843 2543 1852 2561 ι

1065 2592 1134 2620 quas
1160 2588 1187 2611 et
1208 2584 1282 2618 ipsas
1307 2583 1457 2616 imperator
1480 2583 1513 2610 ad
1541 2582 1757 2610 succurrendum
1791 2582 1852 2609 urbi

1067 2625 1177 2658 minore
1205 2629 1300 2665 jussit.
1332 2629 1389 2656 Hoc
1402 2629 1484 2656 modo
1502 2629 1585 2664 igitur
1600 2628 1688 2664 portui
1714 2627 1853 2666 provisum

1066 2682 1117 2705 est.
1133 2677 1162 2704 In
1183 2683 1255 2704 terra
1271 2677 1363 2704 hostes
1376 2682 1501 2710 magnam
1515 2675 1589 2702 illam
1620 2674 1777 2708 helepolim,
1806 2682 1852 2701 cu-

1065 2725 1109 2758 jus
1135 2731 1166 2750 os
1180 2723 1289 2758 patebat
1313 2722 1464 2757 spithamas
1487 2720 1642 2753 duodecim,
1658 2725 1685 2748 et
1701 2720 1770 2748 alias
1781 2728 1856 2748 com-

1067 2771 1158 2804 plures
1171 2773 1291 2803 spectatu
1306 2768 1403 2802 dignas
1419 2767 1592 2795 collocarunt
1611 2775 1618 2799 ;
1632 2775 1665 2794 ac
1684 2766 1759 2794 fossa
1785 2766 1857 2792 mili-

1069 2815 1119 2842 tari
1136 2816 1188 2842 alta
1203 2815 1283 2842 ducta
1298 2814 1423 2848 palisque
1434 2821 1553 2848 superne
1568 2812 1683 2844 munita,
1693 2812 1855 2847 jaculaban-

1068 2867 1121 2894 tur,
1133 2865 1160 2889 et
1177 2860 1277 2889 [nenia
1305 2860 1380 2888 urbis
1407 2859 1473 2887 locis
1498 2858 1708 2894 quatuordecim
1734 2859 1856 2894 graviter
