1931 3079
162 95 216 128 845

682 70 903 127 (ΣΗΡιδΝίΟΟΝ
920 95 1057 126 MAJUS.
1079 108 1112 113 ·-
1131 97 1204 128 LIB.
1230 96 1286 127 ill.

1737 94 1788 126 ΒΗ

161 151 325 184 ἐδεξιώσατο
346 152 456 185 αὐτούς.
470 153 523 181 Καὶ
533 154 656 185 ἐλθόντες
672 155 732 185 ταῖς
742 154 868 189 πρὼραις
881 153 947 180 ιλιι-ιο⁸
962 155 985 183 Δ
1000 153 1110 188 θεωρῶν
1125 154 1206 180 αὐτὸν
1231 154 1319 185 οὕτως
1341 153 1471 181 ποιοῦντα
1494 153 1667 188 ἠγανάκτουν
1689 152 1789 179 λυπού-

162 197 286 224 κάτωθεν
312 199 365 234 τῆς
392 200 467 234 νηδς,
499 201 577 227 αὐτοὶ
597 200 625 227 δὲ
652 201 720 236 μετὰ
737 200 845 236 χύτρων
861 209 949 228 κατα-

163 246 360 280 σκευασμένων
377 247 509 282 τεχνικῶς
527 248 596 282 πυρὶ
609 247 685 282 ὑγρῷ
698 248 745 274 καὶ
766 247 876 282 πετρῶν
896 247 950 274 πά-

161 291 206 318 λιν
226 291 330 324 αὐτοὺς
359 293 496 328 μακρόθεν
518 293 705 329 ἀπεμπόδιξον
721 293 764 319 διὰ
780 294 810 319 τὸ
827 293 952 326 γίνεσθαι

161 337 246 364 πολὺν
266 337 348 373 φόνον
366 339 427 366 κατ’
443 339 552 372 αὐτούς.
574 339 671 374 Ἡμεῖς
694 340 723 366 δὲ
735 341 766 366 ὲκ
779 339 834 366 τῶν
853 340 952 374 τειχῶν

161 382 266 410 ἄνωθεν
282 384 370 412 ταῦτα.
385 385 553 419 θεωροῦντες
568 386 701 421 ἐδεόμεθα
718 386 767 412 τοῦ
788 386 856 412 Θεοῦ
872 386 951 421 ἐλεῆ-

162 438 208 457 σαι
231 431 329 463 αὐτοὺς
353 433 402 458 καὶ
427 432 513 467 ἡμᾶς.
533 431 652 466 Ὁμοίως
674 433 702 459 δὲ
717 432 731 459 ὁ
747 433 858 467 ἁμηρᾶς
873 431 953 467 ἔφιπ-

161 485 212 509 πος
228 477 314 510 ἑστὼς
331 478 402 505 κατᾶ
428 479 479 510 τὰς
506 479 591 511 ἀκτὰς
612 479 662 514 τῆς
680 479 820 514 θαλάσσης
838 479 952 514 ἐθεώρει

161 524 195 550 τὰ
215 524 362 559 γινόμενα.
379 524 431 552 Καὶ
446 526 528 552 πάλιν
551 527 582 552 ὲκ
601 526 696 561 τρίτου
724 527 954 561 ἑμακροδολίζιιν-

161 578 212 602 το,
240 568 301 597 εἶτα
330 570 414 597 πάλιν
444 571 570 603 θέλοντες
600 572 738 608 συρρἧαι
766 572 858 604 αὐτοῖς
884 573 952 607 μετὰ

161 615 322 650 ἐπηρμένης
349 616 451 651 ὀφρύος
471 617 519 643 καὶ
539 617 665 651 μεγάλων
680 617 864 652 ἀλαλαγμῶν·
881 618 906 644 οἱ
925 617 954 644 δὲ

160 661 309 697 ναύκληροι
323 662 371 689 καὶ
394 663 562 698 κυϐερνῆται
588 664 637 690 καὶ
657 663 790 699 ναύαρχοι
819 664 955 699 ἀνδρείοις

160 707 208 733 καὶ
222 708 373 742 ῥωμαλέοις
389 709 547 742 σταθέντες,
573 710 637 741 τοὺς
651 710 750 742 ναύτας
774 711 954 747 παραθαρρύ-

161 762 258 785 ναντες
281 754 431 782 ἀποθανεῖν
457 755 559 790 μᾶλλον
583 755 600 791 ἢ
629 756 691 791 ζῇν,
718 757 766 783 καὶ
791 756 910 790 μάλιστα
939 759 954 784 ὁ

162 801 304 836 ναυάρχης
327 801 378 836 τῆς
391 801 538 837 βασιλικῆς
553 802 619 837 νηὸς
630 802 753 838 τοῦνομα
764 803 954 836 Φλαντανελᾶς
971 825 991 851 Β

161 847 194 873 ἐκ
210 846 339 882 πρύμνης
365 847 406 879 είς
429 847 545 883 πρώραν
564 848 741 884 διερχόμενος
762 850 810 876 καὶ
825 849 864 880 ὡς
883 849 952 876 λέων

163 891 318 926 μαχόμενος
334 893 381 919 καὶ
399 894 505 927 φωναῖς
531 893 595 925 τοὺς
613 893 695 930 249
713 894 827 929 ἐτέρους
853 895 954 929 διεγεί-

164 945 228 972 ρων,
239 937 310 964 ὥστε
325 940 357 965 οὺ
375 938 492 974 δύναμαι
519 940 609 966 εἰπεῖν
628 940 680 971 τὰς
693 941 788 974 φωνὰς
801 940 885 967 αὐτοῦ
901 942 952 968 καὶ

161 984 225 1015 τοὺς
235 983 290 1010 τῶν
305 984 410 1019 ἑτέρων
428 985 545 1020 κρότους
566 986 619 1017 ἕως
643 985 689 1012 τοῦ
705 986 822 1021 οὐρανοῦ
840 987 953 1022 αἰρομέ-

162 1038 234 1061 νους.
259 1029 316 1056 Καὶ
336 1030 470 1066 σύρρηξις
494 1031 580 1058 πάλιν
612 1032 789 1068 μεγαλητέρα
815 1033 952 1067 ἐγεγόνει,

163 1075 212 1102 καὶ
238 1075 332 1102 πολλοὶ
363 1077 395 1103 ὲκ
420 1076 475 1103 τῶν
504 1078 644 1113 τριήρεων
665 1078 878 1114 ἀπεκτάνθησαν
907 1081 954 1107 καὶ

164 1122 335 1157 ὲπνίγησαν,
365 1122 415 1149 καὶ
439 1122 488 1150 δύο
517 1123 573 1150 τῶν
595 1123 732 1159 τριήρεων
761 1123 954 1159 πυριαλώτους

165 1167 320 1203 ἐποίησαν,
354 1170 401 1195 καὶ
427 1169 594 1204 θεωροῦντες
618 1170 667 1202 τὰς
695 1170 762 1205 νῆας
789 1170 952 1198 ἐδειλίασαν.

171 1215 200 1242 ’0
214 1215 243 1242 δὲ
261 1217 374 1251 ἀμηρᾶς
401 1216 512 1252 θεωρῶν
529 1217 614 1252 μηδὲν
630 1217 704 1250 ἄξιον
727 1217 808 1252 ἔργον
823 1217 954 1245 ποιοῦντα

164 1262 211 1289 τὶν
231 1262 359 1289 τοσοῦτον
376 1263 425 1290 καὶ
450 1263 611 1298 τηλικοῦτον
636 1264 738 1298 στόλον,
761 1264 830 1290 ἀλλὰ
853 1264 954 1300 μᾶλλον

164 1307 265 1342 ἥττονα
276 1307 352 1341 οντα,
371 1309 466 1343 μανεὶς
481 1310 529 1336 καὶ
545 1309 626 1344 θυμῷ
639 1309 764 1344 ληφθεὶς,
779 1309 955 1346 βρυχώμενος

166 1354 294 1386 καὶτοὺς
316 1355 427 1386 ὀδόντας
454 1355 556 1390 τρὶζων
586 1355 678 1391 ὕϐρεις
703 1356 796 1391 ἔνέχιε
825 1357 864 1388 είς
891 1356 956 1388 τοὺς

167 1400 263 1435 apt-06,
277 1401 481 1436 δειλοκαρδίους
492 1401 540 1428 καὶ
551 1401 733 1436 γυναικώδεις
744 1402 956 1437 καγάνωφελεῖς

113 1464 121 1473 .
167 1446 325 1474 ἀποκαλῶν.
342 1448 398 1474 Καὶ
423 1447 469 1474 τὸν
496 1448 581 1474 ἵππον
609 1447 755 1483 κεντρίσας
779 1445 863 1483 ἦλθεν
879 1449 956 1480 ἐντὸς

1004 208 1080 233 μενοι
1094 201 1216 232 καὶτοὺς
1234 201 1261 226 ὲν
1274 200 1313 233 τῷ
1328 201 1414 236 στόλῳ
1430 200 1632 235 ἐϐλασφήμουν·
1648 200 1694 226 καὶ
1713 200 1790 226 πλεῖ-

1003 253 1060 271 στοι
1080 245 1195 280 ἔφιπποι
1222 246 1261 281 τῷ
1290 247 1387 282 ἀμηρᾷ
1412 247 1460 273 καὶ
1485 247 1561 273 αὐτοὶ
1577 245 1791 277 ἀκολουθοῦντες

978 313 982 316 .
1002 292 1055 324 ἕως
1072 293 1126 320 τῶν
1151 293 1223 328 νηῶν
1244 294 1372 329 ἤγγισαν.
1392 294 1423 320 Οί
1440 293 1467 319 δὲ
1482 293 1529 319 τοῦ
1544 293 1638 319 στόλου
1655 293 1700 319 τὸν
1714 291 1790 327 ἆμη-

1004 338 1054 372 ρᾶν
1066 337 1154 369 οὕτως
1171 338 1343 373 θεωροῦντες
1356 339 1521 373 πράττοντα,
1537 338 1584 364 καὶ
1599 338 1791 372 αίτχυνοέντες

1003 383 1051 415 τὰς
1068 383 1173 418 ὕϐρεις,
1189 384 1307 416 ἄκοντες
1318 384 1365 411 καὶ
1382 385 1494 416 ἑκόντες
1512 383 1582 418 μετὰ
1600 384 1687 418 θυμοῦ
1704 385 1791 419 μεγὰ-

1003 429 1051 456 λου
1067 430 1256 465 μετέστρεψαν
1268 430 1346 461 αὖθις
1361 431 1411 462 τὰς
1431 430 1545 466 πρώρας
1563 431 1636 456 κατὰ
1650 430 1705 457 τῶν
1718 430 1791 464 νηῶν

1005 478 1052 503 καὶ
1066 476 1201 511 ἐμάχοντο
1216 476 1346 511 ἰσχυρῶς.
1364 478 1417 503 Καὶ
1428 478 1454 504 τί
1468 478 1520 512 χρὴ
1529 477 1622 511 λέγειν
1635 486 1641 509 ;
1659 477 1689 503 οὐ
1710 477 1791 511 μόνον

1005 522 1045 553 είς
1062 521 1210 552 οὐδὲνντὰς
1239 523 1307 556 νῆας
1338 522 1476 557 ἔϐλαψαν,
1503 523 1571 549 ἀλλὰ
1591 523 1639 550 καὶ
1664 522 1792 553 τοσοῦτος

1005 567 1086 602 φόνος
1113 569 1160 595 καὶ
1189 568 1283 603 πληγὴ
1308 568 1507 601 ὲγεγόνεικατ¹
1524 569 1624 599 αὐτοὺς
1649 568 1720 595 ὥστε
1739 569 1790 595 οὐκ

1007 613 1136 640 ἐδύναντο
1166 615 1191 640 αἰ
1209 615 1335 649 τριήρεις
1358 614 1472 640 ὖπισθεν
1496 615 1595 642 ἐλθεῖν.
1612 615 1695 650 25o
1713 616 1793 649 Ἐφο-

1006 661 1142 695 νεύοησαν
1161 661 1189 687 δὲ
1216 662 1244 687 ἐν
1274 661 1367 697 ἐκείνῃ
1383 663 1415 696 τῇ
1440 661 1542 696 ἡμέρᾳ,
1556 661 1592 693 ὡς
1611 661 1714 695 ἔμαθον
1736 662 1792 696 ἐγὼ
1810 680 1811 684 η

1005 706 1035 738 ἐξ
1051 706 1150 738 αὐτῶν,
1174 707 1265 734 πλεῖον
1281 707 1297 742 ἦ
1314 707 1477 733 δυοκαίδεκα
1493 708 1614 742 χιλιάδες
1628 709 1789 743 ’Ᾱγαρηνοὶ,

1007 753 1088 786 μόνον
1106 754 1133 779 ὲν
1158 754 1189 788 τῇ
1207 753 1340 789 θαλάσσῃ.
1370 754 1515 788 Ἐλθούσης
1528 754 1554 780 δὲ
1577 754 1627 789 τῆς
1649 756 1744 786 νυκτὸς
1763 755 1791 788 ἐξ

1006 800 1130 835 ἀνάγκης
1145 801 1159 826 ὁ
1181 788 1274 832 στόλος
1301 801 1399 836 μικρὸν
1417 800 1588 836 ἀνεχώρησε,
1605 788 1652 828 καὶ
1677 802 1706 828 αἱ
1729 802 1792 837 νῆες

1005 846 1149 882 εὐκαιρίαν
1171 846 1300 881 εὑρόντες
1316 846 1443 881 εἰσῆλθον
1461 848 1490 873 ὲν
1506 846 1545 882 τῷ
1560 847 1651 882 λιμένι
1671 847 1737 875 ἄνευ
1748 849 1793 874 οὑ-

1003 892 1079 923 δενὸς
1092 892 1324 925 ἀποκτανθέντος,
1351 894 1375 919 εἰ
1401 893 1438 929 μὴ
1461 893 1544 920 τινῶν
1557 893 1656 927 ὀλίγων
1672 894 1791 929 πληγέν-

1003 946 1069 965 των.
1088 939 1143 965 Καὶ
1160 938 1219 973 μεθ’
1235 939 1343 974 ἡμέρας
1364 939 1441 970 τινὰς
1458 939 1505 965 δύο
1524 939 1540 974 ἢ
1559 940 1634 974 τρεῖς
1653 940 1682 973 ἐξ
1698 941 1790 967 αὐτῶν

1004 985 1074 1019 πρὸς
1097 985 1202 1020 Κύριον
1226 985 1411 1024 ἑξεδήμῃσαν.
1437 985 1466 1012 Ὀ
1480 986 1594 1020 ἀμηρᾶς
1618 986 1647 1012 δὲ
1663 986 1792 1013 τοσοῦτον

1007 1032 1102 1065 μανεὶς
1121 1032 1168 1058 καὶ
1180 1031 1311 1065 λυπηθεὶς
1331 1033 1402 1059 κατὰ
1418 1032 1465 1058 τοῦ
1481 1032 1527 1058 τοῦ
1550 1032 1642 1059 στόλου
1657 1033 1793 1067 δρουγγα-

1005 1077 1064 1112 ρίου
1079 1077 1175 1112 ἢθελεν
1191 1077 1275 1105 αὐτὸν
1292 1078 1506 1105 ἁνασκολοπίσαι
1517 1098 1524 1109 ,
1541 1077 1628 1112 λέγων
1643 1079 1684 1105 ὅτι
1698 1078 1793 1105 ἕνεκεν

1003 1123 1055 1157 τῆς
1070 1124 1176 1150 ἐκείνου
1191 1123 1337 1159 ἀνανδρίας
1368 1124 1414 1150 καὶ
1439 1123 1616 1160 ὀλιγοψυχίας
1637 1125 1666 1151 αἰ
1682 1123 1747 1161 νῆες
1763 1125 1793 1151 ιν

1004 1170 1098 1205 ἐκείνῃ
1113 1171 1146 1205 τῇ
1164 1170 1242 1196 νυκτὶ
1262 1170 1416 1203 ὲξάλλοντο,
1434 1179 1482 1197 και
1498 1171 1533 1197 δι’
1550 1171 1713 1206 ἁπροσεξίας
1730 1173 1793 1198 τού-

1004 1225 1053 1242 του
1073 1217 1122 1243 καὶ
1146 1216 1314 1251 ἀνωφελείας
1342 1218 1435 1244 εἴασεν
1452 1217 1538 1248 αὑτὰς
1563 1217 1695 1245 εἰσελθεῖν
1710 1219 1739 1244 ἐν
1755 1218 1794 1252 τῷ

1005 1262 1105 1296 λιμένι.
1127 1262 1206 1293 Τινὲ;
1227 1263 1256 1289 δὲ
1273 1264 1303 1289 ἐκ
1324 1263 1379 1289 τῶν
1400 1264 1538 1299 ἀρχόντων
1555 1263 1605 1298 τῆς
1630 1263 1729 1299 βουλῆς
1744 1267 1794 1291 καὶ

1005 1306 1056 1340 τῆς
1070 1306 1156 1341 αὐλῆς
1175 1307 1223 1334 τοῦ
1241 1308 1340 1343 ἀμηρᾱ
1355 1308 1508 1344 ἐδεήθησαν
1533 1308 1639 1341 τοῦτον,
1657 1308 1727 1336 ὥστε
1743 1310 1793 1344 ζῇν

1005 1351 1052 1378 τὸν
1065 1351 1246 1388 δρουγγάριον
1266 1353 1435 1388 ἐχαρίσατο·
1463 1353 1533 1388 πλὴν
1559 1353 1607 1379 τοῦ
1636 1353 1794 1388 ἀξιώματος

1006 1398 1088 1425 αὐτὸν
1106 1398 1261 1434 ἐγύμνωσε,
1289 1399 1337 1426 καὶ
1365 1400 1455 1427 πάντα
1478 1400 1524 1427 τὸν
1553 1400 1609 1435 βίον
1632 1400 1715 1427 αὑτοῦ
1735 1403 1795 1430 τοῖς

1009 1445 1190 1480 Ξαννιτζάροις
1207 1445 1365 1482 ἐχαρίσατο.

165 1493 215 1528 τῆς
245 1492 384 1528 θαλάσσης
411 1491 494 1528 (ἦσαν
515 1493 570 1528 γὰρ
599 1494 682 1527 ἐγγὺς
713 1494 764 1528 τῆς
791 1494 892 1529 χέρσου
924 1496 951 1521 αἱ
964 1498 987 1528 α
1041 1492 1097 1519 Καὶ
1114 1492 1196 1519 πάλιν
1212 1492 1339 1527 κατηφὴς
1357 1492 1489 1528 ὑπάρχων
1509 1493 1523 1519 6
1542 1493 1655 1529 ἀμηρᾶς
1676 1493 1724 1520 καὶ
1745 1494 1796 1524 τὰς

166 1538 290 1573 τριήρεις
306 1538 374 1565 ὡσεὶ
397 1538 472 1564 λίθου
501 1538 606 1574 βολήν),
633 1539 683 1566 καὶ
704 1538 739 1565 τὰ
763 1539 877 1566 πλείονα
899 1539 956 1566 τῶν

166 1584 288 1620 χ,τώνων
302 1584 385 1611 αὐτοῦ
406 1584 549 1620 ἐδάφησαν
569 1585 602 1611 ὲκ
625 1584 679 1611 τῶν
694 1585 743 1619 τῆς
761 1584 887 1620 ἁλμυρᾶς
906 1584 957 1612 θα-

167 1630 268 1666 λάσσης
283 1629 399 1658 ὑδάτων.
430 1630 452 1657 0
467 1630 495 1657 δὲ
521 1630 636 1667 στρατὸς
657 1631 671 1656 ό
686 1631 763 1666 παρὰ
783 1632 832 1667 τὴν
853 1631 956 1667 χέρσον

167 1725 334 1756 spectantes,
352 1720 408 1749 Deo
422 1727 516 1755 preces
532 1720 711 1753 faciebamus,
727 1725 756 1748 ut
771 1721 892 1756 ipsorum
909 1729 958 1749 no-

168 1768 272 1802 strique
288 1769 473 1795 misereretur.
494 1767 626 1794 Similiter
639 1775 758 1801 amcras,
786 1775 858 1803 equo
882 1768 958 1796 insi-

168 1815 246 1845 dens,
264 1823 279 1841 c
296 1814 398 1847 liuore,
417 1821 477 1847 quae
501 1814 613 1846 ﬁebant.
630 1814 823 1850 prospiciebat.
841 1814 957 1850 Jamque

168 1861 279 1888 tertium
294 1860 463 1894 jnculnntur,
479 1860 607 1895 fastuque
623 1861 721 1895 turgidi
740 1866 767 1889 et
784 1869 883 1896 magno
899 1861 957 1889 cla-

168 1914 244 1935 more
269 1914 317 1934 eos
349 1906 495 1934 invadunt.
526 1906 559 1934 At
589 1907 724 1940 naltcleri,
746 1908 954 1942 gubernatores.

169 1951 299 1979 navarchi
322 1951 395 1978 virili
412 1951 506 1979 animo
521 1955 547 1979 et
574 1951 688 1980 robusto
714 1958 825 1987 pectore
841 1956 956 1986 stantes,

168 2003 265 2026 nautas
276 1997 458 2025 cohortantur
472 1997 504 2025 ad
518 2002 633 2026 mortem
650 1998 711 2026 vitae
725 1999 955 2034 anteponendam,

167 2045 194 2070 in
217 2043 312 2078 primis
329 2043 513 2078 imperatoria:
531 2044 608 2071 navis
635 2043 802 2076 navarchus,
821 2044 953 2072 Phlanta-

167 2090 243 2118 nclas
255 2089 372 2121 nomine,
387 2089 433 2124 qui
448 2089 553 2124 epuppi
563 2089 596 2116 ad
607 2097 714 2123 proram
732 2090 879 2123 processit,
894 2091 953 2118 leo-

169 2137 210 2164 nis
236 2136 323 2163 instar
344 2136 488 2163 decertans
503 2140 531 2162 et
546 2135 667 2170 reliquos
692 2135 805 2163 vocibus
821 2136 954 2170 excitans,

1009 1538 1103 1573 χείρας
1116 1537 1200 1565 αὑτοῦ
1227 1538 1266 1570 ὡς
1287 1539 1363 1566 κύων
1385 1539 1493 1567 δάκνων
1513 1539 1559 1566 καὶ
1575 1540 1625 1573 λὰξ
1646 1540 1708 1567 ποδὶ
1722 1541 1796 1567 κατα

1008 1586 1060 1618 γῆς
1075 1583 1188 1620 θεωρῶν
1209 1585 1336 1617 καὶτοὺς
1352 1585 1460 1620 τείχους
1484 1586 1567 1621 ῥήξας
1592 1586 1633 1618 δὶς
1661 1587 1708 1613 καὶ
1735 1586 1797 1620 τρὶς

1009 1630 1056 1656 καὶ
1068 1631 1130 1662 τοὺς
1146 1631 1270 1666 τάφρους
1288 1631 1416 1666 γεμίσας,
1434 1633 1480 1659 καὶ
1496 1633 1578 1664 εὐθὺς
1594 1632 1674 1659 πάλιν
1697 1633 1797 1664 αὐτοὺς

1009 1725 1053 1748 tur
1065 1720 1107 1748 bis
1123 1721 1169 1755 qui
1180 1721 1207 1748 in
1218 1720 1304 1750 classe
1313 1726 1402 1754 erant,
1421 1726 1447 1749 ct
1461 1722 1572 1758 plurimi
1584 1723 1663 1758 equis
1677 1720 1795 1753 ameram

1008 1766 1106 1800 secuti,
1123 1765 1174 1802 ipsi
1190 1774 1302 1802 quoque
1317 1775 1406 1803 usque
1422 1768 1456 1796 ad
1478 1775 1560 1796 naves
1578 1769 1748 1804 procedunt:
1764 1778 1797 1797 ac

1007 1812 1154 1846 classiarii,
1182 1813 1220 1840 ita
1241 1821 1303 1840 cum
1329 1818 1454 1849 agentem
1476 1821 1538 1842 eum
1569 1815 1669 1848 vident,
1695 1816 1798 1851 pudore

1007 1858 1192 1886 conviciorum
1207 1860 1354 1894 compulsi,
1369 1861 1511 1889 conversis
1525 1868 1620 1890 rursus
1639 1862 1729 1897 proris
1746 1863 1796 1889 ad-

1009 1912 1104 1933 versus
1125 1911 1281 1933 nostrorum
1293 1914 1387 1940 naves,
1405 1911 1517 1936 strenue
1533 1908 1684 1937 decertnnr.
1695 1907 1795 1936 Verum

1007 1951 1072 1986 quid
1089 1958 1158 1986 opus
1173 1956 1225 1984 est,
1242 1955 1273 1979 ut
1288 1957 1414 1980 eventum
1428 1953 1516 1981 dicam
1529 1954 1540 1981 ?
1554 1953 1616 1981 Non
1631 1954 1711 1982 modo
1727 1954 1795 1982 nihil

1007 1997 1158 2032 quidquam
1183 2002 1339 2025 nocuerunt
1362 1999 1488 2032 navibus,
1505 2000 1553 2027 sed
1574 2000 1656 2028 etiam
1671 2005 1748 2029 tanta
1767 2001 1793 2028 in

1008 2049 1056 2070 eos
1072 2042 1163 2070 clades
1179 2047 1340 2078 stragesque
1356 2045 1430 2071 edita
1447 2049 1499 2076 est,
1520 2050 1549 2072 ut
1564 2046 1692 2074 triremes
1709 2047 1796 2074 redire

1008 2095 1063 2115 non
1078 2094 1199 2123 possent.
1212 2089 1302 2118 Occisi
1313 2087 1379 2117 su'nt
1391 2090 1437 2118 illo
1446 2090 1489 2118 die
1501 2091 1629 2126 Agareni,
1645 2097 1714 2120 utex
1729 2093 1796 2129 ipsis

1007 2135 1136 2170 cognovi,
1150 2135 1211 2171 plus
1227 2136 1376 2164 duodecies
1389 2137 1499 2164 millein
1519 2139 1586 2165 mari
1598 2138 1740 2167 duntaxat.
1755 2140 1797 2166 ln-

167 2191 235 2218 quas
247 2182 338 2210 verbis
352 2182 506 2217 exprimere
522 2188 577 2208 non
595 2182 681 2216 magis
695 2190 777 2216 quam
794 2187 954 2210 caeterorum
973 2187 994 2215 ο
1008 2187 1122 2217 gruente
1144 2187 1236 2215 nocte,
1263 2184 1375 2216 classis,
1403 2184 1568 2212 necessitate
1590 2191 1697 2218 coacta,
1716 2188 1796 2220 paulo

169 2229 303 2256 clamores
320 2229 436 2264 possim,
453 2228 555 2263 quibus
570 2232 644 2256 astra
668 2227 848 2256 feriebantur.
863 2228 957 2263 Itaque

168 2273 273 2302 exarsit
293 2281 390 2301 rursus
404 2273 593 2301 vehementius
612 2281 713 2308 pugna,
736 2281 769 2300 ac
784 2274 860 2301 multi
876 2281 891 2301 e
907 2274 957 2301 tri-

168 2321 292 2348 remibus
309 2320 393 2348 occisi
410 2325 457 2347 aut
472 2319 597 2348 suﬂocati
614 2325 689 2353 sunt,
707 2319 872 2355 duabusque
889 2321 957 2348 adeo

168 2367 329 2394 triremibus
343 2366 442 2401 captis,
459 2366 486 2393 in
505 2374 632 2401 magnum
650 2366 775 2394 timorem
790 2366 955 2395 inciderunt.

168 2413 283 2440 Ameras
294 2420 356 2439 cum
372 2411 451 2439 talem
467 2416 625 2447 tantamque
637 2411 754 2439 classem
769 2412 875 2439 nullum
890 2421 955 2448 ope-

168 2467 206 2486 rac
223 2459 339 2494 pretium
352 2458 454 2490 facere,
469 2458 524 2485 imo
538 2458 630 2492 potius
646 2459 771 2493 superari
787 2458 899 2491 videret,
916 2460 955 2486 ira

168 2509 197 2532 et
220 2504 313 2532 furore
330 2505 470 2537 incensus,
489 2504 608 2532 fremens
628 2509 655 2531 et
672 2504 801 2532 dentibus
815 2503 955 2539 frendens,

171 2551 322 2579 maledictis
331 2559 396 2579 suos
412 2550 556 2585 proscidit,
569 2552 693 2585 ignavos,
709 2550 890 2584 eﬁ'eminatos,
907 2560 956 2579 ne-

169 2597 284 2624 bulones
308 2596 452 2631 increpans
470 2604 478 2629 ;
507 2603 539 2623 ac
559 2596 677 2624 subditis
700 2604 774 2632 equo
790 2597 955 2630 calcaribus,

169 2643 197 2670 in
216 2650 291 2670 mare
314 2648 459 2678 provectus
486 2647 527 2669 est
542 2642 639 2677 (prope
658 2643 731 2670 enim
745 2651 760 2670 a
777 2647 849 2670 terra
873 2652 957 2672 naves
987 2641 989 2643 ’

169 2689 294 2721 aberant,
322 2690 432 2716 circiter
447 2689 552 2724 jactum
569 2689 679 2723 lapidis)
695 2708 703 2720 ,
730 2694 759 2716 ut
783 2695 873 2718 vestes
896 2691 956 2723 ejus

170 2732 318 2760 maximam
351 2738 455 2768 partem
485 2741 554 2769 aqua
577 2734 648 2761 salsa
673 2733 861 2762 madeﬁerent.
879 2735 955 2767 Quod

170 2775 216 2804 ubi
243 2786 304 2806 eum
333 2778 477 2806 facientem
502 2780 568 2807 vidit
584 2779 734 2810 exercitus,
758 2780 804 2814 qui
824 2781 849 2807 in
866 2781 955 2808 littore

172 2828 240 2856 erat,
255 2823 439 2859 indignatione
453 2831 478 2854 ct
493 2825 586 2853 dolore
601 2826 744 2859 commoti,
761 2827 954 2855 conriciaLan-

1008 2228 1132 2259 recessit,
1150 2233 1177 2256 et
1193 2233 1313 2264 quatuor
1326 2229 1379 2257 illa:
1395 2237 1489 2263 naves,
1502 2233 1732 2266 opportunitatem
1747 2241 1796 2260 na-

1008 2277 1068 2307 cta,
1087 2279 1196 2309 portum
1212 2275 1362 2309 intrarunt,
1379 2277 1489 2304 nemine
1506 2278 1539 2305 de
1552 2278 1611 2306 suis
1623 2279 1725 2313 ocriso,
1737 2288 1795 2314 per-

1007 2321 1102 2355 paucis
1127 2321 1289 2353 vulneratis,
1311 2331 1427 2357 quorum
1456 2329 1518 2359 post
1533 2325 1639 2360 aliquot
1662 2327 1721 2354 dies
1740 2327 1796 2354 duo

1008 2367 1050 2394 vel
1063 2371 1118 2394 tres
1133 2367 1167 2394 ad
1180 2367 1327 2395 Dominum
1349 2371 1514 2405 migrnrunt.
1531 2371 1645 2400 Ameras
1661 2372 1729 2400 adeo
1740 2374 1796 2400 ira-

1008 2413 1137 2440 scebatur
1156 2415 1390 2450 suocenscbatque
1414 2416 1512 2444 classis
1525 2418 1665 2451 praefecto,
1688 2426 1716 2445 ut
1733 2421 1794 2454 palo

1008 2465 1070 2485 eum
1086 2459 1245 2493 transﬁgere
1260 2463 1402 2496 cogitaret,
1419 2463 1490 2497 quod
1504 2462 1575 2490 illius
1591 2464 1695 2498 ignavia
1710 2470 1736 2492 et
1748 2473 1794 2493 se-

1007 2505 1092 2539 gnitia
1104 2512 1186 2532 naves
1203 2505 1247 2532 illa
1262 2512 1342 2532 nocte
1354 2507 1518 2540 evasissent.
1532 2509 1659 2544 idemque
1667 2511 1793 2539 socordia

1007 2554 1035 2577 et
1047 2550 1183 2585 imperitia
1197 2552 1360 2585 prazpcditns
1377 2561 1430 2579 non
1452 2554 1636 2588 prohibuisset
1651 2564 1707 2587 eas.
1726 2566 1795 2592 qu0<

1000 2596 1098 2623 'ntinns
1114 2603 1221 2631 portum
1240 2597 1385 2626 intrarent.
1400 2599 1500 2626 Verum
1518 2600 1628 2635 quidam
1643 2607 1754 2630 senatus
1766 2610 1793 2631 et

1008 2642 1076 2669 aula:
1097 2650 1225 2677 proceres
1252 2644 1380 2678 precibus
1401 2646 1581 2680 impetrarunt
1596 2648 1631 2675 ab
1648 2655 1750 2682 amera,
1766 2656 1794 2677 ut

1007 2697 1069 2717 eum
1101 2689 1192 2716 vivere
1218 2682 1376 2723 pateretur:
1407 2692 1454 2726 qui
1480 2696 1571 2720 tamen
1587 2693 1719 2730 dignitate
1730 2703 1793 2724 eum

1007 2735 1092 2762 exuiit
1101 2742 1252 2770 omnesque
1263 2735 1407 2764 facultates
1417 2739 1475 2773 ejus
1485 2739 1659 2773 jannitznriis
1672 2742 1793 2770 donavit.

1043 2781 1163 2808 Rursum
1195 2788 1312 2810 moestus
1339 2791 1458 2817 aliteras,
1484 2785 1562 2813 canis
1590 2787 1676 2814 instar
1694 2797 1793 2815 manus

1009 2828 1127 2861 mordet.
1150 2829 1219 2862 pede
1241 2835 1342 2857 terram
1357 2831 1459 2863 pulsat.
1472 2840 1546 2865 cnm,
1561 2833 1602 2861 bis
1615 2839 1641 2861 et
1655 2840 1695 2862 ter
1709 2836 1795 2863 inuris
