  <div class='ocr_page' id='page_1' title='image "/cluster/home/n/w/nwhite01/storage/ocr_20150623/156/njp.32101077773214/429.png"; bbox 0 0 1931 3079; ppageno 0'>
   <div class='ocr_carea' id='block_1_1' title="bbox 111 63 164 95">
    <p class='ocr_par' dir='ltr' id='par_1_1' title="bbox 111 63 164 95">
     <span class='ocr_line' id='line_1_1' title="bbox 111 63 164 95; baseline -0.038 0"><span class='ocrx_word' id='word_1_1' title='bbox 111 63 164 95; x_wconf 64' lang='lat' dir='ltr'><strong>M7</strong></span> 
     </span>
    </p>
   </div>
   <div class='ocr_carea' id='block_1_2' title="bbox 734 58 1125 89">
    <p class='ocr_par' dir='ltr' id='par_1_2' title="bbox 734 58 1125 89">
     <span class='ocr_line' id='line_1_2' title="bbox 734 58 1125 89; baseline -0.008 0"><span class='ocrx_word' id='word_1_2' title='bbox 734 58 860 89; x_wconf 78' lang='lat' dir='ltr'>GEORG</span> <span class='ocrx_word' id='word_1_3' title='bbox 869 58 896 88; x_wconf 77' lang='grc' dir='ltr'><strong>[Ι</strong></span> <span class='ocrx_word' id='word_1_4' title='bbox 914 58 1125 88; x_wconf 63' lang='grc' dir='ltr'><strong>ῐἮΙὶΑΝΤΖίΕ</strong></span> 
     </span>
    </p>
   </div>
   <div class='ocr_carea' id='block_1_3' title="bbox 1680 53 1735 87">
    <p class='ocr_par' dir='ltr' id='par_1_3' title="bbox 1680 53 1735 87">
     <span class='ocr_line' id='line_1_3' title="bbox 1680 53 1735 87; baseline -0.018 0"><span class='ocrx_word' id='word_1_5' title='bbox 1680 53 1735 87; x_wconf 62' lang='lat'><strong>833</strong></span> 
     </span>
    </p>
   </div>
   <div class='ocr_carea' id='block_1_4' title="bbox 111 113 1735 153">
    <p class='ocr_par' dir='ltr' id='par_1_4' title="bbox 111 113 1735 153">
     <span class='ocr_line' id='line_1_4' title="bbox 111 113 1735 153; baseline -0.003 -8"><span class='ocrx_word' id='word_1_6' title='bbox 111 116 326 152; x_wconf 76' lang='grc' dir='ltr'>ἀνωροωμένους</span> <span class='ocrx_word' id='word_1_7' title='bbox 354 116 478 153; x_wconf 76' lang='grc' dir='ltr'><strong>εὕρισκεν</strong></span> <span class='ocrx_word' id='word_1_8' title='bbox 492 137 499 150; x_wconf 97' lang='grc'><strong>,</strong></span> <span class='ocrx_word' id='word_1_9' title='bbox 528 117 576 143; x_wconf 77' lang='grc' dir='ltr'>καὶ</span> <span class='ocrx_word' id='word_1_10' title='bbox 603 116 698 143; x_wconf 67' lang='grc' dir='ltr'>ἑκατὸν</span> <span class='ocrx_word' id='word_1_11' title='bbox 726 116 897 150; x_wconf 76' lang='grc' dir='ltr'>πεντήκοντα</span> <span class='ocrx_word' id='word_1_12' title='bbox 914 119 934 146; x_wconf 81' lang='grc' dir='ltr'><strong>Α</strong></span> <span class='ocrx_word' id='word_1_13' title='bbox 950 116 1074 150; x_wconf 59' lang='grc' dir='ltr'>γέφυραν</span> <span class='ocrx_word' id='word_1_14' title='bbox 1091 114 1289 145; x_wconf 70' lang='grc' dir='ltr'><strong>κατασκευάζει</strong></span> <span class='ocrx_word' id='word_1_15' title='bbox 1314 114 1405 149; x_wconf 77' lang='grc' dir='ltr'>τρόπῳ</span> <span class='ocrx_word' id='word_1_16' title='bbox 1418 113 1512 149; x_wconf 78' lang='grc' dir='ltr'>τοιῷδε</span> <span class='ocrx_word' id='word_1_17' title='bbox 1529 122 1536 129; x_wconf 73' lang='grc' dir='ltr'><strong>ο</strong></span> <span class='ocrx_word' id='word_1_18' title='bbox 1554 113 1656 141; x_wconf 76' lang='grc' dir='ltr'>ἀκάτια</span> <span class='ocrx_word' id='word_1_19' title='bbox 1680 114 1735 148; x_wconf 79' lang='grc' dir='ltr'><strong>γάρ</strong></span> 
     </span>
    </p>
   </div>
   <div class='ocr_carea' id='block_1_5' title="bbox 110 162 891 200">
    <p class='ocr_par' dir='ltr' id='par_1_5' title="bbox 110 162 891 200">
     <span class='ocr_line' id='line_1_5' title="bbox 110 162 891 200; baseline -0.001 -11"><span class='ocrx_word' id='word_1_20' title='bbox 110 164 234 200; x_wconf 82' lang='grc' dir='ltr'><strong>τριήρεις</strong></span> <span class='ocrx_word' id='word_1_21' title='bbox 261 164 366 198; x_wconf 81' lang='grc' dir='ltr'>διήρεις</span> <span class='ocrx_word' id='word_1_22' title='bbox 388 172 419 189; x_wconf 76' lang='grc' dir='ltr'><strong>τε</strong></span> <span class='ocrx_word' id='word_1_23' title='bbox 445 163 493 189; x_wconf 72' lang='grc' dir='ltr'>καὶ</span> <span class='ocrx_word' id='word_1_24' title='bbox 511 163 640 198; x_wconf 80' lang='grc' dir='ltr'><strong>μονήρεις</strong></span> <span class='ocrx_word' id='word_1_25' title='bbox 653 163 702 189; x_wconf 77' lang='grc' dir='ltr'>οὐκ</span> <span class='ocrx_word' id='word_1_26' title='bbox 719 162 891 197; x_wconf 72' lang='grc' dir='ltr'><strong>ἠδυνήθησαν</strong></span> 
     </span>
    </p>
   </div>
   <div class='ocr_carea' id='block_1_6' title="bbox 110 207 894 244">
    <p class='ocr_par' dir='ltr' id='par_1_6' title="bbox 110 207 894 244">
     <span class='ocr_line' id='line_1_6' title="bbox 110 207 894 244; baseline -0.003 -8"><span class='ocrx_word' id='word_1_27' title='bbox 110 210 216 237; x_wconf 75' lang='grc' dir='ltr'>αὶῶσαι</span> <span class='ocrx_word' id='word_1_28' title='bbox 237 210 287 241; x_wconf 84' lang='grc' dir='ltr'><strong>τὰς</strong></span> <span class='ocrx_word' id='word_1_29' title='bbox 313 210 451 243; x_wconf 86' lang='grc' dir='ltr'>τέσσαρας</span> <span class='ocrx_word' id='word_1_30' title='bbox 475 209 583 240; x_wconf 83' lang='grc' dir='ltr'>ὲκεινας</span> <span class='ocrx_word' id='word_1_31' title='bbox 600 209 687 244; x_wconf 80' lang='grc' dir='ltr'>νῆας,</span> <span class='ocrx_word' id='word_1_32' title='bbox 707 209 775 234; x_wconf 80' lang='grc' dir='ltr'>ἀλλὰ</span> <span class='ocrx_word' id='word_1_33' title='bbox 792 207 894 242; x_wconf 83' lang='grc' dir='ltr'>μᾶλλον</span> 
     </span>
    </p>
   </div>
   <div class='ocr_carea' id='block_1_7' title="bbox 109 246 891 290">
    <p class='ocr_par' dir='ltr' id='par_1_7' title="bbox 109 246 891 290">
     <span class='ocr_line' id='line_1_7' title="bbox 109 246 891 290; baseline -0.005 -7"><span class='ocrx_word' id='word_1_34' title='bbox 109 257 159 284; x_wconf 72' lang='grc' dir='ltr'>καὶ</span> <span class='ocrx_word' id='word_1_35' title='bbox 186 246 314 283; x_wconf 70' lang='grc' dir='ltr'>’τοσοῦτον</span> <span class='ocrx_word' id='word_1_36' title='bbox 344 255 424 290; x_wconf 70' lang='grc' dir='ltr'>φόνον</span> <span class='ocrx_word' id='word_1_37' title='bbox 451 255 492 287; x_wconf 83' lang='grc' dir='ltr'><strong>είς</strong></span> <span class='ocrx_word' id='word_1_38' title='bbox 518 254 617 286; x_wconf 71' lang='grc' dir='ltr'>αὐτοὺς</span> <span class='ocrx_word' id='word_1_39' title='bbox 642 254 795 289; x_wconf 79' lang='grc' dir='ltr'>ἐποίησαν,</span> <span class='ocrx_word' id='word_1_40' title='bbox 812 253 891 288; x_wconf 73' lang='grc'><strong>251</strong></span> 
     </span>
    </p>
   </div>
   <div class='ocr_carea' id='block_1_8' title="bbox 111 299 895 336">
    <p class='ocr_par' dir='ltr' id='par_1_8' title="bbox 111 299 895 336">
     <span class='ocr_line' id='line_1_8' title="bbox 111 299 895 336; baseline -0.004 -8"><span class='ocrx_word' id='word_1_41' title='bbox 111 302 250 334; x_wconf 76' lang='grc' dir='ltr'><strong>στενάζων</strong></span> <span class='ocrx_word' id='word_1_42' title='bbox 267 303 299 328; x_wconf 81' lang='grc' dir='ltr'>ὲκ</span> <span class='ocrx_word' id='word_1_43' title='bbox 314 301 430 336; x_wconf 75' lang='grc' dir='ltr'><strong>καρδίας</strong></span> <span class='ocrx_word' id='word_1_44' title='bbox 449 300 552 332; x_wconf 78' lang='grc' dir='ltr'>καπνὸς</span> <span class='ocrx_word' id='word_1_45' title='bbox 575 301 607 327; x_wconf 81' lang='grc' dir='ltr'>ἐκ</span> <span class='ocrx_word' id='word_1_46' title='bbox 627 299 674 327; x_wconf 83' lang='grc' dir='ltr'>τοῦ</span> <span class='ocrx_word' id='word_1_47' title='bbox 691 300 826 334; x_wconf 82' lang='grc' dir='ltr'>στόματος</span> <span class='ocrx_word' id='word_1_48' title='bbox 843 301 895 325; x_wconf 79' lang='grc' dir='ltr'><strong>αὑ-</strong></span> 
     </span>
    </p>
   </div>
   <div class='ocr_carea' id='block_1_9' title="bbox 110 345 895 381">
    <p class='ocr_par' dir='ltr' id='par_1_9' title="bbox 110 345 895 381">
     <span class='ocr_line' id='line_1_9' title="bbox 110 345 895 381; baseline -0.001 -8"><span class='ocrx_word' id='word_1_49' title='bbox 110 347 157 374; x_wconf 74' lang='grc' dir='ltr'>τοῦ</span> <span class='ocrx_word' id='word_1_50' title='bbox 185 347 319 379; x_wconf 72' lang='grc' dir='ltr'>ὲξέϐαινε·</span> <span class='ocrx_word' id='word_1_51' title='bbox 347 346 394 372; x_wconf 78' lang='grc' dir='ltr'>καὶ</span> <span class='ocrx_word' id='word_1_52' title='bbox 411 346 550 381; x_wconf 67' lang='grc' dir='ltr'>ἐλογίζετο</span> <span class='ocrx_word' id='word_1_53' title='bbox 574 346 601 372; x_wconf 87' lang='grc' dir='ltr'><strong>τί</strong></span> <span class='ocrx_word' id='word_1_54' title='bbox 629 345 682 372; x_wconf 71' lang='grc' dir='ltr'>ἔδει</span> <span class='ocrx_word' id='word_1_55' title='bbox 709 346 835 381; x_wconf 81' lang='grc' dir='ltr'>ποιῆσαι,</span> <span class='ocrx_word' id='word_1_56' title='bbox 850 345 895 372; x_wconf 78' lang='grc' dir='ltr'><strong>ἵνα</strong></span> 
     </span>
    </p>
   </div>
   <div class='ocr_carea' id='block_1_10' title="bbox 110 392 894 428">
    <p class='ocr_par' dir='ltr' id='par_1_10' title="bbox 110 392 894 428">
     <span class='ocr_line' id='line_1_10' title="bbox 110 392 894 428; baseline -0.001 -9"><span class='ocrx_word' id='word_1_57' title='bbox 110 394 159 428; x_wconf 83' lang='grc' dir='ltr'>τὴν</span> <span class='ocrx_word' id='word_1_58' title='bbox 178 393 256 419; x_wconf 68' lang='grc' dir='ltr'>πάλιν</span> <span class='ocrx_word' id='word_1_59' title='bbox 278 392 372 419; x_wconf 79' lang='grc' dir='ltr'>πλεῖον</span> <span class='ocrx_word' id='word_1_60' title='bbox 397 392 480 428; x_wconf 82' lang='grc' dir='ltr'>θλίψῃ</span> <span class='ocrx_word' id='word_1_61' title='bbox 503 393 551 419; x_wconf 81' lang='grc' dir='ltr'>καὶ</span> <span class='ocrx_word' id='word_1_62' title='bbox 573 393 767 428; x_wconf 80' lang='grc' dir='ltr'>στενοχωρήσῃ</span> <span class='ocrx_word' id='word_1_63' title='bbox 786 393 834 420; x_wconf 77' lang='grc' dir='ltr'>καὶ</span> <span class='ocrx_word' id='word_1_64' title='bbox 850 392 894 419; x_wconf 77' lang='grc' dir='ltr'><strong>διὰ</strong></span> 
     </span>
    </p>
   </div>
   <div class='ocr_carea' id='block_1_11' title="bbox 111 437 894 474">
    <p class='ocr_par' dir='ltr' id='par_1_11' title="bbox 111 437 894 474">
     <span class='ocr_line' id='line_1_11' title="bbox 111 437 894 474; baseline -0.004 -8"><span class='ocrx_word' id='word_1_65' title='bbox 111 439 249 474; x_wconf 76' lang='grc' dir='ltr'>θαλάσσης</span> <span class='ocrx_word' id='word_1_66' title='bbox 285 439 332 465; x_wconf 76' lang='grc' dir='ltr'><strong>καὶ</strong></span> <span class='ocrx_word' id='word_1_67' title='bbox 361 438 446 474; x_wconf 79' lang='grc' dir='ltr'>ξηρᾶς</span> <span class='ocrx_word' id='word_1_68' title='bbox 470 439 520 472; x_wconf 86' lang='grc' dir='ltr'>τὴν</span> <span class='ocrx_word' id='word_1_69' title='bbox 546 438 707 474; x_wconf 73' lang='grc' dir='ltr'><strong>πολιορκίαν</strong></span> <span class='ocrx_word' id='word_1_70' title='bbox 733 439 818 473; x_wconf 84' lang='grc' dir='ltr'>δώσῃ.</span> <span class='ocrx_word' id='word_1_71' title='bbox 838 437 894 464; x_wconf 79' lang='grc' dir='ltr'><strong>Καὶ</strong></span> 
     </span>
    </p>
   </div>
   <div class='ocr_carea' id='block_1_12' title="bbox 110 484 893 520">
    <p class='ocr_par' dir='ltr' id='par_1_12' title="bbox 110 484 893 520">
     <span class='ocr_line' id='line_1_12' title="bbox 110 484 893 520; baseline -0.001 -8"><span class='ocrx_word' id='word_1_72' title='bbox 110 486 239 520; x_wconf 77' lang='grc' dir='ltr'>τοιαύτην</span> <span class='ocrx_word' id='word_1_73' title='bbox 255 484 391 519; x_wconf 77' lang='grc' dir='ltr'>ἐλογίζετο</span> <span class='ocrx_word' id='word_1_74' title='bbox 410 484 546 519; x_wconf 83' lang='grc' dir='ltr'>μηχανὴν,</span> <span class='ocrx_word' id='word_1_75' title='bbox 563 484 606 510; x_wconf 78' lang='grc' dir='ltr'>ἵνα</span> <span class='ocrx_word' id='word_1_76' title='bbox 623 484 706 519; x_wconf 81' lang='grc' dir='ltr'>μέρος</span> <span class='ocrx_word' id='word_1_77' title='bbox 725 485 772 511; x_wconf 83' lang='grc' dir='ltr'>τοῦ</span> <span class='ocrx_word' id='word_1_78' title='bbox 798 485 893 514; x_wconf 81' lang='grc' dir='ltr'>στόλου</span> 
     </span>
    </p>
   </div>
   <div class='ocr_carea' id='block_1_13' title="bbox 110 528 895 568">
    <p class='ocr_par' dir='ltr' id='par_1_13' title="bbox 110 528 895 568">
     <span class='ocr_line' id='line_1_13' title="bbox 110 528 895 568; baseline -0.001 -9"><span class='ocrx_word' id='word_1_79' title='bbox 110 532 226 568; x_wconf 69' lang='grc' dir='ltr'>εἰσφέρῃ</span> <span class='ocrx_word' id='word_1_80' title='bbox 239 531 293 558; x_wconf 71' lang='grc' dir='ltr'><strong>ἔσω</strong></span> <span class='ocrx_word' id='word_1_81' title='bbox 307 531 353 557; x_wconf 81' lang='grc' dir='ltr'>τοῦ</span> <span class='ocrx_word' id='word_1_82' title='bbox 370 531 493 565; x_wconf 80' lang='grc' dir='ltr'><strong>λιμένος.</strong></span> <span class='ocrx_word' id='word_1_83' title='bbox 510 530 565 556; x_wconf 78' lang='grc' dir='ltr'><strong>Καὶ</strong></span> <span class='ocrx_word' id='word_1_84' title='bbox 582 528 616 566; x_wconf 81' lang='grc' dir='ltr'>ἦν</span> <span class='ocrx_word' id='word_1_85' title='bbox 627 532 641 557; x_wconf 88' lang='grc' dir='ltr'>ὁ</span> <span class='ocrx_word' id='word_1_86' title='bbox 657 531 736 565; x_wconf 75' lang='grc' dir='ltr'>λόγος</span> <span class='ocrx_word' id='word_1_87' title='bbox 752 531 833 562; x_wconf 75' lang='grc' dir='ltr'>εὐθὺς</span> <span class='ocrx_word' id='word_1_88' title='bbox 847 532 895 558; x_wconf 76' lang='grc' dir='ltr'>καὶ</span> 
     </span>
    </p>
   </div>
   <div class='ocr_carea' id='block_1_14' title="bbox 111 576 896 614">
    <p class='ocr_par' dir='ltr' id='par_1_14' title="bbox 111 576 896 614">
     <span class='ocr_line' id='line_1_14' title="bbox 111 576 896 614; baseline -0.001 -9"><span class='ocrx_word' id='word_1_89' title='bbox 111 579 139 606; x_wconf 79' lang='grc' dir='ltr'>τὸ</span> <span class='ocrx_word' id='word_1_90' title='bbox 161 579 253 614; x_wconf 74' lang='grc' dir='ltr'>ἔργον,</span> <span class='ocrx_word' id='word_1_91' title='bbox 279 580 328 605; x_wconf 71' lang='grc' dir='ltr'>καὶ</span> <span class='ocrx_word' id='word_1_92' title='bbox 344 578 375 604; x_wconf 79' lang='grc' dir='ltr'>ἐκ</span> <span class='ocrx_word' id='word_1_93' title='bbox 400 576 448 603; x_wconf 77' lang='grc' dir='ltr'><strong>τοῦ</strong></span> <span class='ocrx_word' id='word_1_94' title='bbox 473 577 584 603; x_wconf 76' lang='grc' dir='ltr'>ὄπισθεν</span> <span class='ocrx_word' id='word_1_95' title='bbox 609 577 710 611; x_wconf 80' lang='grc' dir='ltr'><strong>μέρους</strong></span> <span class='ocrx_word' id='word_1_96' title='bbox 726 577 773 603; x_wconf 83' lang='grc' dir='ltr'>τοῦ</span> <span class='ocrx_word' id='word_1_97' title='bbox 787 577 896 604; x_wconf 82' lang='grc' dir='ltr'>Γαλατᾶ</span> 
     </span>
    </p>
   </div>
   <div class='ocr_carea' id='block_1_15' title="bbox 110 623 896 658">
    <p class='ocr_par' dir='ltr' id='par_1_15' title="bbox 110 623 896 658">
     <span class='ocr_line' id='line_1_15' title="bbox 110 623 896 658; baseline -0.003 -6"><span class='ocrx_word' id='word_1_98' title='bbox 110 625 152 652; x_wconf 81' lang='grc' dir='ltr'>διὰ</span> <span class='ocrx_word' id='word_1_99' title='bbox 167 623 214 651; x_wconf 81' lang='grc' dir='ltr'>τοῦ</span> <span class='ocrx_word' id='word_1_100' title='bbox 230 623 313 657; x_wconf 69' lang='grc' dir='ltr'>λόφου</span> <span class='ocrx_word' id='word_1_101' title='bbox 330 623 390 650; x_wconf 77' lang='grc' dir='ltr'>ὁδὸν</span> <span class='ocrx_word' id='word_1_102' title='bbox 404 623 513 649; x_wconf 71' lang='grc' dir='ltr'>εὐθεῖαν</span> <span class='ocrx_word' id='word_1_103' title='bbox 527 623 706 658; x_wconf 81' lang='grc' dir='ltr'>ᾠκονόμησεν</span> <span class='ocrx_word' id='word_1_104' title='bbox 722 623 774 655; x_wconf 75' lang='grc' dir='ltr'><strong>ἕως</strong></span> <span class='ocrx_word' id='word_1_105' title='bbox 789 624 838 656; x_wconf 46' lang='grc' dir='ltr'>τοῖς</span> <span class='ocrx_word' id='word_1_106' title='bbox 853 623 896 650; x_wconf 86' lang='grc' dir='ltr'><strong>λι-</strong></span> 
     </span>
    </p>
   </div>
   <div class='ocr_carea' id='block_1_16' title="bbox 111 669 895 706">
    <p class='ocr_par' dir='ltr' id='par_1_16' title="bbox 111 669 895 706">
     <span class='ocr_line' id='line_1_16' title="bbox 111 669 895 706; baseline 0.001 -11"><span class='ocrx_word' id='word_1_107' title='bbox 111 670 190 704; x_wconf 83' lang='grc' dir='ltr'>μένος</span> <span class='ocrx_word' id='word_1_108' title='bbox 206 669 368 705; x_wconf 74' lang='grc' dir='ltr'><strong>ἐρχομένην,</strong></span> <span class='ocrx_word' id='word_1_109' title='bbox 383 669 430 695; x_wconf 67' lang='grc' dir='ltr'>καὶ</span> <span class='ocrx_word' id='word_1_110' title='bbox 449 669 539 695; x_wconf 77' lang='grc' dir='ltr'><strong>σανίσι</strong></span> <span class='ocrx_word' id='word_1_111' title='bbox 553 669 601 696; x_wconf 77' lang='grc' dir='ltr'>καὶ</span> <span class='ocrx_word' id='word_1_112' title='bbox 614 669 704 702; x_wconf 79' lang='grc' dir='ltr'>ξύλοις</span> <span class='ocrx_word' id='word_1_113' title='bbox 721 670 815 696; x_wconf 83' lang='grc' dir='ltr'>πᾶσαν</span> <span class='ocrx_word' id='word_1_114' title='bbox 827 678 895 706; x_wconf 83' lang='grc' dir='ltr'>κατ-</span> 
     </span>
    </p>
   </div>
   <div class='ocr_carea' id='block_1_17' title="bbox 110 714 896 750">
    <p class='ocr_par' dir='ltr' id='par_1_17' title="bbox 110 714 896 750">
     <span class='ocr_line' id='line_1_17' title="bbox 110 714 896 750; baseline 0.001 -9"><span class='ocrx_word' id='word_1_115' title='bbox 110 717 258 750; x_wconf 79' lang='grc' dir='ltr'>έστρωσεν,</span> <span class='ocrx_word' id='word_1_116' title='bbox 277 715 311 746; x_wconf 73' lang='grc' dir='ltr'>ἃς</span> <span class='ocrx_word' id='word_1_117' title='bbox 349 714 444 750; x_wconf 76' lang='grc' dir='ltr'>ἦλειψε</span> <span class='ocrx_word' id='word_1_118' title='bbox 468 714 576 746; x_wconf 77' lang='grc' dir='ltr'><strong>σανίδας</strong></span> <span class='ocrx_word' id='word_1_119' title='bbox 595 715 664 749; x_wconf 82' lang='grc' dir='ltr'>μετὰ</span> <span class='ocrx_word' id='word_1_120' title='bbox 688 714 799 746; x_wconf 83' lang='grc' dir='ltr'><strong>στέατος</strong></span> <span class='ocrx_word' id='word_1_121' title='bbox 826 714 896 749; x_wconf 85' lang='grc' dir='ltr'>βοῶν</span> 
     </span>
    </p>
   </div>
   <div class='ocr_carea' id='block_1_18' title="bbox 110 761 897 797">
    <p class='ocr_par' dir='ltr' id='par_1_18' title="bbox 110 761 897 797">
     <span class='ocr_line' id='line_1_18' title="bbox 110 761 897 797; baseline -0.001 -9"><span class='ocrx_word' id='word_1_122' title='bbox 110 763 156 788; x_wconf 71' lang='grc' dir='ltr'>καὶ</span> <span class='ocrx_word' id='word_1_123' title='bbox 172 761 267 797; x_wconf 82' lang='grc' dir='ltr'>κριῶν·</span> <span class='ocrx_word' id='word_1_124' title='bbox 290 761 336 788; x_wconf 79' lang='grc' dir='ltr'>καὶ</span> <span class='ocrx_word' id='word_1_125' title='bbox 363 761 472 796; x_wconf 72' lang='grc' dir='ltr'>ὄργανα.</span> <span class='ocrx_word' id='word_1_126' title='bbox 499 761 656 796; x_wconf 68' lang='grc' dir='ltr'>πολύτροποι</span> <span class='ocrx_word' id='word_1_127' title='bbox 678 761 759 796; x_wconf 68' lang='grc' dir='ltr'>ἕτερα</span> <span class='ocrx_word' id='word_1_128' title='bbox 780 761 897 795; x_wconf 77' lang='grc' dir='ltr'><strong>ποιήσας</strong></span> 
     </span>
    </p>
   </div>
   <div class='ocr_carea' id='block_1_19' title="bbox 947 160 1735 196">
    <p class='ocr_par' dir='ltr' id='par_1_19' title="bbox 947 160 1735 196">
     <span class='ocr_line' id='line_1_19' title="bbox 947 160 1735 196; baseline -0.003 -8"><span class='ocrx_word' id='word_1_129' title='bbox 947 171 1019 195; x_wconf 84' lang='grc' dir='ltr'>τινα,</span> <span class='ocrx_word' id='word_1_130' title='bbox 1036 162 1136 196; x_wconf 81' lang='grc' dir='ltr'>ἀγγεῖα</span> <span class='ocrx_word' id='word_1_131' title='bbox 1161 161 1281 196; x_wconf 84' lang='grc' dir='ltr'>μεγάλα,</span> <span class='ocrx_word' id='word_1_132' title='bbox 1299 160 1460 194; x_wconf 75' lang='grc' dir='ltr'>ξυλοπίύους</span> <span class='ocrx_word' id='word_1_133' title='bbox 1471 160 1586 194; x_wconf 71' lang='grc' dir='ltr'>συνάξας</span> <span class='ocrx_word' id='word_1_134' title='bbox 1607 160 1735 190; x_wconf 72' lang='grc' dir='ltr'>πολλοὺς.</span> 
     </span>
    </p>
   </div>
   <div class='ocr_carea' id='block_1_20' title="bbox 947 204 1736 242">
    <p class='ocr_par' dir='ltr' id='par_1_20' title="bbox 947 204 1736 242">
     <span class='ocr_line' id='line_1_20' title="bbox 947 204 1736 242; baseline -0.008 -8"><span class='ocrx_word' id='word_1_135' title='bbox 947 208 995 234; x_wconf 80' lang='grc' dir='ltr'>καὶ</span> <span class='ocrx_word' id='word_1_136' title='bbox 1007 207 1098 239; x_wconf 79' lang='grc' dir='ltr'>ξύλοις</span> <span class='ocrx_word' id='word_1_137' title='bbox 1123 208 1239 242; x_wconf 80' lang='grc' dir='ltr'>μακροῖς</span> <span class='ocrx_word' id='word_1_138' title='bbox 1261 207 1322 242; x_wconf 75' lang='grc' dir='ltr'>ἦτοι</span> <span class='ocrx_word' id='word_1_139' title='bbox 1340 206 1431 236; x_wconf 80' lang='grc' dir='ltr'>δοκοῖς</span> <span class='ocrx_word' id='word_1_140' title='bbox 1458 205 1506 231; x_wconf 77' lang='grc' dir='ltr'>καὶ</span> <span class='ocrx_word' id='word_1_141' title='bbox 1539 204 1661 238; x_wconf 79' lang='grc' dir='ltr'>σιδήροις</span> <span class='ocrx_word' id='word_1_142' title='bbox 1690 204 1736 229; x_wconf 70' lang='grc' dir='ltr'>καὶ</span> 
     </span>
    </p>
   </div>
   <div class='ocr_carea' id='block_1_21' title="bbox 949 248 1733 289">
    <p class='ocr_par' dir='ltr' id='par_1_21' title="bbox 949 248 1733 289">
     <span class='ocr_line' id='line_1_21' title="bbox 949 248 1733 289; baseline -0.008 -8"><span class='ocrx_word' id='word_1_143' title='bbox 949 255 1076 289; x_wconf 81' lang='grc' dir='ltr'>σχοινίοις</span> <span class='ocrx_word' id='word_1_144' title='bbox 1093 253 1211 289; x_wconf 81' lang='grc' dir='ltr'>ἰσχυρῶς</span> <span class='ocrx_word' id='word_1_145' title='bbox 1230 253 1278 280; x_wconf 80' lang='grc' dir='ltr'>καὶ</span> <span class='ocrx_word' id='word_1_146' title='bbox 1294 251 1418 283; x_wconf 81' lang='grc' dir='ltr'>δυνατῶς</span> <span class='ocrx_word' id='word_1_147' title='bbox 1440 251 1609 286; x_wconf 73' lang='grc' dir='ltr'>συνσφεγεας</span> <span class='ocrx_word' id='word_1_148' title='bbox 1626 249 1674 276; x_wconf 73' lang='grc' dir='ltr'>καὶ</span> <span class='ocrx_word' id='word_1_149' title='bbox 1689 248 1733 283; x_wconf 78' lang='grc' dir='ltr'>δή-</span> 
     </span>
    </p>
   </div>
   <div class='ocr_carea' id='block_1_22' title="bbox 949 294 1736 335">
    <p class='ocr_par' dir='ltr' id='par_1_22' title="bbox 949 294 1736 335">
     <span class='ocr_line' id='line_1_22' title="bbox 949 294 1736 335; baseline -0.008 -8"><span class='ocrx_word' id='word_1_150' title='bbox 949 309 1008 333; x_wconf 89' lang='grc' dir='ltr'>σας,</span> <span class='ocrx_word' id='word_1_151' title='bbox 1034 301 1076 327; x_wconf 80' lang='grc' dir='ltr'>ἵνα</span> <span class='ocrx_word' id='word_1_152' title='bbox 1098 301 1135 335; x_wconf 84' lang='grc' dir='ltr'>μὴ</span> <span class='ocrx_word' id='word_1_153' title='bbox 1168 300 1203 326; x_wconf 85' lang='grc' dir='ltr'><strong>τὰ</strong></span> <span class='ocrx_word' id='word_1_154' title='bbox 1225 298 1335 334; x_wconf 72' lang='grc' dir='ltr'>ἁλμυρὰ</span> <span class='ocrx_word' id='word_1_155' title='bbox 1365 297 1449 324; x_wconf 72' lang='grc' dir='ltr'>ὕδατα</span> <span class='ocrx_word' id='word_1_156' title='bbox 1467 296 1619 332; x_wconf 82' lang='grc' dir='ltr'>δυνηθῶσιν</span> <span class='ocrx_word' id='word_1_157' title='bbox 1645 294 1736 322; x_wconf 75' lang='grc' dir='ltr'>ἑκθλῖ-</span> 
     </span>
    </p>
   </div>
   <div class='ocr_carea' id='block_1_23' title="bbox 947 341 1737 382">
    <p class='ocr_par' dir='ltr' id='par_1_23' title="bbox 947 341 1737 382">
     <span class='ocr_line' id='line_1_23' title="bbox 947 341 1737 382; baseline -0.009 -8"><span class='ocrx_word' id='word_1_158' title='bbox 947 346 997 379; x_wconf 81' lang='grc' dir='ltr'>ψαι</span> <span class='ocrx_word' id='word_1_159' title='bbox 1022 347 1052 373; x_wconf 81' lang='grc' dir='ltr'>τὸ</span> <span class='ocrx_word' id='word_1_160' title='bbox 1077 346 1168 382; x_wconf 74' lang='grc' dir='ltr'>ἔργον,</span> <span class='ocrx_word' id='word_1_161' title='bbox 1199 344 1258 373; x_wconf 79' lang='grc' dir='ltr'>εἶτα</span> <span class='ocrx_word' id='word_1_162' title='bbox 1277 345 1381 372; x_wconf 79' lang='grc' dir='ltr'>ἄνωθεν</span> <span class='ocrx_word' id='word_1_163' title='bbox 1408 344 1462 370; x_wconf 79' lang='grc' dir='ltr'>τῶν</span> <span class='ocrx_word' id='word_1_164' title='bbox 1474 342 1595 369; x_wconf 71' lang='grc' dir='ltr'>ἀκατίων</span> <span class='ocrx_word' id='word_1_165' title='bbox 1617 341 1666 368; x_wconf 74' lang='grc' dir='ltr'>καὶ</span> <span class='ocrx_word' id='word_1_166' title='bbox 1687 342 1737 374; x_wconf 83' lang='grc' dir='ltr'><strong>ἁγ-</strong></span> 
     </span>
    </p>
   </div>
   <div class='ocr_carea' id='block_1_24' title="bbox 949 386 1737 427">
    <p class='ocr_par' dir='ltr' id='par_1_24' title="bbox 949 386 1737 427">
     <span class='ocr_line' id='line_1_24' title="bbox 949 386 1737 427; baseline -0.011 -7"><span class='ocrx_word' id='word_1_167' title='bbox 949 393 1030 427; x_wconf 86' lang='grc' dir='ltr'>γείων</span> <span class='ocrx_word' id='word_1_168' title='bbox 1051 394 1098 420; x_wconf 77' lang='grc' dir='ltr'>καὶ</span> <span class='ocrx_word' id='word_1_169' title='bbox 1120 392 1174 419; x_wconf 87' lang='grc' dir='ltr'>τῶν</span> <span class='ocrx_word' id='word_1_170' title='bbox 1192 392 1277 424; x_wconf 79' lang='grc' dir='ltr'>ξύλων</span> <span class='ocrx_word' id='word_1_171' title='bbox 1293 391 1403 422; x_wconf 78' lang='grc' dir='ltr'>σανίδας</span> <span class='ocrx_word' id='word_1_172' title='bbox 1427 388 1548 419; x_wconf 76' lang='grc' dir='ltr'>δυνατῶς</span> <span class='ocrx_word' id='word_1_173' title='bbox 1574 388 1660 423; x_wconf 80' lang='grc' dir='ltr'>δήσας</span> <span class='ocrx_word' id='word_1_174' title='bbox 1688 386 1737 412; x_wconf 75' lang='grc' dir='ltr'>καὶ</span> 
     </span>
    </p>
   </div>
   <div class='ocr_carea' id='block_1_25' title="bbox 949 433 1737 473">
    <p class='ocr_par' dir='ltr' id='par_1_25' title="bbox 949 433 1737 473">
     <span class='ocr_line' id='line_1_25' title="bbox 949 433 1737 473; baseline -0.013 -6"><span class='ocrx_word' id='word_1_175' title='bbox 949 440 1096 467; x_wconf 79' lang='grc' dir='ltr'>σκολόπεσι</span> <span class='ocrx_word' id='word_1_176' title='bbox 1131 439 1252 473; x_wconf 73' lang='grc' dir='ltr'>σιδηροῖς</span> <span class='ocrx_word' id='word_1_177' title='bbox 1286 438 1348 473; x_wconf 72' lang='grc' dir='ltr'>ἦτοι</span> <span class='ocrx_word' id='word_1_178' title='bbox 1374 436 1518 471; x_wconf 82' lang='grc' dir='ltr'>περόναις,</span> <span class='ocrx_word' id='word_1_179' title='bbox 1550 434 1598 460; x_wconf 68' lang='grc' dir='ltr'><strong>καὶ</strong></span> <span class='ocrx_word' id='word_1_180' title='bbox 1626 433 1737 467; x_wconf 71' lang='grc' dir='ltr'>γέφυρα</span> 
     </span>
    </p>
   </div>
   <div class='ocr_carea' id='block_1_26' title="bbox 949 478 1737 520">
    <p class='ocr_par' dir='ltr' id='par_1_26' title="bbox 949 478 1737 520">
     <span class='ocr_line' id='line_1_26' title="bbox 949 478 1737 520; baseline -0.013 -7"><span class='ocrx_word' id='word_1_181' title='bbox 949 487 1071 520; x_wconf 74' lang='grc' dir='ltr'>ἐγεγόνει</span> <span class='ocrx_word' id='word_1_182' title='bbox 1086 486 1188 520; x_wconf 83' lang='grc' dir='ltr'>δυνατὴ</span> <span class='ocrx_word' id='word_1_183' title='bbox 1203 485 1249 511; x_wconf 85' lang='grc' dir='ltr'><strong>καί</strong></span> <span class='ocrx_word' id='word_1_184' title='bbox 1265 493 1291 510; x_wconf 90' lang='grc' dir='ltr'>τι</span> <span class='ocrx_word' id='word_1_185' title='bbox 1303 484 1384 519; x_wconf 80' lang='grc' dir='ltr'>καλὴ,</span> <span class='ocrx_word' id='word_1_186' title='bbox 1400 483 1500 518; x_wconf 76' lang='grc' dir='ltr'>ἔχουσα</span> <span class='ocrx_word' id='word_1_187' title='bbox 1511 481 1540 507; x_wconf 80' lang='grc' dir='ltr'><strong>τὺ</strong></span> <span class='ocrx_word' id='word_1_188' title='bbox 1562 479 1662 510; x_wconf 80' lang='grc' dir='ltr'>πλάτος</span> <span class='ocrx_word' id='word_1_189' title='bbox 1688 478 1737 512; x_wconf 76' lang='grc' dir='ltr'><strong>ὀρ-</strong></span> 
     </span>
    </p>
   </div>
   <div class='ocr_carea' id='block_1_27' title="bbox 949 525 1736 566">
    <p class='ocr_par' dir='ltr' id='par_1_27' title="bbox 949 525 1736 566">
     <span class='ocr_line' id='line_1_27' title="bbox 949 525 1736 566; baseline -0.011 -7"><span class='ocrx_word' id='word_1_190' title='bbox 949 533 1032 566; x_wconf 88' lang='grc' dir='ltr'>γυίων</span> <span class='ocrx_word' id='word_1_191' title='bbox 1049 532 1228 566; x_wconf 68' lang='grc' dir='ltr'>πεντήκοντα,</span> <span class='ocrx_word' id='word_1_192' title='bbox 1244 531 1274 556; x_wconf 76' lang='grc' dir='ltr'>τὸ</span> <span class='ocrx_word' id='word_1_193' title='bbox 1291 530 1318 556; x_wconf 80' lang='grc' dir='ltr'>δὲ</span> <span class='ocrx_word' id='word_1_194' title='bbox 1338 530 1441 565; x_wconf 79' lang='grc' dir='ltr'>μάκρσς</span> <span class='ocrx_word' id='word_1_195' title='bbox 1455 528 1563 560; x_wconf 71' lang='grc' dir='ltr'>ἑκατὸν,</span> <span class='ocrx_word' id='word_1_196' title='bbox 1587 525 1657 552; x_wconf 79' lang='grc' dir='ltr'>ὥστε</span> <span class='ocrx_word' id='word_1_197' title='bbox 1674 525 1736 558; x_wconf 71' lang='grc' dir='ltr'>φαί-</span> 
     </span>
    </p>
   </div>
   <div class='ocr_carea' id='block_1_28' title="bbox 950 571 1736 612">
    <p class='ocr_par' dir='ltr' id='par_1_28' title="bbox 950 571 1736 612">
     <span class='ocr_line' id='line_1_28' title="bbox 950 571 1736 612; baseline -0.011 -7"><span class='ocrx_word' id='word_1_198' title='bbox 950 578 1044 606; x_wconf 84' lang='grc' dir='ltr'>νεσθαι</span> <span class='ocrx_word' id='word_1_199' title='bbox 1059 579 1109 612; x_wconf 83' lang='grc' dir='ltr'>τὴν</span> <span class='ocrx_word' id='word_1_200' title='bbox 1133 578 1221 612; x_wconf 84' lang='grc' dir='ltr'>μέσην</span> <span class='ocrx_word' id='word_1_201' title='bbox 1239 577 1330 603; x_wconf 84' lang='grc' dir='ltr'>πᾶσαν</span> <span class='ocrx_word' id='word_1_202' title='bbox 1351 575 1398 602; x_wconf 83' lang='grc' dir='ltr'><strong>τοῦ</strong></span> <span class='ocrx_word' id='word_1_203' title='bbox 1424 574 1534 609; x_wconf 81' lang='grc' dir='ltr'>λιμένος</span> <span class='ocrx_word' id='word_1_204' title='bbox 1558 573 1595 604; x_wconf 88' lang='grc' dir='ltr'>ὠς</span> <span class='ocrx_word' id='word_1_205' title='bbox 1613 573 1640 597; x_wconf 80' lang='grc' dir='ltr'>ἐν</span> <span class='ocrx_word' id='word_1_206' title='bbox 1666 571 1736 605; x_wconf 81' lang='grc' dir='ltr'>ξηρᾴ</span> 
     </span>
    </p>
   </div>
   <div class='ocr_carea' id='block_1_29' title="bbox 950 615 1735 658">
    <p class='ocr_par' dir='ltr' id='par_1_29' title="bbox 950 615 1735 658">
     <span class='ocr_line' id='line_1_29' title="bbox 950 615 1735 658; baseline -0.013 -7"><span class='ocrx_word' id='word_1_207' title='bbox 950 624 1123 658; x_wconf 84' lang='grc' dir='ltr'>περιπατεῖν.</span> <span class='ocrx_word' id='word_1_208' title='bbox 1139 622 1205 650; x_wconf 74' lang='grc' dir='ltr'>Εἶτα</span> <span class='ocrx_word' id='word_1_209' title='bbox 1223 622 1269 648; x_wconf 73' lang='grc' dir='ltr'>καὶ</span> <span class='ocrx_word' id='word_1_210' title='bbox 1284 621 1405 648; x_wconf 77' lang='grc' dir='ltr'>ὲλεὸόλιν</span> <span class='ocrx_word' id='word_1_211' title='bbox 1422 619 1526 647; x_wconf 77' lang='grc' dir='ltr'>ἄνωθεν</span> <span class='ocrx_word' id='word_1_212' title='bbox 1537 617 1587 652; x_wconf 80' lang='grc' dir='ltr'>τῆς</span> <span class='ocrx_word' id='word_1_213' title='bbox 1610 615 1735 651; x_wconf 77' lang='grc' dir='ltr'>γεφύρας</span> 
     </span>
    </p>
   </div>
   <div class='ocr_carea' id='block_1_30' title="bbox 951 663 1735 707">
    <p class='ocr_par' dir='ltr' id='par_1_30' title="bbox 951 663 1735 707">
     <span class='ocr_line' id='line_1_30' title="bbox 951 663 1735 707; baseline -0.01 -9"><span class='ocrx_word' id='word_1_214' title='bbox 951 671 1052 707; x_wconf 84' lang='grc' dir='ltr'>βαλὼν,</span> <span class='ocrx_word' id='word_1_215' title='bbox 1082 671 1130 697; x_wconf 84' lang='grc' dir='ltr'>καὶ</span> <span class='ocrx_word' id='word_1_216' title='bbox 1157 671 1185 697; x_wconf 88' lang='grc' dir='ltr'>αἱ</span> <span class='ocrx_word' id='word_1_217' title='bbox 1211 670 1338 704; x_wconf 80' lang='grc' dir='ltr'>τριήρεις</span> <span class='ocrx_word' id='word_1_218' title='bbox 1368 667 1435 703; x_wconf 82' lang='grc' dir='ltr'>ὁμοῦ</span> <span class='ocrx_word' id='word_1_219' title='bbox 1452 666 1520 701; x_wconf 82' lang='grc' dir='ltr'>πρὸς</span> <span class='ocrx_word' id='word_1_220' title='bbox 1543 665 1577 691; x_wconf 74' lang='grc' dir='ltr'><strong>τὰ</strong></span> <span class='ocrx_word' id='word_1_221' title='bbox 1593 664 1670 698; x_wconf 79' lang='grc' dir='ltr'>τείχη</span> <span class='ocrx_word' id='word_1_222' title='bbox 1685 663 1735 696; x_wconf 84' lang='grc' dir='ltr'><strong>τῆ;</strong></span> 
     </span>
    </p>
   </div>
   <div class='ocr_carea' id='block_1_31' title="bbox 950 709 1735 749">
    <p class='ocr_par' dir='ltr' id='par_1_31' title="bbox 950 709 1735 749">
     <span class='ocr_line' id='line_1_31' title="bbox 950 709 1735 749; baseline -0.014 -4"><span class='ocrx_word' id='word_1_223' title='bbox 950 718 1054 749; x_wconf 81' lang='grc' dir='ltr'>πόλεως</span> <span class='ocrx_word' id='word_1_224' title='bbox 1071 718 1098 744; x_wconf 78' lang='grc' dir='ltr'>ὲν</span> <span class='ocrx_word' id='word_1_225' title='bbox 1110 717 1229 747; x_wconf 66' lang='grc' dir='ltr'>ἐκείνοις</span> <span class='ocrx_word' id='word_1_226' title='bbox 1247 716 1304 747; x_wconf 82' lang='grc' dir='ltr'>τοῖς</span> <span class='ocrx_word' id='word_1_227' title='bbox 1335 715 1448 749; x_wconf 89' lang='grc' dir='ltr'>μέρεσιν</span> <span class='ocrx_word' id='word_1_228' title='bbox 1463 712 1588 740; x_wconf 74' lang='grc' dir='ltr'>ἔτυπτον.</span> <span class='ocrx_word' id='word_1_229' title='bbox 1625 709 1735 740; x_wconf 75' lang='grc' dir='ltr'><strong>’ἰδόντες</strong></span> 
     </span>
    </p>
   </div>
   <div class='ocr_carea' id='block_1_32' title="bbox 950 754 1736 798">
    <p class='ocr_par' dir='ltr' id='par_1_32' title="bbox 950 754 1736 798">
     <span class='ocr_line' id='line_1_32' title="bbox 950 754 1736 798; baseline -0.014 -7"><span class='ocrx_word' id='word_1_230' title='bbox 950 764 979 791; x_wconf 75' lang='grc' dir='ltr'>δὲ</span> <span class='ocrx_word' id='word_1_231' title='bbox 996 763 1066 791; x_wconf 79' lang='grc' dir='ltr'>αὐτὰ</span> <span class='ocrx_word' id='word_1_232' title='bbox 1082 765 1096 790; x_wconf 83' lang='grc' dir='ltr'>ὀ</span> <span class='ocrx_word' id='word_1_233' title='bbox 1114 762 1240 798; x_wconf 82' lang='grc' dir='ltr'>βασιλεὺς</span> <span class='ocrx_word' id='word_1_234' title='bbox 1256 761 1304 788; x_wconf 76' lang='grc' dir='ltr'>καὶ</span> <span class='ocrx_word' id='word_1_235' title='bbox 1317 761 1393 787; x_wconf 80' lang='grc' dir='ltr'>πᾶσα</span> <span class='ocrx_word' id='word_1_236' title='bbox 1416 760 1433 794; x_wconf 86' lang='grc' dir='ltr'>ἡ</span> <span class='ocrx_word' id='word_1_237' title='bbox 1447 758 1525 790; x_wconf 79' lang='grc' dir='ltr'>πόλις</span> <span class='ocrx_word' id='word_1_238' title='bbox 1543 759 1583 788; x_wconf 82' lang='grc' dir='ltr'>εὶς</span> <span class='ocrx_word' id='word_1_239' title='bbox 1611 754 1736 791; x_wconf 77' lang='grc' dir='ltr'>ταραχὴν</span> 
     </span>
    </p>
   </div>
   <div class='ocr_carea' id='block_1_33' title="bbox 110 802 1734 845">
    <p class='ocr_par' dir='ltr' id='par_1_33' title="bbox 110 802 1734 845">
     <span class='ocr_line' id='line_1_33' title="bbox 110 802 1734 845; baseline -0.004 -11"><span class='ocrx_word' id='word_1_240' title='bbox 110 808 157 834; x_wconf 78' lang='grc' dir='ltr'>καὶ</span> <span class='ocrx_word' id='word_1_241' title='bbox 182 808 320 843; x_wconf 80' lang='grc' dir='ltr'>μηχανὰς,</span> <span class='ocrx_word' id='word_1_242' title='bbox 344 806 395 838; x_wconf 80' lang='grc' dir='ltr'><strong>τὰς</strong></span> <span class='ocrx_word' id='word_1_243' title='bbox 419 807 543 842; x_wconf 80' lang='grc' dir='ltr'>τριήρεις</span> <span class='ocrx_word' id='word_1_244' title='bbox 561 808 608 833; x_wconf 76' lang='grc' dir='ltr'>καὶ</span> <span class='ocrx_word' id='word_1_245' title='bbox 624 807 728 842; x_wconf 78' lang='grc' dir='ltr'>διήρεις</span> <span class='ocrx_word' id='word_1_246' title='bbox 744 808 772 833; x_wconf 81' lang='grc' dir='ltr'>ἑν</span> <span class='ocrx_word' id='word_1_247' title='bbox 785 807 896 842; x_wconf 76' lang='grc' dir='ltr'><strong>εὐκολίᾳ</strong></span> <span class='ocrx_word' id='word_1_248' title='bbox 913 804 933 833; x_wconf 83' lang='grc' dir='ltr'><strong>Β</strong></span> <span class='ocrx_word' id='word_1_249' title='bbox 948 810 1087 845; x_wconf 79' lang='grc' dir='ltr'>λογισμῶν</span> <span class='ocrx_word' id='word_1_250' title='bbox 1103 809 1230 844; x_wconf 78' lang='grc' dir='ltr'>μεγάλων</span> <span class='ocrx_word' id='word_1_251' title='bbox 1241 809 1370 835; x_wconf 69' lang='grc' dir='ltr'>ινέπεσον</span> <span class='ocrx_word' id='word_1_252' title='bbox 1384 815 1391 822; x_wconf 92' lang='grc'><strong>·</strong></span> <span class='ocrx_word' id='word_1_253' title='bbox 1404 806 1499 833; x_wconf 74' lang='grc' dir='ltr'>ἐδεδίει</span> <span class='ocrx_word' id='word_1_254' title='bbox 1512 805 1566 839; x_wconf 77' lang='grc' dir='ltr'><strong>γὰρ</strong></span> <span class='ocrx_word' id='word_1_255' title='bbox 1582 803 1596 829; x_wconf 83' lang='grc' dir='ltr'><strong><em>ὁ</em></strong></span> <span class='ocrx_word' id='word_1_256' title='bbox 1608 802 1734 837; x_wconf 71' lang='grc' dir='ltr'>βασιλεὺς</span> 
     </span>
    </p>
   </div>
   <div class='ocr_carea' id='block_1_34' title="bbox 111 852 898 888">
    <p class='ocr_par' dir='ltr' id='par_1_34' title="bbox 111 852 898 888">
     <span class='ocr_line' id='line_1_34' title="bbox 111 852 898 888; baseline -0.001 -8"><span class='ocrx_word' id='word_1_257' title='bbox 111 853 213 880; x_wconf 70' lang='grc' dir='ltr'><strong>ιὶνωθεν</strong></span> <span class='ocrx_word' id='word_1_258' title='bbox 232 855 260 880; x_wconf 85' lang='grc' dir='ltr'>ὲν</span> <span class='ocrx_word' id='word_1_259' title='bbox 276 853 314 888; x_wconf 83' lang='grc' dir='ltr'>τῷ</span> <span class='ocrx_word' id='word_1_260' title='bbox 329 853 404 888; x_wconf 81' lang='grc' dir='ltr'>λόφῳ</span> <span class='ocrx_word' id='word_1_261' title='bbox 420 852 508 888; x_wconf 85' lang='grc' dir='ltr'>σύρας</span> <span class='ocrx_word' id='word_1_262' title='bbox 524 852 579 879; x_wconf 73' lang='grc' dir='ltr'><strong>ἔσω</strong></span> <span class='ocrx_word' id='word_1_263' title='bbox 597 853 626 879; x_wconf 81' lang='grc' dir='ltr'>ἐν</span> <span class='ocrx_word' id='word_1_264' title='bbox 643 852 681 887; x_wconf 90' lang='grc' dir='ltr'>τῷ</span> <span class='ocrx_word' id='word_1_265' title='bbox 701 853 793 888; x_wconf 88' lang='grc' dir='ltr'>λιμένι</span> <span class='ocrx_word' id='word_1_266' title='bbox 814 861 898 879; x_wconf 79' lang='grc' dir='ltr'>κατα-</span> 
     </span>
    </p>
   </div>
   <div class='ocr_carea' id='block_1_35' title="bbox 111 897 887 935">
    <p class='ocr_par' dir='ltr' id='par_1_35' title="bbox 111 897 887 935">
     <span class='ocr_line' id='line_1_35' title="bbox 111 897 887 935; baseline -0.001 -9"><span class='ocrx_word' id='word_1_267' title='bbox 111 900 225 932; x_wconf 77' lang='grc' dir='ltr'>σιὸάσας</span> <span class='ocrx_word' id='word_1_268' title='bbox 241 899 340 935; x_wconf 69' lang='grc' dir='ltr'>ἔφερεν</span> <span class='ocrx_word' id='word_1_269' title='bbox 354 899 450 931; x_wconf 84' lang='grc' dir='ltr'>αὐτάς.</span> <span class='ocrx_word' id='word_1_270' title='bbox 475 899 528 925; x_wconf 73' lang='grc' dir='ltr'><strong>Καὶ</strong></span> <span class='ocrx_word' id='word_1_271' title='bbox 544 897 577 934; x_wconf 77' lang='grc' dir='ltr'>ἦν</span> <span class='ocrx_word' id='word_1_272' title='bbox 591 899 621 925; x_wconf 86' lang='grc' dir='ltr'>τὸ</span> <span class='ocrx_word' id='word_1_273' title='bbox 637 899 716 934; x_wconf 77' lang='grc' dir='ltr'>ἔργον</span> <span class='ocrx_word' id='word_1_274' title='bbox 727 899 887 933; x_wconf 73' lang='grc' dir='ltr'>Θαυμαστδν</span> 
     </span>
    </p>
   </div>
   <div class='ocr_carea' id='block_1_36' title="bbox 111 945 893 982">
    <p class='ocr_par' dir='ltr' id='par_1_36' title="bbox 111 945 893 982">
     <span class='ocr_line' id='line_1_36' title="bbox 111 945 893 982; baseline -0.003 -8"><span class='ocrx_word' id='word_1_275' title='bbox 111 948 157 974; x_wconf 74' lang='grc' dir='ltr'>καὶ</span> <span class='ocrx_word' id='word_1_276' title='bbox 173 946 330 982; x_wconf 80' lang='grc' dir='ltr'>ναυμαχίας</span> <span class='ocrx_word' id='word_1_277' title='bbox 345 945 530 980; x_wconf 76' lang='grc' dir='ltr'>στρατήγημα</span> <span class='ocrx_word' id='word_1_278' title='bbox 546 945 668 979; x_wconf 79' lang='grc' dir='ltr'>ἄριστον.</span> <span class='ocrx_word' id='word_1_279' title='bbox 693 945 764 979; x_wconf 87' lang='grc' dir='ltr'><strong>Ἐγὼ</strong></span> <span class='ocrx_word' id='word_1_280' title='bbox 779 945 807 972; x_wconf 73' lang='grc' dir='ltr'>δὲ</span> <span class='ocrx_word' id='word_1_281' title='bbox 819 945 893 980; x_wconf 87' lang='grc' dir='ltr'>λογί-</span> 
     </span>
    </p>
   </div>
   <div class='ocr_carea' id='block_1_37' title="bbox 110 991 898 1027">
    <p class='ocr_par' dir='ltr' id='par_1_37' title="bbox 110 991 898 1027">
     <span class='ocr_line' id='line_1_37' title="bbox 110 991 898 1027; baseline 0 -8"><span class='ocrx_word' id='word_1_282' title='bbox 110 993 206 1027; x_wconf 79' lang='grc' dir='ltr'>ζομαι,</span> <span class='ocrx_word' id='word_1_283' title='bbox 232 992 279 1018; x_wconf 77' lang='grc' dir='ltr'>τὸν</span> <span class='ocrx_word' id='word_1_284' title='bbox 306 991 434 1027; x_wconf 84' lang='grc' dir='ltr'>Καίσαρα</span> <span class='ocrx_word' id='word_1_285' title='bbox 468 991 624 1024; x_wconf 77' lang='grc' dir='ltr'>Αὔγουστον</span> <span class='ocrx_word' id='word_1_286' title='bbox 649 992 898 1026; x_wconf 70' lang='grc' dir='ltr'>ὲμιμήσατο,ῖιταν</span> 
     </span>
    </p>
   </div>
   <div class='ocr_carea' id='block_1_38' title="bbox 111 1031 898 1073">
    <p class='ocr_par' dir='ltr' id='par_1_38' title="bbox 111 1031 898 1073">
     <span class='ocr_line' id='line_1_38' title="bbox 111 1031 898 1073; baseline -0.001 -8"><span class='ocrx_word' id='word_1_287' title='bbox 111 1039 181 1073; x_wconf 78' lang='grc' dir='ltr'>μετὰ</span> <span class='ocrx_word' id='word_1_288' title='bbox 203 1037 251 1065; x_wconf 80' lang='grc' dir='ltr'>τοῦ</span> <span class='ocrx_word' id='word_1_289' title='bbox 271 1037 417 1065; x_wconf 74' lang='grc' dir='ltr'>’Λντωνίου</span> <span class='ocrx_word' id='word_1_290' title='bbox 442 1037 490 1065; x_wconf 74' lang='grc' dir='ltr'>καὶ</span> <span class='ocrx_word' id='word_1_291' title='bbox 517 1037 693 1072; x_wconf 79' lang='grc' dir='ltr'>Κλεοπάτρας</span> <span class='ocrx_word' id='word_1_292' title='bbox 716 1031 847 1072; x_wconf 76' lang='grc' dir='ltr'>ἐμάχετο,</span> <span class='ocrx_word' id='word_1_293' title='bbox 869 1037 898 1069; x_wconf 80' lang='grc' dir='ltr'>ὃς</span> 
     </span>
    </p>
   </div>
   <div class='ocr_carea' id='block_1_39' title="bbox 110 1078 898 1118">
    <p class='ocr_par' dir='ltr' id='par_1_39' title="bbox 110 1078 898 1118">
     <span class='ocr_line' id='line_1_39' title="bbox 110 1078 898 1118; baseline -0.001 -7"><span class='ocrx_word' id='word_1_294' title='bbox 110 1086 153 1112; x_wconf 66' lang='grc' dir='ltr'><strong>διὰ</strong></span> <span class='ocrx_word' id='word_1_295' title='bbox 175 1084 221 1111; x_wconf 79' lang='grc' dir='ltr'>τὸν</span> <span class='ocrx_word' id='word_1_296' title='bbox 250 1084 332 1111; x_wconf 81' lang='grc' dir='ltr'>σάλον</span> <span class='ocrx_word' id='word_1_297' title='bbox 361 1084 410 1118; x_wconf 81' lang='grc' dir='ltr'><strong>τῆς</strong></span> <span class='ocrx_word' id='word_1_298' title='bbox 443 1078 581 1117; x_wconf 74' lang='grc' dir='ltr'>θαλάσσης</span> <span class='ocrx_word' id='word_1_299' title='bbox 609 1083 735 1115; x_wconf 76' lang='grc' dir='ltr'>καὶτοὺς</span> <span class='ocrx_word' id='word_1_300' title='bbox 760 1084 898 1116; x_wconf 63' lang='grc' dir='ltr'>ἐναντίους</span> 
     </span>
    </p>
   </div>
   <div class='ocr_carea' id='block_1_40' title="bbox 112 1127 898 1165">
    <p class='ocr_par' dir='ltr' id='par_1_40' title="bbox 112 1127 898 1165">
     <span class='ocr_line' id='line_1_40' title="bbox 112 1127 898 1165; baseline -0.001 -9"><span class='ocrx_word' id='word_1_301' title='bbox 112 1130 231 1165; x_wconf 80' lang='grc' dir='ltr'>ἀνέμους</span> <span class='ocrx_word' id='word_1_302' title='bbox 258 1130 309 1156; x_wconf 73' lang='grc' dir='ltr'><strong>οὐκ</strong></span> <span class='ocrx_word' id='word_1_303' title='bbox 335 1129 452 1164; x_wconf 78' lang='grc' dir='ltr'>ἐδυνήθη</span> <span class='ocrx_word' id='word_1_304' title='bbox 481 1127 656 1164; x_wconf 73' lang='grc' dir='ltr'>περιοδεῦσαι</span> <span class='ocrx_word' id='word_1_305' title='bbox 681 1129 822 1156; x_wconf 74' lang='grc' dir='ltr'>κύκλωοεν</span> <span class='ocrx_word' id='word_1_306' title='bbox 847 1129 898 1162; x_wconf 76' lang='grc' dir='ltr'>τῆς</span> 
     </span>
    </p>
   </div>
   <div class='ocr_carea' id='block_1_41' title="bbox 111 1174 898 1212">
    <p class='ocr_par' dir='ltr' id='par_1_41' title="bbox 111 1174 898 1212">
     <span class='ocr_line' id='line_1_41' title="bbox 111 1174 898 1212; baseline -0.003 -9"><span class='ocrx_word' id='word_1_307' title='bbox 111 1179 196 1212; x_wconf 60' lang='grc' dir='ltr'>νήσου</span> <span class='ocrx_word' id='word_1_308' title='bbox 213 1175 262 1203; x_wconf 79' lang='grc' dir='ltr'>τοῦ</span> <span class='ocrx_word' id='word_1_309' title='bbox 279 1175 413 1207; x_wconf 78' lang='grc' dir='ltr'>Πέλοπος,</span> <span class='ocrx_word' id='word_1_310' title='bbox 427 1176 475 1202; x_wconf 73' lang='grc' dir='ltr'>καὶ</span> <span class='ocrx_word' id='word_1_311' title='bbox 489 1174 573 1202; x_wconf 70' lang='grc' dir='ltr'>ἐλθὼν</span> <span class='ocrx_word' id='word_1_312' title='bbox 587 1174 632 1201; x_wconf 74' lang='grc' dir='ltr'>διὰ</span> <span class='ocrx_word' id='word_1_313' title='bbox 649 1174 696 1201; x_wconf 86' lang='grc' dir='ltr'>τοῦ</span> <span class='ocrx_word' id='word_1_314' title='bbox 720 1174 829 1209; x_wconf 81' lang='grc' dir='ltr'><strong>’1σομοῦ</strong></span> <span class='ocrx_word' id='word_1_315' title='bbox 848 1175 898 1207; x_wconf 81' lang='grc' dir='ltr'><strong>τὰς</strong></span> 
     </span>
    </p>
   </div>
   <div class='ocr_carea' id='block_1_42' title="bbox 110 1220 898 1258">
    <p class='ocr_par' dir='ltr' id='par_1_42' title="bbox 110 1220 898 1258">
     <span class='ocr_line' id='line_1_42' title="bbox 110 1220 898 1258; baseline -0.001 -9"><span class='ocrx_word' id='word_1_316' title='bbox 110 1223 176 1258; x_wconf 77' lang='grc' dir='ltr'>νῆας</span> <span class='ocrx_word' id='word_1_317' title='bbox 193 1222 335 1257; x_wconf 36' lang='grc' dir='ltr'>σύραςιέτι</span> <span class='ocrx_word' id='word_1_318' title='bbox 358 1221 428 1256; x_wconf 78' lang='grc' dir='ltr'>πρὸς</span> <span class='ocrx_word' id='word_1_319' title='bbox 453 1220 525 1256; x_wconf 84' lang='grc' dir='ltr'>ἑῴαν</span> <span class='ocrx_word' id='word_1_320' title='bbox 541 1221 591 1256; x_wconf 85' lang='grc' dir='ltr'>τῆς</span> <span class='ocrx_word' id='word_1_321' title='bbox 614 1221 740 1252; x_wconf 82' lang='grc' dir='ltr'>Ἑλλάδος</span> <span class='ocrx_word' id='word_1_322' title='bbox 760 1221 898 1257; x_wconf 83' lang='grc' dir='ltr'>θαλάσσης</span> 
     </span>
    </p>
   </div>
   <div class='ocr_carea' id='block_1_43' title="bbox 110 1267 900 1305">
    <p class='ocr_par' dir='ltr' id='par_1_43' title="bbox 110 1267 900 1305">
     <span class='ocr_line' id='line_1_43' title="bbox 110 1267 900 1305; baseline -0.001 -9"><span class='ocrx_word' id='word_1_323' title='bbox 110 1270 217 1305; x_wconf 73' lang='grc' dir='ltr'>ταχέως</span> <span class='ocrx_word' id='word_1_324' title='bbox 238 1270 266 1295; x_wconf 81' lang='grc' dir='ltr'>ἐν</span> <span class='ocrx_word' id='word_1_325' title='bbox 281 1270 315 1305; x_wconf 79' lang='grc' dir='ltr'>τῇ</span> <span class='ocrx_word' id='word_1_326' title='bbox 342 1269 420 1304; x_wconf 81' lang='grc' dir='ltr'>Ἀσίᾳ</span> <span class='ocrx_word' id='word_1_327' title='bbox 432 1267 530 1300; x_wconf 75' lang='grc' dir='ltr'>ὁδεύει,</span> <span class='ocrx_word' id='word_1_328' title='bbox 550 1267 567 1303; x_wconf 86' lang='grc' dir='ltr'>ἢ</span> <span class='ocrx_word' id='word_1_329' title='bbox 585 1268 633 1294; x_wconf 79' lang='grc' dir='ltr'>καὶ</span> <span class='ocrx_word' id='word_1_330' title='bbox 655 1268 700 1295; x_wconf 71' lang='grc' dir='ltr'>τὸν</span> <span class='ocrx_word' id='word_1_331' title='bbox 710 1268 833 1303; x_wconf 84' lang='grc' dir='ltr'>Νικητᾶν</span> <span class='ocrx_word' id='word_1_332' title='bbox 847 1277 900 1295; x_wconf 91' lang='grc' dir='ltr'>πα-</span> 
     </span>
    </p>
   </div>
   <div class='ocr_carea' id='block_1_44' title="bbox 110 1314 898 1351">
    <p class='ocr_par' dir='ltr' id='par_1_44' title="bbox 110 1314 898 1351">
     <span class='ocr_line' id='line_1_44' title="bbox 110 1314 898 1351; baseline -0.003 -8"><span class='ocrx_word' id='word_1_333' title='bbox 110 1317 230 1351; x_wconf 64' lang='grc' dir='ltr'>τρίκιον,</span> <span class='ocrx_word' id='word_1_334' title='bbox 244 1316 308 1342; x_wconf 73' lang='grc' dir='ltr'>ἰταν</span> <span class='ocrx_word' id='word_1_335' title='bbox 325 1316 373 1342; x_wconf 76' lang='grc' dir='ltr'><strong>καὶ</strong></span> <span class='ocrx_word' id='word_1_336' title='bbox 395 1315 479 1346; x_wconf 73' lang='grc' dir='ltr'>αὐτὸς</span> <span class='ocrx_word' id='word_1_337' title='bbox 503 1316 536 1342; x_wconf 75' lang='grc' dir='ltr'>εκ</span> <span class='ocrx_word' id='word_1_338' title='bbox 547 1315 597 1349; x_wconf 84' lang='grc' dir='ltr'>τῆς</span> <span class='ocrx_word' id='word_1_339' title='bbox 618 1314 779 1350; x_wconf 83' lang='grc' dir='ltr'>Ἑλλαδικῆς</span> <span class='ocrx_word' id='word_1_340' title='bbox 796 1315 898 1341; x_wconf 82' lang='grc' dir='ltr'>θαλάσ-</span> 
     </span>
    </p>
   </div>
   <div class='ocr_carea' id='block_1_45' title="bbox 111 1360 899 1396">
    <p class='ocr_par' dir='ltr' id='par_1_45' title="bbox 111 1360 899 1396">
     <span class='ocr_line' id='line_1_45' title="bbox 111 1360 899 1396; baseline -0.001 -8"><span class='ocrx_word' id='word_1_341' title='bbox 111 1370 161 1396; x_wconf 84' lang='grc' dir='ltr'><strong>σης</strong></span> <span class='ocrx_word' id='word_1_342' title='bbox 174 1362 224 1392; x_wconf 77' lang='grc' dir='ltr'><strong>τὰς</strong></span> <span class='ocrx_word' id='word_1_343' title='bbox 242 1360 367 1396; x_wconf 84' lang='grc' dir='ltr'>τριήρεις</span> <span class='ocrx_word' id='word_1_344' title='bbox 382 1360 410 1386; x_wconf 85' lang='grc' dir='ltr'>ὲν</span> <span class='ocrx_word' id='word_1_345' title='bbox 425 1361 458 1395; x_wconf 83' lang='grc' dir='ltr'><strong>τῇ</strong></span> <span class='ocrx_word' id='word_1_346' title='bbox 477 1361 574 1394; x_wconf 85' lang='grc' dir='ltr'>δυτικῇ</span> <span class='ocrx_word' id='word_1_347' title='bbox 599 1362 725 1394; x_wconf 85' lang='grc' dir='ltr'>περάσας</span> <span class='ocrx_word' id='word_1_348' title='bbox 746 1361 810 1392; x_wconf 78' lang='grc' dir='ltr'>τοὺς</span> <span class='ocrx_word' id='word_1_349' title='bbox 824 1360 899 1395; x_wconf 83' lang='grc' dir='ltr'><strong>Κρῆ-</strong></span> 
     </span>
    </p>
   </div>
   <div class='ocr_carea' id='block_1_46' title="bbox 109 1405 747 1442">
    <p class='ocr_par' dir='ltr' id='par_1_46' title="bbox 109 1405 747 1442">
     <span class='ocr_line' id='line_1_46' title="bbox 109 1405 747 1442; baseline -0.002 -9"><span class='ocrx_word' id='word_1_350' title='bbox 109 1416 157 1439; x_wconf 63' lang='lat' dir='ltr'><strong>ra;</strong></span> <span class='ocrx_word' id='word_1_351' title='bbox 173 1409 201 1433; x_wconf 75' lang='grc' dir='ltr'>ὲν</span> <span class='ocrx_word' id='word_1_352' title='bbox 217 1408 250 1442; x_wconf 81' lang='grc' dir='ltr'><strong>τῇ</strong></span> <span class='ocrx_word' id='word_1_353' title='bbox 270 1405 388 1441; x_wconf 73' lang='grc' dir='ltr'>Μοθώνῃ</span> <span class='ocrx_word' id='word_1_354' title='bbox 412 1406 458 1432; x_wconf 74' lang='grc' dir='ltr'><strong>καὶ</strong></span> <span class='ocrx_word' id='word_1_355' title='bbox 472 1405 552 1440; x_wconf 86' lang='grc' dir='ltr'><strong>Πύλῳ</strong></span> <span class='ocrx_word' id='word_1_356' title='bbox 563 1405 747 1440; x_wconf 86' lang='grc' dir='ltr'>ὲτροπώσατο.</span> 
     </span>
    </p>
   </div>
   <div class='ocr_carea' id='block_1_47' title="bbox 146 1451 934 1502">
    <p class='ocr_par' dir='ltr' id='par_1_47' title="bbox 146 1451 934 1502">
     <span class='ocr_line' id='line_1_47' title="bbox 146 1451 934 1502; baseline -0.001 -22"><span class='ocrx_word' id='word_1_357' title='bbox 146 1454 247 1480; x_wconf 70' lang='grc' dir='ltr'>Λοιπδν</span> <span class='ocrx_word' id='word_1_358' title='bbox 280 1454 293 1480; x_wconf 82' lang='grc' dir='ltr'>ὁ</span> <span class='ocrx_word' id='word_1_359' title='bbox 316 1452 427 1502; x_wconf 54' lang='grc' dir='ltr'>ἀμηράς</span> <span class='ocrx_word' id='word_1_360' title='bbox 531 1452 658 1502; x_wconf 54' lang='grc' dir='ltr'>τριήρεις</span> <span class='ocrx_word' id='word_1_361' title='bbox 688 1452 775 1502; x_wconf 78' lang='grc' dir='ltr'>φέρας</span> <span class='ocrx_word' id='word_1_362' title='bbox 790 1453 819 1479; x_wconf 79' lang='grc' dir='ltr'>ὲν</span> <span class='ocrx_word' id='word_1_363' title='bbox 848 1454 934 1502; x_wconf 71' lang='grc' dir='ltr'><strong>μιᾷϐ</strong></span> 
     </span>
    </p>
   </div>
   <div class='ocr_carea' id='block_1_48' title="bbox 111 1495 899 1534">
    <p class='ocr_par' dir='ltr' id='par_1_48' title="bbox 111 1495 899 1534">
     <span class='ocr_line' id='line_1_48' title="bbox 111 1495 899 1534; baseline -0.003 -7"><span class='ocrx_word' id='word_1_364' title='bbox 111 1499 200 1533; x_wconf 72' lang='grc' dir='ltr'>νυκτὶ,</span> <span class='ocrx_word' id='word_1_365' title='bbox 214 1500 243 1526; x_wconf 74' lang='grc' dir='ltr'>ἒν</span> <span class='ocrx_word' id='word_1_366' title='bbox 256 1498 337 1534; x_wconf 74' lang='grc'><strong>252</strong></span> <span class='ocrx_word' id='word_1_367' title='bbox 353 1498 390 1533; x_wconf 89' lang='grc' dir='ltr'>τῷ</span> <span class='ocrx_word' id='word_1_368' title='bbox 405 1495 494 1534; x_wconf 85' lang='grc' dir='ltr'>λιμένί</span> <span class='ocrx_word' id='word_1_369' title='bbox 513 1497 551 1533; x_wconf 85' lang='grc' dir='ltr'>τῷ</span> <span class='ocrx_word' id='word_1_370' title='bbox 566 1497 638 1533; x_wconf 75' lang='grc' dir='ltr'>πρωῒ</span> <span class='ocrx_word' id='word_1_371' title='bbox 652 1497 818 1533; x_wconf 81' lang='grc' dir='ltr'>ηὑρέθησαν.</span> <span class='ocrx_word' id='word_1_372' title='bbox 833 1496 899 1525; x_wconf 78' lang='grc' dir='ltr'>Εἶτα</span> 
     </span>
    </p>
   </div>
   <div class='ocr_carea' id='block_1_49' title="bbox 111 1589 899 1624">
    <p class='ocr_par' dir='ltr' id='par_1_49' title="bbox 111 1589 899 1624">
     <span class='ocr_line' id='line_1_49' title="bbox 111 1589 899 1624; baseline -0.003 -4"><span class='ocrx_word' id='word_1_373' title='bbox 111 1591 264 1623; x_wconf 79' lang='lat' dir='ltr'><strong>concussis,</strong></span> <span class='ocrx_word' id='word_1_374' title='bbox 281 1589 364 1618; x_wconf 88' lang='lat' dir='ltr'><strong>fossis</strong></span> <span class='ocrx_word' id='word_1_375' title='bbox 379 1589 510 1624; x_wconf 86' lang='lat' dir='ltr'><strong>impletis,</strong></span> <span class='ocrx_word' id='word_1_376' title='bbox 536 1589 610 1616; x_wconf 88' lang='lat' dir='ltr'><strong>illico</strong></span> <span class='ocrx_word' id='word_1_377' title='bbox 635 1596 667 1617; x_wconf 90' lang='lat' dir='ltr'><strong>ea</strong></span> <span class='ocrx_word' id='word_1_378' title='bbox 686 1589 835 1618; x_wconf 84' lang='lat' dir='ltr'><strong>instaurata</strong></span> <span class='ocrx_word' id='word_1_379' title='bbox 857 1591 899 1618; x_wconf 90' lang='lat' dir='ltr'><strong>in-</strong></span> 
     </span>
    </p>
   </div>
   <div class='ocr_carea' id='block_1_50' title="bbox 113 1635 898 1671">
    <p class='ocr_par' dir='ltr' id='par_1_50' title="bbox 113 1635 898 1671">
     <span class='ocr_line' id='line_1_50' title="bbox 113 1635 898 1671; baseline -0.001 -6"><span class='ocrx_word' id='word_1_380' title='bbox 113 1638 195 1671; x_wconf 88' lang='lat' dir='ltr'><strong>venitl</strong></span> <span class='ocrx_word' id='word_1_381' title='bbox 214 1640 242 1664; x_wconf 88' lang='lat' dir='ltr'><strong>et</strong></span> <span class='ocrx_word' id='word_1_382' title='bbox 256 1641 366 1664; x_wconf 91' lang='lat' dir='ltr'><strong>centum</strong></span> <span class='ocrx_word' id='word_1_383' title='bbox 388 1640 414 1663; x_wconf 90' lang='lat' dir='ltr'><strong>et</strong></span> <span class='ocrx_word' id='word_1_384' title='bbox 429 1635 630 1671; x_wconf 78' lang='lat' dir='ltr'><strong>quinquaginta</strong></span> <span class='ocrx_word' id='word_1_385' title='bbox 659 1636 797 1670; x_wconf 85' lang='lat' dir='ltr'><strong>triremes,</strong></span> <span class='ocrx_word' id='word_1_386' title='bbox 825 1637 898 1664; x_wconf 84' lang='lat' dir='ltr'><strong>bire-</strong></span> 
     </span>
    </p>
   </div>
   <div class='ocr_carea' id='block_1_51' title="bbox 112 1681 895 1717">
    <p class='ocr_par' dir='ltr' id='par_1_51' title="bbox 112 1681 895 1717">
     <span class='ocr_line' id='line_1_51' title="bbox 112 1681 895 1717; baseline -0.003 -5"><span class='ocrx_word' id='word_1_387' title='bbox 112 1692 180 1716; x_wconf 89' lang='lat' dir='ltr'><strong>mes,</strong></span> <span class='ocrx_word' id='word_1_388' title='bbox 214 1683 353 1711; x_wconf 88' lang='lat' dir='ltr'><strong>uniremes</strong></span> <span class='ocrx_word' id='word_1_389' title='bbox 378 1689 474 1717; x_wconf 81' lang='lat' dir='ltr'><strong>capere</strong></span> <span class='ocrx_word' id='word_1_390' title='bbox 485 1689 541 1708; x_wconf 92' lang='lat' dir='ltr'><strong>non</strong></span> <span class='ocrx_word' id='word_1_391' title='bbox 568 1681 761 1716; x_wconf 84' lang='lat' dir='ltr'><strong>potuisseillas</strong></span> <span class='ocrx_word' id='word_1_392' title='bbox 775 1687 895 1717; x_wconf 88' lang='lat' dir='ltr'><strong>quatuor</strong></span> 
     </span>
    </p>
   </div>
   <div class='ocr_carea' id='block_1_52' title="bbox 115 1726 899 1762">
    <p class='ocr_par' dir='ltr' id='par_1_52' title="bbox 115 1726 899 1762">
     <span class='ocr_line' id='line_1_52' title="bbox 115 1726 899 1762; baseline -0.001 -6"><span class='ocrx_word' id='word_1_393' title='bbox 115 1736 210 1761; x_wconf 88' lang='lat' dir='ltr'><strong>naves,</strong></span> <span class='ocrx_word' id='word_1_394' title='bbox 224 1728 270 1756; x_wconf 91' lang='lat' dir='ltr'><strong>sed</strong></span> <span class='ocrx_word' id='word_1_395' title='bbox 293 1731 397 1755; x_wconf 84' lang='lat' dir='ltr'><strong>tantam</strong></span> <span class='ocrx_word' id='word_1_396' title='bbox 424 1726 507 1753; x_wconf 87' lang='lat' dir='ltr'><strong>abiis</strong></span> <span class='ocrx_word' id='word_1_397' title='bbox 535 1726 639 1754; x_wconf 85' lang='lat' dir='ltr'><strong>cladem</strong></span> <span class='ocrx_word' id='word_1_398' title='bbox 664 1734 807 1762; x_wconf 84' lang='lat' dir='ltr'><strong>perpessas</strong></span> <span class='ocrx_word' id='word_1_399' title='bbox 840 1735 899 1755; x_wconf 86' lang='lat' dir='ltr'><strong>esse</strong></span> 
     </span>
    </p>
   </div>
   <div class='ocr_carea' id='block_1_53' title="bbox 116 1773 898 1808">
    <p class='ocr_par' dir='ltr' id='par_1_53' title="bbox 116 1773 898 1808">
     <span class='ocr_line' id='line_1_53' title="bbox 116 1773 898 1808; baseline -0.004 -5"><span class='ocrx_word' id='word_1_400' title='bbox 116 1776 283 1804; x_wconf 84' lang='lat' dir='ltr'><strong>considerat.</strong></span> <span class='ocrx_word' id='word_1_401' title='bbox 300 1774 396 1802; x_wconf 88' lang='lat' dir='ltr'><strong>Trahit</strong></span> <span class='ocrx_word' id='word_1_402' title='bbox 409 1781 442 1801; x_wconf 78' lang='lat' dir='ltr'><strong>ex</strong></span> <span class='ocrx_word' id='word_1_403' title='bbox 455 1773 510 1800; x_wconf 92' lang='lat' dir='ltr'><strong>imo</strong></span> <span class='ocrx_word' id='word_1_404' title='bbox 533 1778 643 1808; x_wconf 85' lang='lat' dir='ltr'><strong>pectore</strong></span> <span class='ocrx_word' id='word_1_405' title='bbox 654 1774 795 1808; x_wconf 77' lang='lat' dir='ltr'><strong>gemitum,</strong></span> <span class='ocrx_word' id='word_1_406' title='bbox 812 1777 839 1801; x_wconf 91' lang='lat' dir='ltr'><strong>et</strong></span> <span class='ocrx_word' id='word_1_407' title='bbox 854 1773 898 1801; x_wconf 88' lang='lat' dir='ltr'><strong>fu-</strong></span> 
     </span>
    </p>
   </div>
   <div class='ocr_carea' id='block_1_54' title="bbox 113 1819 896 1855">
    <p class='ocr_par' dir='ltr' id='par_1_54' title="bbox 113 1819 896 1855">
     <span class='ocr_line' id='line_1_54' title="bbox 113 1819 896 1855; baseline -0.004 -5"><span class='ocrx_word' id='word_1_408' title='bbox 113 1827 168 1850; x_wconf 80' lang='lat' dir='ltr'><strong>mat</strong></span> <span class='ocrx_word' id='word_1_409' title='bbox 183 1829 229 1849; x_wconf 91' lang='lat' dir='ltr'><strong>ore</strong></span> <span class='ocrx_word' id='word_1_410' title='bbox 241 1842 249 1855; x_wconf 95' lang='lat'><strong>,</strong></span> <span class='ocrx_word' id='word_1_411' title='bbox 267 1829 300 1849; x_wconf 90' lang='lat' dir='ltr'><strong>ac</strong></span> <span class='ocrx_word' id='word_1_412' title='bbox 313 1820 507 1852; x_wconf 79' lang='lat' dir='ltr'><strong>meditabatur,</strong></span> <span class='ocrx_word' id='word_1_413' title='bbox 520 1819 587 1855; x_wconf 90' lang='lat' dir='ltr'><strong>quid</strong></span> <span class='ocrx_word' id='word_1_414' title='bbox 614 1820 686 1848; x_wconf 87' lang='lat' dir='ltr'><strong>facto</strong></span> <span class='ocrx_word' id='word_1_415' title='bbox 707 1827 778 1855; x_wconf 86' lang='lat' dir='ltr'><strong>opus</strong></span> <span class='ocrx_word' id='word_1_416' title='bbox 812 1824 896 1852; x_wconf 84' lang='lat' dir='ltr'><strong>esset,</strong></span> 
     </span>
    </p>
   </div>
   <div class='ocr_carea' id='block_1_55' title="bbox 112 1867 899 1902">
    <p class='ocr_par' dir='ltr' id='par_1_55' title="bbox 112 1867 899 1902">
     <span class='ocr_line' id='line_1_55' title="bbox 112 1867 899 1902; baseline -0.004 -6"><span class='ocrx_word' id='word_1_417' title='bbox 112 1873 140 1896; x_wconf 91' lang='lat' dir='ltr'><strong>ut</strong></span> <span class='ocrx_word' id='word_1_418' title='bbox 155 1868 250 1896; x_wconf 87' lang='lat' dir='ltr'><strong>urbem</strong></span> <span class='ocrx_word' id='word_1_419' title='bbox 267 1867 379 1902; x_wconf 73' lang='lat' dir='ltr'><strong>gravius</strong></span> <span class='ocrx_word' id='word_1_420' title='bbox 396 1871 507 1901; x_wconf 72' lang='lat' dir='ltr'><strong>urgeret</strong></span> <span class='ocrx_word' id='word_1_421' title='bbox 518 1870 544 1893; x_wconf 92' lang='lat' dir='ltr'><strong>et</strong></span> <span class='ocrx_word' id='word_1_422' title='bbox 573 1870 711 1901; x_wconf 83' lang='lat' dir='ltr'><strong>premeret</strong></span> <span class='ocrx_word' id='word_1_423' title='bbox 725 1873 758 1894; x_wconf 87' lang='lat' dir='ltr'><strong>ac</strong></span> <span class='ocrx_word' id='word_1_424' title='bbox 782 1870 854 1893; x_wconf 88' lang='lat' dir='ltr'><strong>terra</strong></span> <span class='ocrx_word' id='word_1_425' title='bbox 871 1870 899 1893; x_wconf 88' lang='lat' dir='ltr'><strong>et</strong></span> 
     </span>
    </p>
   </div>
   <div class='ocr_carea' id='block_1_56' title="bbox 113 1912 897 1949">
    <p class='ocr_par' dir='ltr' id='par_1_56' title="bbox 113 1912 897 1949">
     <span class='ocr_line' id='line_1_56' title="bbox 113 1912 897 1949; baseline -0.003 -7"><span class='ocrx_word' id='word_1_426' title='bbox 113 1915 182 1942; x_wconf 87' lang='lat' dir='ltr'><strong>mari</strong></span> <span class='ocrx_word' id='word_1_427' title='bbox 197 1913 347 1941; x_wconf 80' lang='lat' dir='ltr'><strong>obsideret.</strong></span> <span class='ocrx_word' id='word_1_428' title='bbox 362 1912 455 1940; x_wconf 84' lang='lat' dir='ltr'><strong>Talem</strong></span> <span class='ocrx_word' id='word_1_429' title='bbox 473 1913 556 1948; x_wconf 79' lang='lat' dir='ltr'><strong>igitur</strong></span> <span class='ocrx_word' id='word_1_430' title='bbox 573 1913 707 1941; x_wconf 82' lang='lat' dir='ltr'><strong>rationem</strong></span> <span class='ocrx_word' id='word_1_431' title='bbox 722 1913 897 1949; x_wconf 73' lang='lat' dir='ltr'><strong>excogitavit,</strong></span> 
     </span>
    </p>
   </div>
   <div class='ocr_carea' id='block_1_57' title="bbox 111 1958 897 1996">
    <p class='ocr_par' dir='ltr' id='par_1_57' title="bbox 111 1958 897 1996">
     <span class='ocr_line' id='line_1_57' title="bbox 111 1958 897 1996; baseline -0.001 -9"><span class='ocrx_word' id='word_1_432' title='bbox 111 1968 165 1996; x_wconf 87' lang='lat' dir='ltr'><strong>qua</strong></span> <span class='ocrx_word' id='word_1_433' title='bbox 183 1964 289 1995; x_wconf 87' lang='lat' dir='ltr'><strong>partem</strong></span> <span class='ocrx_word' id='word_1_434' title='bbox 307 1959 407 1986; x_wconf 82' lang='lat' dir='ltr'><strong>classis</strong></span> <span class='ocrx_word' id='word_1_435' title='bbox 434 1958 461 1985; x_wconf 91' lang='lat' dir='ltr'><strong>in</strong></span> <span class='ocrx_word' id='word_1_436' title='bbox 492 1962 600 1993; x_wconf 88' lang='lat' dir='ltr'><strong>portum</strong></span> <span class='ocrx_word' id='word_1_437' title='bbox 629 1958 766 1993; x_wconf 89' lang='lat' dir='ltr'><strong>trajiceret</strong></span> <span class='ocrx_word' id='word_1_438' title='bbox 784 1968 792 1986; x_wconf 85' lang='lat'>:</span> <span class='ocrx_word' id='word_1_439' title='bbox 814 1967 897 1994; x_wconf 85' lang='lat' dir='ltr'><strong>quam</strong></span> 
     </span>
    </p>
   </div>
   <div class='ocr_carea' id='block_1_58' title="bbox 114 2004 898 2040">
    <p class='ocr_par' dir='ltr' id='par_1_58' title="bbox 114 2004 898 2040">
     <span class='ocr_line' id='line_1_58' title="bbox 114 2004 898 2040; baseline 0.001 -8"><span class='ocrx_word' id='word_1_440' title='bbox 114 2007 244 2034; x_wconf 76' lang='lat' dir='ltr'><strong>rationem</strong></span> <span class='ocrx_word' id='word_1_441' title='bbox 273 2006 365 2034; x_wconf 81' lang='lat' dir='ltr'><strong>statim</strong></span> <span class='ocrx_word' id='word_1_442' title='bbox 396 2004 467 2032; x_wconf 81' lang='lat' dir='ltr'><strong>facto</strong></span> <span class='ocrx_word' id='word_1_443' title='bbox 482 2004 619 2039; x_wconf 88' lang='lat' dir='ltr'><strong>probavit.</strong></span> <span class='ocrx_word' id='word_1_444' title='bbox 643 2005 666 2031; x_wconf 76' lang='grc' dir='ltr'><strong>Δ</strong></span> <span class='ocrx_word' id='word_1_445' title='bbox 695 2011 771 2040; x_wconf 82' lang='lat' dir='ltr'><strong>tergo</strong></span> <span class='ocrx_word' id='word_1_446' title='bbox 796 2005 898 2033; x_wconf 60' lang='lat' dir='ltr'><strong>Galam</strong></span> 
     </span>
    </p>
   </div>
   <div class='ocr_carea' id='block_1_59' title="bbox 113 2051 899 2086">
    <p class='ocr_par' dir='ltr' id='par_1_59' title="bbox 113 2051 899 2086">
     <span class='ocr_line' id='line_1_59' title="bbox 113 2051 899 2086; baseline -0.001 -6"><span class='ocrx_word' id='word_1_447' title='bbox 113 2060 188 2081; x_wconf 82' lang='lat' dir='ltr'><strong>trans</strong></span> <span class='ocrx_word' id='word_1_448' title='bbox 201 2053 298 2080; x_wconf 86' lang='lat' dir='ltr'><strong>collem</strong></span> <span class='ocrx_word' id='word_1_449' title='bbox 315 2052 388 2079; x_wconf 88' lang='lat' dir='ltr'><strong>viam</strong></span> <span class='ocrx_word' id='word_1_450' title='bbox 403 2055 505 2078; x_wconf 89' lang='lat' dir='ltr'><strong>rectam</strong></span> <span class='ocrx_word' id='word_1_451' title='bbox 519 2051 551 2078; x_wconf 81' lang='lat' dir='ltr'><strong>ad</strong></span> <span class='ocrx_word' id='word_1_452' title='bbox 567 2056 676 2086; x_wconf 86' lang='lat' dir='ltr'><strong>portum</strong></span> <span class='ocrx_word' id='word_1_453' title='bbox 703 2059 789 2086; x_wconf 90' lang='lat' dir='ltr'><strong>usque</strong></span> <span class='ocrx_word' id='word_1_454' title='bbox 817 2052 899 2086; x_wconf 88' lang='lat' dir='ltr'><strong>perti-</strong></span> 
     </span>
    </p>
   </div>
   <div class='ocr_carea' id='block_1_60' title="bbox 112 2097 897 2132">
    <p class='ocr_par' dir='ltr' id='par_1_60' title="bbox 112 2097 897 2132">
     <span class='ocr_line' id='line_1_60' title="bbox 112 2097 897 2132; baseline -0.003 -5"><span class='ocrx_word' id='word_1_455' title='bbox 112 2106 221 2128; x_wconf 77' lang='lat' dir='ltr'><strong>nentem</strong></span> <span class='ocrx_word' id='word_1_456' title='bbox 242 2098 317 2130; x_wconf 82' lang='lat' dir='ltr'><strong>facit,</strong></span> <span class='ocrx_word' id='word_1_457' title='bbox 342 2103 481 2132; x_wconf 85' lang='lat' dir='ltr'><strong>totamque</strong></span> <span class='ocrx_word' id='word_1_458' title='bbox 494 2097 604 2126; x_wconf 86' lang='lat' dir='ltr'><strong>assibus</strong></span> <span class='ocrx_word' id='word_1_459' title='bbox 619 2097 799 2132; x_wconf 85' lang='lat' dir='ltr'><strong>trabibusque</strong></span> <span class='ocrx_word' id='word_1_460' title='bbox 825 2102 897 2125; x_wconf 86' lang='lat' dir='ltr'><strong>ster-</strong></span> 
     </span>
    </p>
   </div>
   <div class='ocr_carea' id='block_1_61' title="bbox 948 847 1733 891">
    <p class='ocr_par' dir='ltr' id='par_1_61' title="bbox 948 847 1733 891">
     <span class='ocr_line' id='line_1_61' title="bbox 948 847 1733 891; baseline -0.014 -7"><span class='ocrx_word' id='word_1_461' title='bbox 948 857 992 884; x_wconf 71' lang='grc' dir='ltr'><strong>διὰ</strong></span> <span class='ocrx_word' id='word_1_462' title='bbox 1009 858 1059 891; x_wconf 84' lang='grc' dir='ltr'>τὴν</span> <span class='ocrx_word' id='word_1_463' title='bbox 1081 851 1225 890; x_wconf 78' lang='grc' dir='ltr'>ὀλιγότητα</span> <span class='ocrx_word' id='word_1_464' title='bbox 1238 854 1328 890; x_wconf 83' lang='grc' dir='ltr'>ἡμῶν.</span> <span class='ocrx_word' id='word_1_465' title='bbox 1358 853 1413 880; x_wconf 77' lang='grc' dir='ltr'><strong>Καὶ</strong></span> <span class='ocrx_word' id='word_1_466' title='bbox 1444 852 1542 887; x_wconf 76' lang='grc' dir='ltr'>βουλῆς</span> <span class='ocrx_word' id='word_1_467' title='bbox 1571 847 1733 884; x_wconf 73' lang='grc' dir='ltr'>γενομένης,</span> 
     </span>
    </p>
   </div>
   <div class='ocr_carea' id='block_1_62' title="bbox 949 895 1734 937">
    <p class='ocr_par' dir='ltr' id='par_1_62' title="bbox 949 895 1734 937">
     <span class='ocr_line' id='line_1_62' title="bbox 949 895 1734 937; baseline -0.014 -6"><span class='ocrx_word' id='word_1_468' title='bbox 949 904 993 931; x_wconf 77' lang='grc' dir='ltr'>ῐνα</span> <span class='ocrx_word' id='word_1_469' title='bbox 1007 904 1031 930; x_wconf 74' lang='grc' dir='ltr'>οἱ</span> <span class='ocrx_word' id='word_1_470' title='bbox 1047 902 1196 937; x_wconf 75' lang='grc' dir='ltr'>στρατηγοὶ</span> <span class='ocrx_word' id='word_1_471' title='bbox 1210 902 1257 927; x_wconf 77' lang='grc' dir='ltr'>καὶ</span> <span class='ocrx_word' id='word_1_472' title='bbox 1272 901 1297 927; x_wconf 90' lang='grc' dir='ltr'><strong>οῑ</strong></span> <span class='ocrx_word' id='word_1_473' title='bbox 1310 900 1446 934; x_wconf 81' lang='grc' dir='ltr'>δήμαρχοι</span> <span class='ocrx_word' id='word_1_474' title='bbox 1458 898 1506 925; x_wconf 77' lang='grc' dir='ltr'>καὶ</span> <span class='ocrx_word' id='word_1_475' title='bbox 1528 897 1553 923; x_wconf 81' lang='grc' dir='ltr'>οι</span> <span class='ocrx_word' id='word_1_476' title='bbox 1568 896 1660 931; x_wconf 72' lang='grc' dir='ltr'>ἕτεροι</span> <span class='ocrx_word' id='word_1_477' title='bbox 1673 895 1734 929; x_wconf 81' lang='grc' dir='ltr'>ἄρι-</span> 
     </span>
    </p>
   </div>
   <div class='ocr_carea' id='block_1_63' title="bbox 950 941 1735 984">
    <p class='ocr_par' dir='ltr' id='par_1_63' title="bbox 950 941 1735 984">
     <span class='ocr_line' id='line_1_63' title="bbox 950 941 1735 984; baseline -0.014 -7"><span class='ocrx_word' id='word_1_478' title='bbox 950 959 1007 977; x_wconf 87' lang='grc' dir='ltr'>στοι</span> <span class='ocrx_word' id='word_1_479' title='bbox 1022 949 1119 984; x_wconf 74' lang='grc' dir='ltr'>ἄνδρες</span> <span class='ocrx_word' id='word_1_480' title='bbox 1142 947 1237 974; x_wconf 81' lang='grc' dir='ltr'>Ἰταλοί</span> <span class='ocrx_word' id='word_1_481' title='bbox 1252 955 1282 973; x_wconf 87' lang='grc' dir='ltr'><strong>τε</strong></span> <span class='ocrx_word' id='word_1_482' title='bbox 1312 946 1360 972; x_wconf 80' lang='grc' dir='ltr'>καὶ</span> <span class='ocrx_word' id='word_1_483' title='bbox 1379 945 1518 980; x_wconf 80' lang='grc' dir='ltr'>Ῥωμαῖοι,</span> <span class='ocrx_word' id='word_1_484' title='bbox 1551 942 1636 976; x_wconf 73' lang='grc' dir='ltr'>ὀλίγοι</span> <span class='ocrx_word' id='word_1_485' title='bbox 1662 941 1735 967; x_wconf 80' lang='grc' dir='ltr'>πάνυ</span> 
     </span>
    </p>
   </div>
   <div class='ocr_carea' id='block_1_64' title="bbox 949 987 1734 1031">
    <p class='ocr_par' dir='ltr' id='par_1_64' title="bbox 949 987 1734 1031">
     <span class='ocr_line' id='line_1_64' title="bbox 949 987 1734 1031; baseline -0.013 -8"><span class='ocrx_word' id='word_1_486' title='bbox 949 996 1118 1031; x_wconf 77' lang='grc' dir='ltr'>εὑρεθέντες,</span> <span class='ocrx_word' id='word_1_487' title='bbox 1135 995 1204 1022; x_wconf 80' lang='grc' dir='ltr'>ὅπου</span> <span class='ocrx_word' id='word_1_488' title='bbox 1228 994 1250 1021; x_wconf 86' lang='grc' dir='ltr'>δ’</span> <span class='ocrx_word' id='word_1_489' title='bbox 1278 993 1312 1020; x_wconf 82' lang='grc' dir='ltr'>ἂν</span> <span class='ocrx_word' id='word_1_490' title='bbox 1326 992 1424 1019; x_wconf 81' lang='grc' dir='ltr'>νεωστὶ</span> <span class='ocrx_word' id='word_1_491' title='bbox 1452 988 1672 1025; x_wconf 75' lang='grc' dir='ltr'>προσταχθῶσιν,</span> <span class='ocrx_word' id='word_1_492' title='bbox 1706 987 1734 1013; x_wconf 85' lang='grc' dir='ltr'>ὲν</span> 
     </span>
    </p>
   </div>
   <div class='ocr_carea' id='block_1_65' title="bbox 949 1033 1734 1072">
    <p class='ocr_par' dir='ltr' id='par_1_65' title="bbox 949 1033 1734 1072">
     <span class='ocr_line' id='line_1_65' title="bbox 949 1033 1734 1072; baseline -0.011 -5"><span class='ocrx_word' id='word_1_493' title='bbox 949 1041 1064 1072; x_wconf 76' lang='grc' dir='ltr'>ἐκείνοις</span> <span class='ocrx_word' id='word_1_494' title='bbox 1084 1041 1141 1071; x_wconf 86' lang='grc' dir='ltr'>τοῖς</span> <span class='ocrx_word' id='word_1_495' title='bbox 1159 1040 1253 1070; x_wconf 82' lang='grc' dir='ltr'>τόποις</span> <span class='ocrx_word' id='word_1_496' title='bbox 1279 1039 1395 1069; x_wconf 74' lang='grc' dir='ltr'>ἕκαστος</span> <span class='ocrx_word' id='word_1_497' title='bbox 1422 1036 1512 1064; x_wconf 83' lang='grc' dir='ltr'>αὐτῶν</span> <span class='ocrx_word' id='word_1_498' title='bbox 1542 1034 1647 1069; x_wconf 71' lang='grc' dir='ltr'>ἀπέλθῃ</span> <span class='ocrx_word' id='word_1_499' title='bbox 1670 1033 1734 1064; x_wconf 76' lang='grc' dir='ltr'>τοὺς</span> 
     </span>
    </p>
   </div>
   <div class='ocr_carea' id='block_1_66' title="bbox 948 1079 1733 1123">
    <p class='ocr_par' dir='ltr' id='par_1_66' title="bbox 948 1079 1733 1123">
     <span class='ocr_line' id='line_1_66' title="bbox 948 1079 1733 1123; baseline -0.01 -9"><span class='ocrx_word' id='word_1_500' title='bbox 948 1089 1057 1123; x_wconf 84' lang='grc' dir='ltr'>τείχους</span> <span class='ocrx_word' id='word_1_501' title='bbox 1083 1086 1230 1121; x_wconf 78' lang='grc' dir='ltr'>φυλάττειν</span> <span class='ocrx_word' id='word_1_502' title='bbox 1255 1085 1302 1112; x_wconf 82' lang='grc' dir='ltr'>καὶ</span> <span class='ocrx_word' id='word_1_503' title='bbox 1320 1085 1377 1116; x_wconf 82' lang='grc' dir='ltr'>τοῖς</span> <span class='ocrx_word' id='word_1_504' title='bbox 1393 1083 1498 1119; x_wconf 77' lang='grc' dir='ltr'>ἐχθροῖς</span> <span class='ocrx_word' id='word_1_505' title='bbox 1520 1079 1733 1116; x_wconf 72' lang='grc' dir='ltr'>άντιμάχεσῢαι.</span> 
     </span>
    </p>
   </div>
   <div class='ocr_carea' id='block_1_67' title="bbox 949 1125 1735 1170">
    <p class='ocr_par' dir='ltr' id='par_1_67' title="bbox 949 1125 1735 1170">
     <span class='ocr_line' id='line_1_67' title="bbox 949 1125 1735 1170; baseline -0.013 -9"><span class='ocrx_word' id='word_1_506' title='bbox 949 1135 1003 1161; x_wconf 73' lang='grc' dir='ltr'>Καὶ</span> <span class='ocrx_word' id='word_1_507' title='bbox 1015 1134 1124 1170; x_wconf 84' lang='grc' dir='ltr'>πρῶτον</span> <span class='ocrx_word' id='word_1_508' title='bbox 1141 1141 1191 1168; x_wconf 83' lang='grc' dir='ltr'><strong>μεν</strong></span> <span class='ocrx_word' id='word_1_509' title='bbox 1204 1132 1243 1167; x_wconf 82' lang='grc' dir='ltr'>τῷ</span> <span class='ocrx_word' id='word_1_510' title='bbox 1263 1132 1312 1166; x_wconf 79' lang='grc' dir='ltr'>τῆς</span> <span class='ocrx_word' id='word_1_511' title='bbox 1331 1130 1455 1160; x_wconf 81' lang='grc' dir='ltr'>Ἐνετίας</span> <span class='ocrx_word' id='word_1_512' title='bbox 1479 1128 1589 1164; x_wconf 80' lang='grc' dir='ltr'>μπαῖλῳ</span> <span class='ocrx_word' id='word_1_513' title='bbox 1611 1125 1735 1161; x_wconf 72' lang='grc' dir='ltr'>Ίερῳνιὶ-</span> 
     </span>
    </p>
   </div>
   <div class='ocr_carea' id='block_1_68' title="bbox 951 1172 1735 1216">
    <p class='ocr_par' dir='ltr' id='par_1_68' title="bbox 951 1172 1735 1216">
     <span class='ocr_line' id='line_1_68' title="bbox 951 1172 1735 1216; baseline -0.014 -8"><span class='ocrx_word' id='word_1_514' title='bbox 951 1189 993 1216; x_wconf 87' lang='grc' dir='ltr'>μῳ</span> <span class='ocrx_word' id='word_1_515' title='bbox 1006 1181 1123 1216; x_wconf 79' lang='grc' dir='ltr'>Μηνότῳ</span> <span class='ocrx_word' id='word_1_516' title='bbox 1142 1177 1345 1213; x_wconf 82' lang='grc' dir='ltr'>ὲνεμπιστεύθη</span> <span class='ocrx_word' id='word_1_517' title='bbox 1357 1176 1504 1212; x_wconf 82' lang='grc' dir='ltr'>φυλάττειν</span> <span class='ocrx_word' id='word_1_518' title='bbox 1518 1175 1566 1202; x_wconf 82' lang='grc' dir='ltr'>καὶ</span> <span class='ocrx_word' id='word_1_519' title='bbox 1582 1172 1735 1207; x_wconf 78' lang='grc' dir='ltr'>οἰκονομεῖν</span> 
     </span>
    </p>
   </div>
   <div class='ocr_carea' id='block_1_69' title="bbox 949 1219 1734 1261">
    <p class='ocr_par' dir='ltr' id='par_1_69' title="bbox 949 1219 1734 1261">
     <span class='ocr_line' id='line_1_69' title="bbox 949 1219 1734 1261; baseline -0.014 -7"><span class='ocrx_word' id='word_1_520' title='bbox 949 1227 982 1254; x_wconf 72' lang='grc' dir='ltr'><strong>τὰ</strong></span> <span class='ocrx_word' id='word_1_521' title='bbox 1002 1226 1141 1261; x_wconf 81' lang='grc' dir='ltr'>ἀνάκτορα</span> <span class='ocrx_word' id='word_1_522' title='bbox 1153 1225 1201 1252; x_wconf 80' lang='grc' dir='ltr'>καὶ</span> <span class='ocrx_word' id='word_1_523' title='bbox 1219 1225 1309 1251; x_wconf 85' lang='grc' dir='ltr'>πάντα</span> <span class='ocrx_word' id='word_1_524' title='bbox 1325 1223 1360 1250; x_wconf 81' lang='grc' dir='ltr'><strong>τὰ</strong></span> <span class='ocrx_word' id='word_1_525' title='bbox 1376 1223 1466 1249; x_wconf 74' lang='grc' dir='ltr'>ἐκεῖσε</span> <span class='ocrx_word' id='word_1_526' title='bbox 1482 1228 1489 1236; x_wconf 86' lang='lat'>&#39;</span> <span class='ocrx_word' id='word_1_527' title='bbox 1506 1221 1545 1256; x_wconf 83' lang='grc' dir='ltr'>τῷ</span> <span class='ocrx_word' id='word_1_528' title='bbox 1557 1220 1587 1247; x_wconf 72' lang='grc' dir='ltr'>δὶ</span> <span class='ocrx_word' id='word_1_529' title='bbox 1605 1219 1660 1245; x_wconf 81' lang='grc' dir='ltr'><strong>τῶν</strong></span> <span class='ocrx_word' id='word_1_530' title='bbox 1674 1219 1734 1244; x_wconf 81' lang='grc' dir='ltr'><strong>Κα-</strong></span> 
     </span>
    </p>
   </div>
   <div class='ocr_carea' id='block_1_70' title="bbox 949 1266 1735 1305">
    <p class='ocr_par' dir='ltr' id='par_1_70' title="bbox 949 1266 1735 1305">
     <span class='ocr_line' id='line_1_70' title="bbox 949 1266 1735 1305; baseline -0.008 -6"><span class='ocrx_word' id='word_1_531' title='bbox 949 1272 1072 1300; x_wconf 80' lang='grc' dir='ltr'>ταλάνων</span> <span class='ocrx_word' id='word_1_532' title='bbox 1095 1270 1231 1305; x_wconf 87' lang='grc' dir='ltr'>κονσούλῳ</span> <span class='ocrx_word' id='word_1_533' title='bbox 1243 1271 1341 1305; x_wconf 75' lang='grc' dir='ltr'>Πέτρῳ</span> <span class='ocrx_word' id='word_1_534' title='bbox 1356 1269 1436 1304; x_wconf 70' lang='grc'><strong>253</strong></span> <span class='ocrx_word' id='word_1_535' title='bbox 1449 1268 1586 1303; x_wconf 83' lang='grc' dir='ltr'>Γουλιάνῳ</span> <span class='ocrx_word' id='word_1_536' title='bbox 1595 1267 1675 1301; x_wconf 70' lang='grc' dir='ltr'>ἐδόθη</span> <span class='ocrx_word' id='word_1_537' title='bbox 1690 1266 1735 1293; x_wconf 75' lang='grc' dir='ltr'>ἵνα</span> 
     </span>
    </p>
   </div>
   <div class='ocr_carea' id='block_1_71' title="bbox 950 1314 1734 1355">
    <p class='ocr_par' dir='ltr' id='par_1_71' title="bbox 950 1314 1734 1355">
     <span class='ocr_line' id='line_1_71' title="bbox 950 1314 1734 1355; baseline -0.008 -9"><span class='ocrx_word' id='word_1_538' title='bbox 950 1319 1076 1355; x_wconf 84' lang='grc' dir='ltr'>φυλάττῃ</span> <span class='ocrx_word' id='word_1_539' title='bbox 1089 1318 1117 1344; x_wconf 86' lang='grc' dir='ltr'>ὲν</span> <span class='ocrx_word' id='word_1_540' title='bbox 1136 1319 1192 1349; x_wconf 85' lang='grc' dir='ltr'>τοῖς</span> <span class='ocrx_word' id='word_1_541' title='bbox 1205 1317 1301 1352; x_wconf 78' lang='grc' dir='ltr'>μέρεσι</span> <span class='ocrx_word' id='word_1_542' title='bbox 1317 1316 1366 1342; x_wconf 75' lang='grc' dir='ltr'>τοῦ</span> <span class='ocrx_word' id='word_1_543' title='bbox 1385 1315 1580 1347; x_wconf 80' lang='grc' dir='ltr'>Βουκολέοντος</span> <span class='ocrx_word' id='word_1_544' title='bbox 1600 1314 1649 1342; x_wconf 76' lang='grc' dir='ltr'>καὶ</span> <span class='ocrx_word' id='word_1_545' title='bbox 1668 1314 1695 1348; x_wconf 58' lang='grc' dir='ltr'><strong>ά,</strong></span> <span class='ocrx_word' id='word_1_546' title='bbox 1707 1322 1734 1348; x_wconf 91' lang='grc' dir='ltr'><strong>ρι</strong></span> 
     </span>
    </p>
   </div>
   <div class='ocr_carea' id='block_1_72' title="bbox 950 1360 1735 1399">
    <p class='ocr_par' dir='ltr' id='par_1_72' title="bbox 950 1360 1735 1399">
     <span class='ocr_line' id='line_1_72' title="bbox 950 1360 1735 1399; baseline -0.006 -8"><span class='ocrx_word' id='word_1_547' title='bbox 950 1365 1032 1399; x_wconf 72' lang='grc' dir='ltr'>ἐγγὺς</span> <span class='ocrx_word' id='word_1_548' title='bbox 1048 1364 1096 1391; x_wconf 84' lang='grc' dir='ltr'>τοῦ</span> <span class='ocrx_word' id='word_1_549' title='bbox 1113 1363 1324 1394; x_wconf 81' lang='grc' dir='ltr'>Κοντοσκαλίου,</span> <span class='ocrx_word' id='word_1_550' title='bbox 1339 1361 1378 1397; x_wconf 82' lang='grc' dir='ltr'>τῷ</span> <span class='ocrx_word' id='word_1_551' title='bbox 1389 1361 1418 1388; x_wconf 71' lang='grc' dir='ltr'>δὲ</span> <span class='ocrx_word' id='word_1_552' title='bbox 1437 1361 1559 1396; x_wconf 79' lang='grc' dir='ltr'>Ἶακώὃῳ</span> <span class='ocrx_word' id='word_1_553' title='bbox 1575 1360 1735 1396; x_wconf 83' lang='grc' dir='ltr'>Κονταρίνῳ</span> 
     </span>
    </p>
   </div>
   <div class='ocr_carea' id='block_1_73' title="bbox 950 1406 1734 1445">
    <p class='ocr_par' dir='ltr' id='par_1_73' title="bbox 950 1406 1734 1445">
     <span class='ocr_line' id='line_1_73' title="bbox 950 1406 1734 1445; baseline -0.008 -8"><span class='ocrx_word' id='word_1_554' title='bbox 950 1411 994 1438; x_wconf 78' lang='grc' dir='ltr'>ἵνα</span> <span class='ocrx_word' id='word_1_555' title='bbox 1010 1410 1132 1445; x_wconf 84' lang='grc' dir='ltr'>φυλάττῃ</span> <span class='ocrx_word' id='word_1_556' title='bbox 1146 1408 1181 1435; x_wconf 80' lang='grc' dir='ltr'>τὰ</span> <span class='ocrx_word' id='word_1_557' title='bbox 1200 1409 1272 1443; x_wconf 86' lang='grc' dir='ltr'>μέρη</span> <span class='ocrx_word' id='word_1_558' title='bbox 1286 1407 1342 1435; x_wconf 85' lang='grc' dir='ltr'>τῶν</span> <span class='ocrx_word' id='word_1_559' title='bbox 1357 1406 1456 1442; x_wconf 84' lang='grc' dir='ltr'>τειχῶν</span> <span class='ocrx_word' id='word_1_560' title='bbox 1467 1407 1513 1433; x_wconf 78' lang='grc' dir='ltr'>τοῦ</span> <span class='ocrx_word' id='word_1_561' title='bbox 1526 1406 1626 1440; x_wconf 70' lang='grc' dir='ltr'><strong>ἔξωθεν</strong></span> <span class='ocrx_word' id='word_1_562' title='bbox 1652 1406 1734 1440; x_wconf 80' lang='grc' dir='ltr'>λιμέ-</span> 
     </span>
    </p>
   </div>
   <div class='ocr_carea' id='block_1_74' title="bbox 949 1451 1734 1488">
    <p class='ocr_par' dir='ltr' id='par_1_74' title="bbox 949 1451 1734 1488">
     <span class='ocr_line' id='line_1_74' title="bbox 949 1451 1734 1488; baseline -0.005 -6"><span class='ocrx_word' id='word_1_563' title='bbox 949 1464 992 1487; x_wconf 87' lang='grc' dir='ltr'><strong>νος</strong></span> <span class='ocrx_word' id='word_1_564' title='bbox 1009 1456 1055 1482; x_wconf 74' lang='grc' dir='ltr'><strong>καὶ</strong></span> <span class='ocrx_word' id='word_1_565' title='bbox 1072 1454 1124 1486; x_wconf 85' lang='grc' dir='ltr'>’έως</span> <span class='ocrx_word' id='word_1_566' title='bbox 1139 1454 1223 1488; x_wconf 77' lang='grc' dir='ltr'>ἐγγὺς</span> <span class='ocrx_word' id='word_1_567' title='bbox 1237 1453 1293 1480; x_wconf 85' lang='grc' dir='ltr'><strong>τῶν</strong></span> <span class='ocrx_word' id='word_1_568' title='bbox 1312 1452 1494 1488; x_wconf 79' lang='grc' dir='ltr'>’Υψωμαθίων</span> <span class='ocrx_word' id='word_1_569' title='bbox 1511 1453 1569 1488; x_wconf 79' lang='grc' dir='ltr'>(καὶ</span> <span class='ocrx_word' id='word_1_570' title='bbox 1582 1453 1612 1478; x_wconf 71' lang='grc' dir='ltr'><strong>οὗ</strong></span> <span class='ocrx_word' id='word_1_571' title='bbox 1630 1451 1734 1479; x_wconf 78' lang='grc' dir='ltr'>διέλιπε</span> 
     </span>
    </p>
   </div>
   <div class='ocr_carea' id='block_1_75' title="bbox 950 1498 1734 1534">
    <p class='ocr_par' dir='ltr' id='par_1_75' title="bbox 950 1498 1734 1534">
     <span class='ocr_line' id='line_1_75' title="bbox 950 1498 1734 1534; baseline -0.005 -5"><span class='ocrx_word' id='word_1_572' title='bbox 950 1503 1036 1530; x_wconf 79' lang='grc' dir='ltr'>ποιεῖν</span> <span class='ocrx_word' id='word_1_573' title='bbox 1049 1502 1083 1528; x_wconf 88' lang='grc' dir='ltr'><strong>τὰ</strong></span> <span class='ocrx_word' id='word_1_574' title='bbox 1101 1501 1152 1528; x_wconf 76' lang='grc' dir='ltr'>ὅσα</span> <span class='ocrx_word' id='word_1_575' title='bbox 1164 1501 1253 1534; x_wconf 72' lang='grc' dir='ltr'>ἔξεστι</span> <span class='ocrx_word' id='word_1_576' title='bbox 1270 1498 1461 1534; x_wconf 82' lang='grc' dir='ltr'>στρατιώταις,</span> <span class='ocrx_word' id='word_1_577' title='bbox 1478 1500 1525 1525; x_wconf 76' lang='grc' dir='ltr'>καὶ</span> <span class='ocrx_word' id='word_1_578' title='bbox 1548 1498 1667 1534; x_wconf 80' lang='grc' dir='ltr'>μάλιστα</span> <span class='ocrx_word' id='word_1_579' title='bbox 1677 1499 1734 1530; x_wconf 85' lang='grc' dir='ltr'>τοῖς</span> 
     </span>
    </p>
   </div>
   <div class='ocr_carea' id='block_1_76' title="bbox 950 1591 1735 1629">
    <p class='ocr_par' dir='ltr' id='par_1_76' title="bbox 950 1591 1735 1629">
     <span class='ocr_line' id='line_1_76' title="bbox 950 1591 1735 1629; baseline -0.004 -8"><span class='ocrx_word' id='word_1_580' title='bbox 950 1597 1058 1629; x_wconf 86' lang='lat' dir='ltr'><strong>postero</strong></span> <span class='ocrx_word' id='word_1_581' title='bbox 1075 1600 1155 1620; x_wconf 90' lang='lat' dir='ltr'><strong>mane</strong></span> <span class='ocrx_word' id='word_1_582' title='bbox 1170 1592 1197 1619; x_wconf 95' lang='lat' dir='ltr'><strong>in</strong></span> <span class='ocrx_word' id='word_1_583' title='bbox 1215 1596 1293 1627; x_wconf 85' lang='lat' dir='ltr'><strong>portu</strong></span> <span class='ocrx_word' id='word_1_584' title='bbox 1311 1591 1426 1619; x_wconf 79' lang='lat' dir='ltr'><strong>inventae</strong></span> <span class='ocrx_word' id='word_1_585' title='bbox 1440 1595 1518 1619; x_wconf 74' lang='lat' dir='ltr'><strong>sunt.</strong></span> <span class='ocrx_word' id='word_1_586' title='bbox 1540 1591 1642 1619; x_wconf 78' lang='lat' dir='ltr'><strong>Deinde</strong></span> <span class='ocrx_word' id='word_1_587' title='bbox 1666 1598 1735 1626; x_wconf 87' lang='lat' dir='ltr'><strong>pon-</strong></span> 
     </span>
    </p>
   </div>
   <div class='ocr_carea' id='block_1_77' title="bbox 949 1637 1733 1671">
    <p class='ocr_par' dir='ltr' id='par_1_77' title="bbox 949 1637 1733 1671">
     <span class='ocr_line' id='line_1_77' title="bbox 949 1637 1733 1671; baseline -0.003 -5"><span class='ocrx_word' id='word_1_588' title='bbox 949 1645 1002 1667; x_wconf 92' lang='lat' dir='ltr'><strong>tcm</strong></span> <span class='ocrx_word' id='word_1_589' title='bbox 1020 1639 1071 1666; x_wconf 82' lang='lat' dir='ltr'><strong>lioc</strong></span> <span class='ocrx_word' id='word_1_590' title='bbox 1081 1639 1161 1666; x_wconf 88' lang='lat' dir='ltr'><strong>modo</strong></span> <span class='ocrx_word' id='word_1_591' title='bbox 1177 1637 1323 1665; x_wconf 84' lang='lat' dir='ltr'><strong>exstruxit.</strong></span> <span class='ocrx_word' id='word_1_592' title='bbox 1340 1637 1444 1671; x_wconf 77' lang='lat' dir='ltr'><strong>Acatia,</strong></span> <span class='ocrx_word' id='word_1_593' title='bbox 1467 1637 1521 1664; x_wconf 86' lang='lat' dir='ltr'><strong>alia</strong></span> <span class='ocrx_word' id='word_1_594' title='bbox 1547 1637 1635 1671; x_wconf 71' lang='lat' dir='ltr'><strong>lignea</strong></span> <span class='ocrx_word' id='word_1_595' title='bbox 1667 1644 1733 1664; x_wconf 81' lang='lat' dir='ltr'><strong>vasa</strong></span> 
     </span>
    </p>
   </div>
   <div class='ocr_carea' id='block_1_78' title="bbox 949 1683 1736 1719">
    <p class='ocr_par' dir='ltr' id='par_1_78' title="bbox 949 1683 1736 1719">
     <span class='ocr_line' id='line_1_78' title="bbox 949 1683 1736 1719; baseline -0.003 -7"><span class='ocrx_word' id='word_1_596' title='bbox 949 1686 1050 1719; x_wconf 87' lang='lat' dir='ltr'><strong>ampla,</strong></span> <span class='ocrx_word' id='word_1_597' title='bbox 1068 1684 1128 1711; x_wconf 93' lang='lat' dir='ltr'><strong>dola</strong></span> <span class='ocrx_word' id='word_1_598' title='bbox 1145 1691 1244 1718; x_wconf 81' lang='lat' dir='ltr'><strong>magno</strong></span> <span class='ocrx_word' id='word_1_599' title='bbox 1260 1690 1375 1711; x_wconf 85' lang='lat' dir='ltr'><strong>numero</strong></span> <span class='ocrx_word' id='word_1_600' title='bbox 1407 1683 1573 1718; x_wconf 84' lang='lat' dir='ltr'><strong>comportari</strong></span> <span class='ocrx_word' id='word_1_601' title='bbox 1594 1683 1692 1718; x_wconf 82' lang='lat' dir='ltr'><strong>jussit,</strong></span> <span class='ocrx_word' id='word_1_602' title='bbox 1708 1688 1736 1710; x_wconf 86' lang='lat' dir='ltr'><strong>et</strong></span> 
     </span>
    </p>
   </div>
   <div class='ocr_carea' id='block_1_79' title="bbox 949 1729 1733 1766">
    <p class='ocr_par' dir='ltr' id='par_1_79' title="bbox 949 1729 1733 1766">
     <span class='ocr_line' id='line_1_79' title="bbox 949 1729 1733 1766; baseline -0.003 -8"><span class='ocrx_word' id='word_1_603' title='bbox 949 1731 1030 1766; x_wconf 74' lang='lat' dir='ltr'><strong>lignis</strong></span> <span class='ocrx_word' id='word_1_604' title='bbox 1043 1730 1133 1764; x_wconf 76' lang='lat' dir='ltr'><strong>longis</strong></span> <span class='ocrx_word' id='word_1_605' title='bbox 1148 1730 1205 1757; x_wconf 83' lang='lat' dir='ltr'><strong>sive</strong></span> <span class='ocrx_word' id='word_1_606' title='bbox 1221 1729 1355 1763; x_wconf 82' lang='lat' dir='ltr'><strong>trabibus,</strong></span> <span class='ocrx_word' id='word_1_607' title='bbox 1371 1729 1544 1757; x_wconf 73' lang='lat' dir='ltr'><strong>ferramentis</strong></span> <span class='ocrx_word' id='word_1_608' title='bbox 1559 1734 1586 1757; x_wconf 90' lang='lat' dir='ltr'><strong>et</strong></span> <span class='ocrx_word' id='word_1_609' title='bbox 1607 1729 1733 1761; x_wconf 69' lang='lat' dir='ltr'><strong>funibus,</strong></span> 
     </span>
    </p>
   </div>
   <div class='ocr_carea' id='block_1_80' title="bbox 950 1777 1734 1812">
    <p class='ocr_par' dir='ltr' id='par_1_80' title="bbox 950 1777 1734 1812">
     <span class='ocr_line' id='line_1_80' title="bbox 950 1777 1734 1812; baseline -0.001 -7"><span class='ocrx_word' id='word_1_610' title='bbox 950 1778 1066 1805; x_wconf 81' lang='lat' dir='ltr'><strong>ﬁrmiter</strong></span> <span class='ocrx_word' id='word_1_611' title='bbox 1090 1781 1118 1805; x_wconf 88' lang='lat' dir='ltr'><strong>et</strong></span> <span class='ocrx_word' id='word_1_612' title='bbox 1142 1780 1216 1804; x_wconf 82' lang='lat' dir='ltr'><strong>arcte</strong></span> <span class='ocrx_word' id='word_1_613' title='bbox 1239 1777 1392 1812; x_wconf 71' lang='lat' dir='ltr'><strong>constringi</strong></span> <span class='ocrx_word' id='word_1_614' title='bbox 1410 1782 1437 1804; x_wconf 90' lang='lat' dir='ltr'><strong>et</strong></span> <span class='ocrx_word' id='word_1_615' title='bbox 1453 1777 1590 1812; x_wconf 74' lang='lat' dir='ltr'><strong>colligari,</strong></span> <span class='ocrx_word' id='word_1_616' title='bbox 1608 1784 1641 1804; x_wconf 85' lang='lat' dir='ltr'><strong>ne</strong></span> <span class='ocrx_word' id='word_1_617' title='bbox 1666 1784 1734 1811; x_wconf 85' lang='lat' dir='ltr'><strong>opus</strong></span> 
     </span>
    </p>
   </div>
   <div class='ocr_carea' id='block_1_81' title="bbox 948 1823 1733 1858">
    <p class='ocr_par' dir='ltr' id='par_1_81' title="bbox 948 1823 1733 1858">
     <span class='ocr_line' id='line_1_81' title="bbox 948 1823 1733 1858; baseline -0.005 -6"><span class='ocrx_word' id='word_1_618' title='bbox 948 1824 1078 1852; x_wconf 83' lang='lat' dir='ltr'><strong>ﬂuctibus</strong></span> <span class='ocrx_word' id='word_1_619' title='bbox 1090 1823 1174 1851; x_wconf 86' lang='lat' dir='ltr'><strong>maris</strong></span> <span class='ocrx_word' id='word_1_620' title='bbox 1189 1823 1375 1857; x_wconf 83' lang='lat' dir='ltr'><strong>disjiceretur.</strong></span> <span class='ocrx_word' id='word_1_621' title='bbox 1389 1823 1493 1851; x_wconf 85' lang='lat' dir='ltr'><strong>Deinde</strong></span> <span class='ocrx_word' id='word_1_622' title='bbox 1524 1830 1608 1858; x_wconf 84' lang='lat' dir='ltr'><strong>super</strong></span> <span class='ocrx_word' id='word_1_623' title='bbox 1632 1824 1733 1855; x_wconf 80' lang='lat' dir='ltr'><strong>acatia,</strong></span> 
     </span>
    </p>
   </div>
   <div class='ocr_carea' id='block_1_82' title="bbox 947 1868 1734 1904">
    <p class='ocr_par' dir='ltr' id='par_1_82' title="bbox 947 1868 1734 1904">
     <span class='ocr_line' id='line_1_82' title="bbox 947 1868 1734 1904; baseline 0.001 -7"><span class='ocrx_word' id='word_1_624' title='bbox 947 1877 1025 1902; x_wconf 87' lang='lat' dir='ltr'><strong>vasa,</strong></span> <span class='ocrx_word' id='word_1_625' title='bbox 1038 1869 1129 1897; x_wconf 82' lang='lat' dir='ltr'><strong>trabes</strong></span> <span class='ocrx_word' id='word_1_626' title='bbox 1143 1868 1252 1896; x_wconf 84' lang='lat' dir='ltr'><strong>assibus</strong></span> <span class='ocrx_word' id='word_1_627' title='bbox 1260 1877 1308 1904; x_wconf 89' lang='lat' dir='ltr'><strong>per</strong></span> <span class='ocrx_word' id='word_1_628' title='bbox 1324 1869 1417 1896; x_wconf 88' lang='lat' dir='ltr'><strong>clavos</strong></span> <span class='ocrx_word' id='word_1_629' title='bbox 1427 1869 1530 1896; x_wconf 88' lang='lat' dir='ltr'><strong>ferreos</strong></span> <span class='ocrx_word' id='word_1_630' title='bbox 1551 1869 1612 1898; x_wconf 83' lang='lat' dir='ltr'><strong>sive</strong></span> <span class='ocrx_word' id='word_1_631' title='bbox 1636 1869 1734 1898; x_wconf 76' lang='lat' dir='ltr'><strong>fibulas</strong></span> 
     </span>
    </p>
   </div>
   <div class='ocr_carea' id='block_1_83' title="bbox 947 1917 1733 1951">
    <p class='ocr_par' dir='ltr' id='par_1_83' title="bbox 947 1917 1733 1951">
     <span class='ocr_line' id='line_1_83' title="bbox 947 1917 1733 1951; baseline 0 -7"><span class='ocrx_word' id='word_1_632' title='bbox 947 1917 1036 1944; x_wconf 75' lang='lat' dir='ltr'><strong>valide</strong></span> <span class='ocrx_word' id='word_1_633' title='bbox 1050 1917 1147 1949; x_wconf 78' lang='lat' dir='ltr'><strong>allixis,</strong></span> <span class='ocrx_word' id='word_1_634' title='bbox 1176 1924 1246 1951; x_wconf 84' lang='lat' dir='ltr'><strong>pons</strong></span> <span class='ocrx_word' id='word_1_635' title='bbox 1280 1917 1375 1949; x_wconf 72' lang='lat' dir='ltr'><strong>firmus</strong></span> <span class='ocrx_word' id='word_1_636' title='bbox 1399 1921 1426 1944; x_wconf 90' lang='lat' dir='ltr'><strong>et</strong></span> <span class='ocrx_word' id='word_1_637' title='bbox 1440 1917 1554 1951; x_wconf 86' lang='lat' dir='ltr'><strong>pulcher</strong></span> <span class='ocrx_word' id='word_1_638' title='bbox 1581 1917 1670 1945; x_wconf 84' lang='lat' dir='ltr'><strong>factus</strong></span> <span class='ocrx_word' id='word_1_639' title='bbox 1681 1922 1733 1949; x_wconf 81' lang='lat' dir='ltr'><strong>est,</strong></span> 
     </span>
    </p>
   </div>
   <div class='ocr_carea' id='block_1_84' title="bbox 947 1961 1734 1998">
    <p class='ocr_par' dir='ltr' id='par_1_84' title="bbox 947 1961 1734 1998">
     <span class='ocr_line' id='line_1_84' title="bbox 947 1961 1734 1998; baseline 0.001 -8"><span class='ocrx_word' id='word_1_640' title='bbox 947 1963 1090 1991; x_wconf 81' lang='lat' dir='ltr'><strong>latitudine</strong></span> <span class='ocrx_word' id='word_1_641' title='bbox 1101 1962 1310 1998; x_wconf 74' lang='lat' dir='ltr'><strong>quinquaginta,</strong></span> <span class='ocrx_word' id='word_1_642' title='bbox 1323 1961 1490 1997; x_wconf 80' lang='lat' dir='ltr'><strong>longitudine</strong></span> <span class='ocrx_word' id='word_1_643' title='bbox 1499 1967 1609 1990; x_wconf 89' lang='lat' dir='ltr'><strong>centum</strong></span> <span class='ocrx_word' id='word_1_644' title='bbox 1623 1963 1734 1998; x_wconf 85' lang='lat' dir='ltr'><strong>pedum.</strong></span> 
     </span>
    </p>
   </div>
   <div class='ocr_carea' id='block_1_85' title="bbox 950 2006 1734 2042">
    <p class='ocr_par' dir='ltr' id='par_1_85' title="bbox 950 2006 1734 2042">
     <span class='ocr_line' id='line_1_85' title="bbox 950 2006 1734 2042; baseline 0.004 -9"><span class='ocrx_word' id='word_1_645' title='bbox 950 2011 978 2033; x_wconf 92' lang='lat' dir='ltr'><strong>ut</strong></span> <span class='ocrx_word' id='word_1_646' title='bbox 1001 2013 1049 2040; x_wconf 90' lang='lat' dir='ltr'><strong>per</strong></span> <span class='ocrx_word' id='word_1_647' title='bbox 1071 2009 1159 2033; x_wconf 89' lang='lat' dir='ltr'><strong>totum</strong></span> <span class='ocrx_word' id='word_1_648' title='bbox 1177 2006 1295 2034; x_wconf 91' lang='lat' dir='ltr'><strong>medium</strong></span> <span class='ocrx_word' id='word_1_649' title='bbox 1321 2010 1429 2040; x_wconf 86' lang='lat' dir='ltr'><strong>pontem</strong></span> <span class='ocrx_word' id='word_1_650' title='bbox 1453 2011 1585 2042; x_wconf 80' lang='lat' dir='ltr'><strong>tanquam</strong></span> <span class='ocrx_word' id='word_1_651' title='bbox 1603 2008 1630 2035; x_wconf 87' lang='lat' dir='ltr'><strong>in</strong></span> <span class='ocrx_word' id='word_1_652' title='bbox 1658 2009 1734 2036; x_wconf 85' lang='lat' dir='ltr'><strong>sicco</strong></span> 
     </span>
    </p>
   </div>
   <div class='ocr_carea' id='block_1_86' title="bbox 947 2051 1735 2087">
    <p class='ocr_par' dir='ltr' id='par_1_86' title="bbox 947 2051 1735 2087">
     <span class='ocr_line' id='line_1_86' title="bbox 947 2051 1735 2087; baseline 0.004 -9"><span class='ocrx_word' id='word_1_653' title='bbox 947 2051 1082 2079; x_wconf 88' lang='lat' dir='ltr'><strong>ambulari</strong></span> <span class='ocrx_word' id='word_1_654' title='bbox 1098 2051 1273 2086; x_wconf 88' lang='lat' dir='ltr'><strong>possel.&#39;l‘um</strong></span> <span class='ocrx_word' id='word_1_655' title='bbox 1288 2051 1404 2086; x_wconf 87' lang='lat' dir='ltr'><strong>helepoli</strong></span> <span class='ocrx_word' id='word_1_656' title='bbox 1421 2052 1496 2086; x_wconf 84' lang='lat' dir='ltr'><strong>ponti</strong></span> <span class='ocrx_word' id='word_1_657' title='bbox 1517 2052 1644 2087; x_wconf 86' lang='lat' dir='ltr'><strong>imposita</strong></span> <span class='ocrx_word' id='word_1_658' title='bbox 1656 2054 1735 2081; x_wconf 81' lang='lat' dir='ltr'><strong>trire—</strong></span> 
     </span>
    </p>
   </div>
   <div class='ocr_carea' id='block_1_87' title="bbox 948 2097 1735 2134">
    <p class='ocr_par' dir='ltr' id='par_1_87' title="bbox 948 2097 1735 2134">
     <span class='ocr_line' id='line_1_87' title="bbox 948 2097 1735 2134; baseline 0.003 -9"><span class='ocrx_word' id='word_1_659' title='bbox 948 2098 1092 2133; x_wconf 90' lang='lat' dir='ltr'><strong>mibusque</strong></span> <span class='ocrx_word' id='word_1_660' title='bbox 1107 2098 1190 2125; x_wconf 84' lang='lat' dir='ltr'><strong>simul</strong></span> <span class='ocrx_word' id='word_1_661' title='bbox 1206 2097 1240 2125; x_wconf 84' lang='lat' dir='ltr'><strong>ad</strong></span> <span class='ocrx_word' id='word_1_662' title='bbox 1258 2098 1352 2126; x_wconf 90' lang='lat' dir='ltr'><strong>urbem</strong></span> <span class='ocrx_word' id='word_1_663' title='bbox 1364 2098 1493 2131; x_wconf 84' lang='lat' dir='ltr'><strong>admotis,</strong></span> <span class='ocrx_word' id='word_1_664' title='bbox 1506 2101 1608 2126; x_wconf 74' lang='lat' dir='ltr'><strong>mmnia</strong></span> <span class='ocrx_word' id='word_1_665' title='bbox 1617 2107 1646 2126; x_wconf 76' lang='lat' dir='ltr'><strong>ea</strong></span> <span class='ocrx_word' id='word_1_666' title='bbox 1657 2106 1735 2134; x_wconf 85' lang='lat' dir='ltr'><strong>parte</strong></span> 
     </span>
    </p>
   </div>
   <div class='ocr_carea' id='block_1_88' title="bbox 113 2143 1735 2181">
    <p class='ocr_par' dir='ltr' id='par_1_88' title="bbox 113 2143 1735 2181">
     <span class='ocr_line' id='line_1_88' title="bbox 113 2143 1735 2181; baseline 0 -7"><span class='ocrx_word' id='word_1_667' title='bbox 113 2148 163 2179; x_wconf 88' lang='lat' dir='ltr'><strong>nit,</strong></span> <span class='ocrx_word' id='word_1_668' title='bbox 188 2145 267 2180; x_wconf 80' lang='lat' dir='ltr'><strong>adipe</strong></span> <span class='ocrx_word' id='word_1_669' title='bbox 289 2145 371 2172; x_wconf 92' lang='lat' dir='ltr'><strong>boum</strong></span> <span class='ocrx_word' id='word_1_670' title='bbox 400 2148 427 2172; x_wconf 93' lang='lat' dir='ltr'><strong>et</strong></span> <span class='ocrx_word' id='word_1_671' title='bbox 455 2151 598 2171; x_wconf 78' lang='lat' dir='ltr'><strong>vervecum</strong></span> <span class='ocrx_word' id='word_1_672' title='bbox 625 2144 776 2178; x_wconf 86' lang='lat' dir='ltr'><strong>perunctis.</strong></span> <span class='ocrx_word' id='word_1_673' title='bbox 806 2143 897 2172; x_wconf 80' lang='lat' dir='ltr'><strong>Multis</strong></span> <span class='ocrx_word' id='word_1_674' title='bbox 911 2150 937 2180; x_wconf 75' lang='grc' dir='ltr'><strong>ι)</strong></span> <span class='ocrx_word' id='word_1_675' title='bbox 951 2148 1092 2178; x_wconf 89' lang='lat' dir='ltr'><strong>percutere</strong></span> <span class='ocrx_word' id='word_1_676' title='bbox 1105 2150 1259 2179; x_wconf 85' lang='lat' dir='ltr'><strong>coeperunt.</strong></span> <span class='ocrx_word' id='word_1_677' title='bbox 1274 2144 1336 2172; x_wconf 83' lang='lat' dir='ltr'><strong>Haec</strong></span> <span class='ocrx_word' id='word_1_678' title='bbox 1347 2153 1408 2172; x_wconf 89' lang='lat' dir='ltr'><strong>cum</strong></span> <span class='ocrx_word' id='word_1_679' title='bbox 1426 2145 1616 2180; x_wconf 86' lang='lat' dir='ltr'><strong>conspicerent</strong></span> <span class='ocrx_word' id='word_1_680' title='bbox 1650 2147 1735 2181; x_wconf 84' lang='lat' dir='ltr'><strong>impe-</strong></span> 
     </span>
    </p>
   </div>
   <div class='ocr_carea' id='block_1_89' title="bbox 113 2190 900 2226">
    <p class='ocr_par' dir='ltr' id='par_1_89' title="bbox 113 2190 900 2226">
     <span class='ocr_line' id='line_1_89' title="bbox 113 2190 900 2226; baseline -0.003 -7"><span class='ocrx_word' id='word_1_681' title='bbox 113 2193 225 2226; x_wconf 87' lang='lat' dir='ltr'><strong>insuper</strong></span> <span class='ocrx_word' id='word_1_682' title='bbox 240 2191 301 2218; x_wconf 90' lang='lat' dir='ltr'><strong>aliis</strong></span> <span class='ocrx_word' id='word_1_683' title='bbox 317 2190 507 2217; x_wconf 82' lang='lat' dir='ltr'><strong>instrumentis</strong></span> <span class='ocrx_word' id='word_1_684' title='bbox 517 2190 706 2224; x_wconf 85' lang='lat' dir='ltr'><strong>machinisque</strong></span> <span class='ocrx_word' id='word_1_685' title='bbox 715 2190 782 2217; x_wconf 91' lang='lat' dir='ltr'><strong>varii</strong></span> <span class='ocrx_word' id='word_1_686' title='bbox 793 2191 900 2225; x_wconf 76' lang='lat' dir='ltr'><strong>generis</strong></span> 
     </span>
    </p>
   </div>
   <div class='ocr_carea' id='block_1_90' title="bbox 113 2236 898 2271">
    <p class='ocr_par' dir='ltr' id='par_1_90' title="bbox 113 2236 898 2271">
     <span class='ocr_line' id='line_1_90' title="bbox 113 2236 898 2271; baseline -0.004 -5"><span class='ocrx_word' id='word_1_687' title='bbox 113 2237 289 2270; x_wconf 74' lang='lat' dir='ltr'><strong>constructis,</strong></span> <span class='ocrx_word' id='word_1_688' title='bbox 303 2237 430 2264; x_wconf 84' lang='lat' dir='ltr'><strong>triremes</strong></span> <span class='ocrx_word' id='word_1_689' title='bbox 459 2241 486 2264; x_wconf 87' lang='lat' dir='ltr'><strong>et</strong></span> <span class='ocrx_word' id='word_1_690' title='bbox 507 2236 636 2268; x_wconf 87' lang='lat' dir='ltr'><strong>biremes,</strong></span> <span class='ocrx_word' id='word_1_691' title='bbox 668 2236 741 2263; x_wconf 88' lang='lat' dir='ltr'><strong>facili</strong></span> <span class='ocrx_word' id='word_1_692' title='bbox 769 2244 851 2271; x_wconf 88' lang='lat' dir='ltr'><strong>opera</strong></span> <span class='ocrx_word' id='word_1_693' title='bbox 872 2237 898 2263; x_wconf 94' lang='lat' dir='ltr'><strong>in</strong></span> 
     </span>
    </p>
   </div>
   <div class='ocr_carea' id='block_1_91' title="bbox 54 2282 900 2318">
    <p class='ocr_par' dir='ltr' id='par_1_91' title="bbox 54 2282 900 2318">
     <span class='ocr_line' id='line_1_91' title="bbox 54 2282 900 2318; baseline -0.002 -5"><span class='ocrx_word' id='word_1_694' title='bbox 54 2283 60 2292; x_wconf 90' lang='lat'>&#39;</span> <span class='ocrx_word' id='word_1_695' title='bbox 113 2286 207 2313; x_wconf 73' lang='lat' dir='ltr'><strong>collem</strong></span> <span class='ocrx_word' id='word_1_696' title='bbox 220 2283 377 2315; x_wconf 85' lang='lat' dir='ltr'><strong>subvectas,</strong></span> <span class='ocrx_word' id='word_1_697' title='bbox 393 2283 419 2309; x_wconf 93' lang='lat' dir='ltr'><strong>in</strong></span> <span class='ocrx_word' id='word_1_698' title='bbox 432 2287 538 2316; x_wconf 92' lang='lat' dir='ltr'><strong>portum</strong></span> <span class='ocrx_word' id='word_1_699' title='bbox 552 2282 675 2310; x_wconf 85' lang='lat' dir='ltr'><strong>deducit.</strong></span> <span class='ocrx_word' id='word_1_700' title='bbox 687 2284 752 2310; x_wconf 84' lang='lat' dir='ltr'><strong>Erat</strong></span> <span class='ocrx_word' id='word_1_701' title='bbox 768 2290 837 2318; x_wconf 87' lang='lat' dir='ltr'><strong>opus</strong></span> <span class='ocrx_word' id='word_1_702' title='bbox 846 2283 900 2311; x_wconf 90' lang='lat' dir='ltr'><strong>mi-</strong></span> 
     </span>
    </p>
   </div>
   <div class='ocr_carea' id='block_1_92' title="bbox 114 2328 897 2364">
    <p class='ocr_par' dir='ltr' id='par_1_92' title="bbox 114 2328 897 2364">
     <span class='ocr_line' id='line_1_92' title="bbox 114 2328 897 2364; baseline -0.004 -5"><span class='ocrx_word' id='word_1_703' title='bbox 114 2330 200 2359; x_wconf 84' lang='lat' dir='ltr'><strong>rabile</strong></span> <span class='ocrx_word' id='word_1_704' title='bbox 214 2334 240 2357; x_wconf 90' lang='lat' dir='ltr'><strong>et</strong></span> <span class='ocrx_word' id='word_1_705' title='bbox 254 2329 393 2356; x_wconf 86' lang='lat' dir='ltr'><strong>nauticum</strong></span> <span class='ocrx_word' id='word_1_706' title='bbox 410 2332 576 2362; x_wconf 81' lang='lat' dir='ltr'><strong>stratagema</strong></span> <span class='ocrx_word' id='word_1_707' title='bbox 592 2329 746 2364; x_wconf 76' lang='lat' dir='ltr'><strong>egregium.</strong></span> <span class='ocrx_word' id='word_1_708' title='bbox 763 2328 897 2363; x_wconf 86' lang='lat' dir='ltr'><strong>Equidem</strong></span> 
     </span>
    </p>
   </div>
   <div class='ocr_carea' id='block_1_93' title="bbox 113 2373 899 2409">
    <p class='ocr_par' dir='ltr' id='par_1_93' title="bbox 113 2373 899 2409">
     <span class='ocr_line' id='line_1_93' title="bbox 113 2373 899 2409; baseline -0.003 -5"><span class='ocrx_word' id='word_1_709' title='bbox 113 2376 251 2408; x_wconf 78' lang='lat' dir='ltr'><strong>existimo,</strong></span> <span class='ocrx_word' id='word_1_710' title='bbox 266 2375 401 2402; x_wconf 88' lang='lat' dir='ltr'><strong>imitatum</strong></span> <span class='ocrx_word' id='word_1_711' title='bbox 419 2381 482 2401; x_wconf 90' lang='lat' dir='ltr'><strong>eum</strong></span> <span class='ocrx_word' id='word_1_712' title='bbox 497 2381 557 2401; x_wconf 89' lang='lat' dir='ltr'><strong>esse</strong></span> <span class='ocrx_word' id='word_1_713' title='bbox 572 2373 710 2402; x_wconf 68' lang='lat' dir='ltr'><strong>Caesarem</strong></span> <span class='ocrx_word' id='word_1_714' title='bbox 733 2375 899 2409; x_wconf 78' lang='lat' dir='ltr'><strong>Augustum,</strong></span> 
     </span>
    </p>
   </div>
   <div class='ocr_carea' id='block_1_94' title="bbox 112 2419 899 2456">
    <p class='ocr_par' dir='ltr' id='par_1_94' title="bbox 112 2419 899 2456">
     <span class='ocr_line' id='line_1_94' title="bbox 112 2419 899 2456; baseline 0 -7"><span class='ocrx_word' id='word_1_715' title='bbox 112 2427 206 2450; x_wconf 88' lang='lat' dir='ltr'><strong>contra</strong></span> <span class='ocrx_word' id='word_1_716' title='bbox 231 2420 378 2448; x_wconf 80' lang='lat' dir='ltr'><strong>Antonium</strong></span> <span class='ocrx_word' id='word_1_717' title='bbox 407 2424 433 2447; x_wconf 89' lang='lat' dir='ltr'><strong>et</strong></span> <span class='ocrx_word' id='word_1_718' title='bbox 458 2419 630 2454; x_wconf 84' lang='lat' dir='ltr'><strong>Cleopatram</strong></span> <span class='ocrx_word' id='word_1_719' title='bbox 658 2426 834 2456; x_wconf 77' lang='lat' dir='ltr'><strong>pugnantem,</strong></span> <span class='ocrx_word' id='word_1_720' title='bbox 851 2421 899 2456; x_wconf 84' lang='lat' dir='ltr'><strong>qui</strong></span> 
     </span>
    </p>
   </div>
   <div class='ocr_carea' id='block_1_95' title="bbox 113 2467 900 2504">
    <p class='ocr_par' dir='ltr' id='par_1_95' title="bbox 113 2467 900 2504">
     <span class='ocr_line' id='line_1_95' title="bbox 113 2467 900 2504; baseline -0.003 -7"><span class='ocrx_word' id='word_1_721' title='bbox 113 2477 176 2497; x_wconf 84' lang='lat' dir='ltr'><strong>cum</strong></span> <span class='ocrx_word' id='word_1_722' title='bbox 203 2473 314 2504; x_wconf 84' lang='lat' dir='ltr'><strong>propter</strong></span> <span class='ocrx_word' id='word_1_723' title='bbox 329 2467 426 2495; x_wconf 86' lang='lat' dir='ltr'><strong>ﬂuctus</strong></span> <span class='ocrx_word' id='word_1_724' title='bbox 439 2467 523 2495; x_wconf 86' lang='lat' dir='ltr'><strong>maris</strong></span> <span class='ocrx_word' id='word_1_725' title='bbox 537 2471 563 2494; x_wconf 90' lang='lat' dir='ltr'><strong>et</strong></span> <span class='ocrx_word' id='word_1_726' title='bbox 577 2472 673 2494; x_wconf 89' lang='lat' dir='ltr'><strong>ventos</strong></span> <span class='ocrx_word' id='word_1_727' title='bbox 684 2468 814 2495; x_wconf 85' lang='lat' dir='ltr'><strong>adversos</strong></span> <span class='ocrx_word' id='word_1_728' title='bbox 847 2469 900 2495; x_wconf 84' lang='lat' dir='ltr'><strong>Pe-</strong></span> 
     </span>
    </p>
   </div>
   <div class='ocr_carea' id='block_1_96' title="bbox 113 2512 898 2549">
    <p class='ocr_par' dir='ltr' id='par_1_96' title="bbox 113 2512 898 2549">
     <span class='ocr_line' id='line_1_96' title="bbox 113 2512 898 2549; baseline -0.001 -8"><span class='ocrx_word' id='word_1_729' title='bbox 113 2515 294 2549; x_wconf 87' lang='lat' dir='ltr'><strong>loponnesum</strong></span> <span class='ocrx_word' id='word_1_730' title='bbox 317 2512 550 2546; x_wconf 78' lang='lat' dir='ltr'><strong>circumnavigare</strong></span> <span class='ocrx_word' id='word_1_731' title='bbox 570 2519 624 2540; x_wconf 90' lang='lat' dir='ltr'><strong>non</strong></span> <span class='ocrx_word' id='word_1_732' title='bbox 653 2517 756 2548; x_wconf 86' lang='lat' dir='ltr'><strong>posset,</strong></span> <span class='ocrx_word' id='word_1_733' title='bbox 782 2513 898 2541; x_wconf 85' lang='lat' dir='ltr'><strong>navibus</strong></span> 
     </span>
    </p>
   </div>
   <div class='ocr_carea' id='block_1_97' title="bbox 113 2558 899 2593">
    <p class='ocr_par' dir='ltr' id='par_1_97' title="bbox 113 2558 899 2593">
     <span class='ocr_line' id='line_1_97' title="bbox 113 2558 899 2593; baseline 0 -6"><span class='ocrx_word' id='word_1_734' title='bbox 113 2566 188 2587; x_wconf 84' lang='lat' dir='ltr'><strong>trans</strong></span> <span class='ocrx_word' id='word_1_735' title='bbox 205 2559 337 2587; x_wconf 79' lang='lat' dir='ltr'><strong>Isthmum</strong></span> <span class='ocrx_word' id='word_1_736' title='bbox 352 2558 380 2585; x_wconf 88' lang='lat' dir='ltr'><strong>in</strong></span> <span class='ocrx_word' id='word_1_737' title='bbox 397 2562 499 2593; x_wconf 84' lang='lat' dir='ltr'><strong>partem</strong></span> <span class='ocrx_word' id='word_1_738' title='bbox 515 2558 672 2585; x_wconf 87' lang='lat' dir='ltr'><strong>orientalem</strong></span> <span class='ocrx_word' id='word_1_739' title='bbox 703 2558 787 2586; x_wconf 88' lang='lat' dir='ltr'><strong>maris</strong></span> <span class='ocrx_word' id='word_1_740' title='bbox 811 2558 899 2587; x_wconf 62' lang='lat' dir='ltr'><strong>Grieci</strong></span> 
     </span>
    </p>
   </div>
   <div class='ocr_carea' id='block_1_98' title="bbox 114 2605 898 2641">
    <p class='ocr_par' dir='ltr' id='par_1_98' title="bbox 114 2605 898 2641">
     <span class='ocr_line' id='line_1_98' title="bbox 114 2605 898 2641; baseline -0.001 -7"><span class='ocrx_word' id='word_1_741' title='bbox 114 2607 221 2639; x_wconf 85' lang='lat' dir='ltr'><strong>tractis,</strong></span> <span class='ocrx_word' id='word_1_742' title='bbox 237 2605 380 2634; x_wconf 80' lang='lat' dir='ltr'><strong>confestim</strong></span> <span class='ocrx_word' id='word_1_743' title='bbox 400 2606 427 2633; x_wconf 90' lang='lat' dir='ltr'><strong>in</strong></span> <span class='ocrx_word' id='word_1_744' title='bbox 444 2606 538 2634; x_wconf 82' lang='lat' dir='ltr'><strong>Asiam</strong></span> <span class='ocrx_word' id='word_1_745' title='bbox 551 2606 684 2641; x_wconf 86' lang='lat' dir='ltr'><strong>pervenit.</strong></span> <span class='ocrx_word' id='word_1_746' title='bbox 703 2610 750 2633; x_wconf 90' lang='lat' dir='ltr'><strong>aut</strong></span> <span class='ocrx_word' id='word_1_747' title='bbox 775 2606 898 2634; x_wconf 86' lang='lat' dir='ltr'><strong>Nicetam</strong></span> 
     </span>
    </p>
   </div>
   <div class='ocr_carea' id='block_1_99' title="bbox 114 2652 899 2688">
    <p class='ocr_par' dir='ltr' id='par_1_99' title="bbox 114 2652 899 2688">
     <span class='ocr_line' id='line_1_99' title="bbox 114 2652 899 2688; baseline 0 -8"><span class='ocrx_word' id='word_1_748' title='bbox 114 2653 269 2688; x_wconf 83' lang='lat' dir='ltr'><strong>patricium,</strong></span> <span class='ocrx_word' id='word_1_749' title='bbox 289 2653 376 2688; x_wconf 87' lang='lat' dir='ltr'><strong>quiet</strong></span> <span class='ocrx_word' id='word_1_750' title='bbox 399 2652 485 2688; x_wconf 89' lang='lat' dir='ltr'><strong>ipsee</strong></span> <span class='ocrx_word' id='word_1_751' title='bbox 510 2653 579 2680; x_wconf 88' lang='lat' dir='ltr'><strong>mari</strong></span> <span class='ocrx_word' id='word_1_752' title='bbox 604 2652 698 2681; x_wconf 57' lang='grc' dir='ltr'>(ἔνιαι)</span> <span class='ocrx_word' id='word_1_753' title='bbox 722 2653 846 2680; x_wconf 84' lang='lat' dir='ltr'><strong>triremes</strong></span> <span class='ocrx_word' id='word_1_754' title='bbox 872 2654 899 2680; x_wconf 91' lang='lat' dir='ltr'><strong>in</strong></span> 
     </span>
    </p>
   </div>
   <div class='ocr_carea' id='block_1_100' title="bbox 115 2699 898 2735">
    <p class='ocr_par' dir='ltr' id='par_1_100' title="bbox 115 2699 898 2735">
     <span class='ocr_line' id='line_1_100' title="bbox 115 2699 898 2735; baseline -0.001 -9"><span class='ocrx_word' id='word_1_755' title='bbox 115 2699 245 2727; x_wconf 80' lang='lat' dir='ltr'><strong>orientale</strong></span> <span class='ocrx_word' id='word_1_756' title='bbox 257 2699 364 2734; x_wconf 87' lang='lat' dir='ltr'><strong>trajecit</strong></span> <span class='ocrx_word' id='word_1_757' title='bbox 379 2703 406 2727; x_wconf 89' lang='lat' dir='ltr'><strong>et</strong></span> <span class='ocrx_word' id='word_1_758' title='bbox 426 2699 520 2728; x_wconf 85' lang='lat' dir='ltr'><strong>Cretes</strong></span> <span class='ocrx_word' id='word_1_759' title='bbox 542 2700 576 2728; x_wconf 87' lang='lat' dir='ltr'><strong>ad</strong></span> <span class='ocrx_word' id='word_1_760' title='bbox 593 2699 737 2728; x_wconf 80' lang='lat' dir='ltr'><strong>Mothonen</strong></span> <span class='ocrx_word' id='word_1_761' title='bbox 754 2704 780 2728; x_wconf 91' lang='lat' dir='ltr'><strong>et</strong></span> <span class='ocrx_word' id='word_1_762' title='bbox 801 2699 898 2735; x_wconf 83' lang='lat' dir='ltr'><strong>Pylum</strong></span> 
     </span>
    </p>
   </div>
   <div class='ocr_carea' id='block_1_101' title="bbox 117 2744 358 2778">
    <p class='ocr_par' dir='ltr' id='par_1_101' title="bbox 117 2744 358 2778">
     <span class='ocr_line' id='line_1_101' title="bbox 117 2744 358 2778; baseline 0 -7"><span class='ocrx_word' id='word_1_763' title='bbox 117 2745 143 2772; x_wconf 92' lang='lat' dir='ltr'><strong>in</strong></span> <span class='ocrx_word' id='word_1_764' title='bbox 160 2744 250 2778; x_wconf 77' lang='lat' dir='ltr'><strong>fugam</strong></span> <span class='ocrx_word' id='word_1_765' title='bbox 269 2745 358 2772; x_wconf 91' lang='lat' dir='ltr'><strong>vertit.</strong></span> 
     </span>
    </p>
   </div>
   <div class='ocr_carea' id='block_1_102' title="bbox 152 2789 897 2833">
    <p class='ocr_par' dir='ltr' id='par_1_102' title="bbox 152 2789 897 2833">
     <span class='ocr_line' id='line_1_102' title="bbox 152 2789 897 2833; baseline 0.001 -17"><span class='ocrx_word' id='word_1_766' title='bbox 152 2790 290 2817; x_wconf 81' lang='lat' dir='ltr'><strong>Trircmes</strong></span> <span class='ocrx_word' id='word_1_767' title='bbox 306 2789 387 2823; x_wconf 66' lang='lat' dir='ltr'><strong>igitur</strong></span> <span class='ocrx_word' id='word_1_768' title='bbox 402 2791 435 2819; x_wconf 83' lang='lat' dir='ltr'><strong>ab</strong></span> <span class='ocrx_word' id='word_1_769' title='bbox 448 2799 539 2819; x_wconf 87' lang='lat' dir='ltr'><strong>amcra</strong></span> <span class='ocrx_word' id='word_1_770' title='bbox 557 2798 609 2818; x_wconf 84' lang='lat' dir='ltr'><strong>una</strong></span> <span class='ocrx_word' id='word_1_771' title='bbox 641 2795 719 2833; x_wconf 72' lang='lat' dir='ltr'><strong>nocte</strong></span> <span class='ocrx_word' id='word_1_772' title='bbox 738 2791 897 2823; x_wconf 60' lang='lat' dir='ltr'><strong>deportalaé,</strong></span> 
     </span>
    </p>
   </div>
   <div class='ocr_carea' id='block_1_103' title="bbox 951 2191 1734 2227">
    <p class='ocr_par' dir='ltr' id='par_1_103' title="bbox 951 2191 1734 2227">
     <span class='ocr_line' id='line_1_103' title="bbox 951 2191 1734 2227; baseline 0.004 -10"><span class='ocrx_word' id='word_1_773' title='bbox 951 2195 1025 2217; x_wconf 85' lang='lat' dir='ltr'><strong>rator</strong></span> <span class='ocrx_word' id='word_1_774' title='bbox 1037 2195 1063 2217; x_wconf 90' lang='lat' dir='ltr'><strong>et</strong></span> <span class='ocrx_word' id='word_1_775' title='bbox 1075 2191 1142 2218; x_wconf 88' lang='lat' dir='ltr'><strong>urbs</strong></span> <span class='ocrx_word' id='word_1_776' title='bbox 1159 2191 1298 2223; x_wconf 85' lang='lat' dir='ltr'><strong>universa,</strong></span> <span class='ocrx_word' id='word_1_777' title='bbox 1311 2191 1487 2219; x_wconf 84' lang='lat' dir='ltr'><strong>vehementer</strong></span> <span class='ocrx_word' id='word_1_778' title='bbox 1500 2192 1602 2220; x_wconf 88' lang='lat' dir='ltr'><strong>animis</strong></span> <span class='ocrx_word' id='word_1_779' title='bbox 1623 2197 1734 2227; x_wconf 89' lang='lat' dir='ltr'><strong>pertur-</strong></span> 
     </span>
    </p>
   </div>
   <div class='ocr_carea' id='block_1_104' title="bbox 950 2237 1736 2273">
    <p class='ocr_par' dir='ltr' id='par_1_104' title="bbox 950 2237 1736 2273">
     <span class='ocr_line' id='line_1_104' title="bbox 950 2237 1736 2273; baseline 0.003 -9"><span class='ocrx_word' id='word_1_780' title='bbox 950 2237 1006 2264; x_wconf 86' lang='lat' dir='ltr'><strong>bati</strong></span> <span class='ocrx_word' id='word_1_781' title='bbox 1023 2241 1096 2264; x_wconf 87' lang='lat' dir='ltr'><strong>sunt.</strong></span> <span class='ocrx_word' id='word_1_782' title='bbox 1124 2237 1278 2264; x_wconf 80' lang='lat' dir='ltr'><strong>Sollicitum</strong></span> <span class='ocrx_word' id='word_1_783' title='bbox 1298 2238 1370 2264; x_wconf 91' lang='lat' dir='ltr'><strong>enim</strong></span> <span class='ocrx_word' id='word_1_784' title='bbox 1396 2238 1590 2273; x_wconf 83' lang='lat' dir='ltr'><strong>imperatorem</strong></span> <span class='ocrx_word' id='word_1_785' title='bbox 1619 2239 1736 2266; x_wconf 79' lang='lat' dir='ltr'><strong>habebat</strong></span> 
     </span>
    </p>
   </div>
   <div class='ocr_carea' id='block_1_105' title="bbox 952 2283 1731 2318">
    <p class='ocr_par' dir='ltr' id='par_1_105' title="bbox 952 2283 1731 2318">
     <span class='ocr_line' id='line_1_105' title="bbox 952 2283 1731 2318; baseline 0.003 -9"><span class='ocrx_word' id='word_1_786' title='bbox 952 2283 1074 2318; x_wconf 88' lang='lat' dir='ltr'><strong>paucitas</strong></span> <span class='ocrx_word' id='word_1_787' title='bbox 1091 2288 1258 2311; x_wconf 89' lang='lat' dir='ltr'><strong>nostrorum.</strong></span> <span class='ocrx_word' id='word_1_788' title='bbox 1277 2283 1435 2311; x_wconf 85' lang='lat' dir='ltr'><strong>Convocato</strong></span> <span class='ocrx_word' id='word_1_789' title='bbox 1450 2284 1580 2316; x_wconf 86' lang='lat' dir='ltr'><strong>concilio,</strong></span> <span class='ocrx_word' id='word_1_790' title='bbox 1590 2285 1731 2312; x_wconf 82' lang='lat' dir='ltr'><strong>decretum</strong></span> 
     </span>
    </p>
   </div>
   <div class='ocr_carea' id='block_1_106' title="bbox 951 2328 1734 2363">
    <p class='ocr_par' dir='ltr' id='par_1_106' title="bbox 951 2328 1734 2363">
     <span class='ocr_line' id='line_1_106' title="bbox 951 2328 1734 2363; baseline 0.001 -8"><span class='ocrx_word' id='word_1_791' title='bbox 951 2332 1005 2360; x_wconf 89' lang='lat' dir='ltr'><strong>est,</strong></span> <span class='ocrx_word' id='word_1_792' title='bbox 1017 2333 1047 2355; x_wconf 88' lang='lat' dir='ltr'><strong>ut</strong></span> <span class='ocrx_word' id='word_1_793' title='bbox 1059 2328 1141 2356; x_wconf 80' lang='lat' dir='ltr'><strong>duces</strong></span> <span class='ocrx_word' id='word_1_794' title='bbox 1155 2333 1182 2355; x_wconf 91' lang='lat' dir='ltr'><strong>et</strong></span> <span class='ocrx_word' id='word_1_795' title='bbox 1196 2328 1300 2357; x_wconf 80' lang='lat' dir='ltr'><strong>tribuni</strong></span> <span class='ocrx_word' id='word_1_796' title='bbox 1311 2333 1338 2355; x_wconf 87' lang='lat' dir='ltr'><strong>et</strong></span> <span class='ocrx_word' id='word_1_797' title='bbox 1353 2329 1452 2363; x_wconf 87' lang='lat' dir='ltr'><strong>reliqui</strong></span> <span class='ocrx_word' id='word_1_798' title='bbox 1469 2329 1520 2356; x_wconf 90' lang='lat' dir='ltr'><strong>viri</strong></span> <span class='ocrx_word' id='word_1_799' title='bbox 1543 2329 1648 2357; x_wconf 84' lang='lat' dir='ltr'><strong>strenui</strong></span> <span class='ocrx_word' id='word_1_800' title='bbox 1678 2334 1734 2356; x_wconf 90' lang='lat' dir='ltr'><strong>tum</strong></span> 
     </span>
    </p>
   </div>
   <div class='ocr_carea' id='block_1_107' title="bbox 951 2373 1735 2410">
    <p class='ocr_par' dir='ltr' id='par_1_107' title="bbox 951 2373 1735 2410">
     <span class='ocr_line' id='line_1_107' title="bbox 951 2373 1735 2410; baseline 0.001 -9"><span class='ocrx_word' id='word_1_801' title='bbox 951 2374 1008 2401; x_wconf 82' lang='lat' dir='ltr'><strong>ltali</strong></span> <span class='ocrx_word' id='word_1_802' title='bbox 1024 2377 1082 2401; x_wconf 87' lang='lat' dir='ltr'><strong>tum</strong></span> <span class='ocrx_word' id='word_1_803' title='bbox 1107 2373 1234 2406; x_wconf 79' lang='lat' dir='ltr'><strong>Romani,</strong></span> <span class='ocrx_word' id='word_1_804' title='bbox 1259 2374 1386 2409; x_wconf 82' lang='lat' dir='ltr'><strong>perpauci</strong></span> <span class='ocrx_word' id='word_1_805' title='bbox 1406 2382 1534 2407; x_wconf 80' lang='lat' dir='ltr'><strong>numero,</strong></span> <span class='ocrx_word' id='word_1_806' title='bbox 1561 2383 1614 2409; x_wconf 87' lang='lat' dir='ltr'><strong>qua</strong></span> <span class='ocrx_word' id='word_1_807' title='bbox 1648 2382 1735 2410; x_wconf 88' lang='lat' dir='ltr'><strong>nuper</strong></span> 
     </span>
    </p>
   </div>
   <div class='ocr_carea' id='block_1_108' title="bbox 951 2418 1753 2452">
    <p class='ocr_par' dir='ltr' id='par_1_108' title="bbox 951 2418 1753 2452">
     <span class='ocr_line' id='line_1_108' title="bbox 951 2418 1753 2452; baseline 0 -4"><span class='ocrx_word' id='word_1_808' title='bbox 951 2420 1091 2448; x_wconf 72' lang='lat' dir='ltr'><strong>constituti</strong></span> <span class='ocrx_word' id='word_1_809' title='bbox 1104 2420 1231 2452; x_wconf 84' lang='lat' dir='ltr'><strong>fuissent,</strong></span> <span class='ocrx_word' id='word_1_810' title='bbox 1257 2421 1353 2448; x_wconf 83' lang='lat' dir='ltr'><strong>eadem</strong></span> <span class='ocrx_word' id='word_1_811' title='bbox 1379 2421 1406 2447; x_wconf 93' lang='lat' dir='ltr'><strong>in</strong></span> <span class='ocrx_word' id='word_1_812' title='bbox 1435 2421 1495 2448; x_wconf 85' lang='lat' dir='ltr'><strong>loca</strong></span> <span class='ocrx_word' id='word_1_813' title='bbox 1515 2426 1589 2448; x_wconf 88' lang='lat' dir='ltr'><strong>nunc</strong></span> <span class='ocrx_word' id='word_1_814' title='bbox 1615 2418 1753 2448; x_wconf 48' lang='lat' dir='ltr'><strong>redirent&#39;</strong></span> 
     </span>
    </p>
   </div>
   <div class='ocr_carea' id='block_1_109' title="bbox 945 2464 1737 2502">
    <p class='ocr_par' dir='ltr' id='par_1_109' title="bbox 945 2464 1737 2502">
     <span class='ocr_line' id='line_1_109' title="bbox 945 2464 1737 2502; baseline -0.001 -8"><span class='ocrx_word' id='word_1_815' title='bbox 945 2464 984 2494; x_wconf 79' lang='lat' dir='ltr'><strong>ad</strong></span> <span class='ocrx_word' id='word_1_816' title='bbox 1000 2466 1168 2495; x_wconf 82' lang='lat' dir='ltr'><strong>defendenda</strong></span> <span class='ocrx_word' id='word_1_817' title='bbox 1185 2467 1286 2494; x_wconf 83' lang='lat' dir='ltr'><strong>moenia</strong></span> <span class='ocrx_word' id='word_1_818' title='bbox 1300 2467 1447 2502; x_wconf 86' lang='lat' dir='ltr'><strong>hostesque</strong></span> <span class='ocrx_word' id='word_1_819' title='bbox 1465 2466 1676 2502; x_wconf 86' lang='lat' dir='ltr'><strong>propulsandos.</strong></span> <span class='ocrx_word' id='word_1_820' title='bbox 1697 2467 1737 2493; x_wconf 80' lang='lat' dir='ltr'><strong>Ac</strong></span> 
     </span>
    </p>
   </div>
   <div class='ocr_carea' id='block_1_110' title="bbox 952 2511 1736 2548">
    <p class='ocr_par' dir='ltr' id='par_1_110' title="bbox 952 2511 1736 2548">
     <span class='ocr_line' id='line_1_110' title="bbox 952 2511 1736 2548; baseline 0.001 -9"><span class='ocrx_word' id='word_1_821' title='bbox 952 2513 1070 2548; x_wconf 88' lang='lat' dir='ltr'><strong>primum</strong></span> <span class='ocrx_word' id='word_1_822' title='bbox 1100 2513 1209 2548; x_wconf 89' lang='lat' dir='ltr'><strong>quidem</strong></span> <span class='ocrx_word' id='word_1_823' title='bbox 1234 2511 1402 2540; x_wconf 76' lang='lat' dir='ltr'><strong>Venetorum</strong></span> <span class='ocrx_word' id='word_1_824' title='bbox 1441 2513 1525 2545; x_wconf 86' lang='lat' dir='ltr'><strong>bailo,</strong></span> <span class='ocrx_word' id='word_1_825' title='bbox 1566 2513 1736 2548; x_wconf 79' lang='lat' dir='ltr'><strong>Hieronymo</strong></span> 
     </span>
    </p>
   </div>
   <div class='ocr_carea' id='block_1_111' title="bbox 951 2559 1735 2594">
    <p class='ocr_par' dir='ltr' id='par_1_111' title="bbox 951 2559 1735 2594">
     <span class='ocr_line' id='line_1_111' title="bbox 951 2559 1735 2594; baseline 0 -7"><span class='ocrx_word' id='word_1_826' title='bbox 951 2559 1070 2593; x_wconf 83' lang='lat' dir='ltr'><strong>Mcnoto,</strong></span> <span class='ocrx_word' id='word_1_827' title='bbox 1092 2561 1251 2587; x_wconf 90' lang='lat' dir='ltr'><strong>mandatum</strong></span> <span class='ocrx_word' id='word_1_828' title='bbox 1276 2564 1329 2592; x_wconf 86' lang='lat' dir='ltr'><strong>est,</strong></span> <span class='ocrx_word' id='word_1_829' title='bbox 1362 2564 1392 2587; x_wconf 87' lang='lat' dir='ltr'><strong>ut</strong></span> <span class='ocrx_word' id='word_1_830' title='bbox 1408 2560 1507 2594; x_wconf 81' lang='lat' dir='ltr'><strong>palatia</strong></span> <span class='ocrx_word' id='word_1_831' title='bbox 1522 2564 1549 2587; x_wconf 91' lang='lat' dir='ltr'><strong>et</strong></span> <span class='ocrx_word' id='word_1_832' title='bbox 1565 2567 1626 2594; x_wconf 69' lang='lat' dir='ltr'><strong>quae</strong></span> <span class='ocrx_word' id='word_1_833' title='bbox 1646 2560 1680 2586; x_wconf 88' lang='lat' dir='ltr'><strong>ad</strong></span> <span class='ocrx_word' id='word_1_834' title='bbox 1703 2567 1735 2587; x_wconf 86' lang='lat' dir='ltr'><strong>ea</strong></span> 
     </span>
    </p>
   </div>
   <div class='ocr_carea' id='block_1_112' title="bbox 952 2605 1736 2642">
    <p class='ocr_par' dir='ltr' id='par_1_112' title="bbox 952 2605 1736 2642">
     <span class='ocr_line' id='line_1_112' title="bbox 952 2605 1736 2642; baseline -0.003 -8"><span class='ocrx_word' id='word_1_835' title='bbox 952 2606 1123 2642; x_wconf 86' lang='lat' dir='ltr'><strong>pertinerent</strong></span> <span class='ocrx_word' id='word_1_836' title='bbox 1145 2606 1298 2633; x_wconf 86' lang='lat' dir='ltr'><strong>custodiret</strong></span> <span class='ocrx_word' id='word_1_837' title='bbox 1325 2611 1352 2633; x_wconf 94' lang='lat' dir='ltr'><strong>et</strong></span> <span class='ocrx_word' id='word_1_838' title='bbox 1377 2610 1511 2633; x_wconf 81' lang='lat' dir='ltr'><strong>servaret.</strong></span> <span class='ocrx_word' id='word_1_839' title='bbox 1541 2605 1736 2633; x_wconf 75' lang='lat' dir='ltr'><strong>Catelanorum</strong></span> 
     </span>
    </p>
   </div>
   <div class='ocr_carea' id='block_1_113' title="bbox 953 2652 1737 2687">
    <p class='ocr_par' dir='ltr' id='par_1_113' title="bbox 953 2652 1737 2687">
     <span class='ocr_line' id='line_1_113' title="bbox 953 2652 1737 2687; baseline -0.004 -7"><span class='ocrx_word' id='word_1_840' title='bbox 953 2652 1160 2686; x_wconf 85' lang='lat' dir='ltr'><strong>consuli,Petro</strong></span> <span class='ocrx_word' id='word_1_841' title='bbox 1176 2652 1302 2683; x_wconf 84' lang='lat' dir='ltr'><strong>Guliano.</strong></span> <span class='ocrx_word' id='word_1_842' title='bbox 1323 2659 1387 2687; x_wconf 89' lang='lat' dir='ltr'><strong>pars</strong></span> <span class='ocrx_word' id='word_1_843' title='bbox 1410 2652 1572 2680; x_wconf 79' lang='lat' dir='ltr'><strong>Bucoleonis</strong></span> <span class='ocrx_word' id='word_1_844' title='bbox 1597 2660 1681 2687; x_wconf 86' lang='lat' dir='ltr'><strong>prope</strong></span> <span class='ocrx_word' id='word_1_845' title='bbox 1703 2653 1737 2679; x_wconf 76' lang='lat' dir='ltr'><strong>ad</strong></span> 
     </span>
    </p>
   </div>
   <div class='ocr_carea' id='block_1_114' title="bbox 952 2697 1737 2733">
    <p class='ocr_par' dir='ltr' id='par_1_114' title="bbox 952 2697 1737 2733">
     <span class='ocr_line' id='line_1_114' title="bbox 952 2697 1737 2733; baseline -0.003 -7"><span class='ocrx_word' id='word_1_846' title='bbox 952 2699 1154 2727; x_wconf 64' lang='lat' dir='ltr'><strong>Contoacalium</strong></span> <span class='ocrx_word' id='word_1_847' title='bbox 1166 2706 1252 2733; x_wconf 87' lang='lat' dir='ltr'><strong>usque</strong></span> <span class='ocrx_word' id='word_1_848' title='bbox 1265 2698 1365 2725; x_wconf 83' lang='lat' dir='ltr'><strong>tuenda</strong></span> <span class='ocrx_word' id='word_1_849' title='bbox 1380 2698 1441 2725; x_wconf 86' lang='lat' dir='ltr'><strong>data</strong></span> <span class='ocrx_word' id='word_1_850' title='bbox 1457 2703 1510 2725; x_wconf 87' lang='lat' dir='ltr'><strong>est.</strong></span> <span class='ocrx_word' id='word_1_851' title='bbox 1537 2697 1640 2725; x_wconf 68' lang='lat' dir='ltr'><strong>Iacobo</strong></span> <span class='ocrx_word' id='word_1_852' title='bbox 1664 2697 1737 2725; x_wconf 85' lang='lat' dir='ltr'><strong>Con-</strong></span> 
     </span>
    </p>
   </div>
   <div class='ocr_carea' id='block_1_115' title="bbox 910 2742 1737 2778">
    <p class='ocr_par' dir='ltr' id='par_1_115' title="bbox 910 2742 1737 2778">
     <span class='ocr_line' id='line_1_115' title="bbox 910 2742 1737 2778; baseline -0.002 -7"><span class='ocrx_word' id='word_1_853' title='bbox 910 2747 912 2750; x_wconf 81' lang='lat'>&#39;</span> <span class='ocrx_word' id='word_1_854' title='bbox 931 2754 944 2762; x_wconf 60' lang='grc' dir='ltr'><strong>ν</strong></span> <span class='ocrx_word' id='word_1_855' title='bbox 954 2744 1041 2771; x_wconf 85' lang='lat' dir='ltr'><strong>tarino</strong></span> <span class='ocrx_word' id='word_1_856' title='bbox 1052 2744 1121 2770; x_wconf 88' lang='lat' dir='ltr'><strong>muri</strong></span> <span class='ocrx_word' id='word_1_857' title='bbox 1135 2744 1279 2771; x_wconf 82' lang='lat' dir='ltr'><strong>exterioris</strong></span> <span class='ocrx_word' id='word_1_858' title='bbox 1293 2750 1387 2778; x_wconf 85' lang='lat' dir='ltr'><strong>portus</strong></span> <span class='ocrx_word' id='word_1_859' title='bbox 1395 2751 1481 2778; x_wconf 89' lang='lat' dir='ltr'><strong>usque</strong></span> <span class='ocrx_word' id='word_1_860' title='bbox 1492 2743 1524 2770; x_wconf 74' lang='lat' dir='ltr'><strong>ail</strong></span> <span class='ocrx_word' id='word_1_861' title='bbox 1538 2742 1737 2778; x_wconf 79' lang='lat' dir='ltr'><strong>Hypsomatiiia</strong></span> 
     </span>
    </p>
   </div>
   <div class='ocr_carea' id='block_1_116' title="bbox 954 2789 1736 2824">
    <p class='ocr_par' dir='ltr' id='par_1_116' title="bbox 954 2789 1736 2824">
     <span class='ocr_line' id='line_1_116' title="bbox 954 2789 1736 2824; baseline -0.003 -6"><span class='ocrx_word' id='word_1_862' title='bbox 954 2791 1093 2818; x_wconf 87' lang='lat' dir='ltr'><strong>commissi</strong></span> <span class='ocrx_word' id='word_1_863' title='bbox 1112 2790 1174 2821; x_wconf 83' lang='lat' dir='ltr'><strong>(nec</strong></span> <span class='ocrx_word' id='word_1_864' title='bbox 1187 2791 1209 2818; x_wconf 91' lang='lat' dir='ltr'><strong>is</strong></span> <span class='ocrx_word' id='word_1_865' title='bbox 1229 2791 1346 2824; x_wconf 72' lang='lat' dir='ltr'><strong>neglexit</strong></span> <span class='ocrx_word' id='word_1_866' title='bbox 1359 2791 1462 2823; x_wconf 70' lang='lat' dir='ltr'><strong>facere,</strong></span> <span class='ocrx_word' id='word_1_867' title='bbox 1480 2789 1736 2824; x_wconf 78' lang='lat' dir='ltr'><strong>quidquidmilites.</strong></span> 
     </span>
    </p>
   </div>
  </div>
