1931 3079
215 128 269 159 8ϋ3
303 137 308 142 θ

214 185 356 219 ἐποίησαν,
371 185 417 212 καὶ
434 187 503 222 μετὰ
517 188 672 224 προθυμίας
689 191 736 217 καὶ
751 193 942 227 γενναιότητος
954 193 1004 220 καὶ
1019 195 1041 223 Δ

216 230 427 267 μεγαλοψυχίας
445 233 508 265 τοὺς
525 235 634 270 τείχους
649 236 753 264 ἄνωθεν
785 239 854 272 μετὰ
878 239 932 266 τῶν
949 240 1006 267 κλι-

216 278 312 311 μάκων
329 278 367 310 ὡς
388 283 525 316 πτερωτοὶ
547 282 680 319 διέλθητετ
713 284 762 312 καὶ
777 286 827 320 τὴν
843 286 939 322 φήμην
971 289 1005 322 ἦν

215 325 240 351 οἱ
258 324 308 359 πρὸ
337 326 428 360 ἡμῶν,
447 327 499 358 ’ὡς
516 328 642 362 εἴπομεν,
664 330 817 369 ἐκέρδησαν
842 333 890 359 καὶ
908 335 922 360 ὁ
937 334 1005 365 Θεὸς

215 371 378 416 ἐχαρίσατο,
396 374 434 408 μὴ
451 375 559 407 γένοιτο
574 376 616 402 ἵνα
647 379 729 412 ἡμεῖς
755 379 935 416 ἀπολέσωμεν
952 382 1004 409 αὐ-

215 418 275 452 τὴν,
294 414 496 453 animum
524 421 602 457 νῦνή
634 423 693 458 ὥρα
717 425 833 459 ἤγγικεν
850 414 893 454 ἵνα
918 428 1005 464 αὐτὴν

216 463 409 497 πολυπλασίως
425 467 508 501 270
519 468 693 504 αὐξήσωμεν.
714 480 723 496 ν
742 471 797 498 Καὶ
813 473 925 507 ἑτέρους
938 474 1004 501 πολ-

215 509 277 538 )οὒς
295 510 390 544 λόγους
409 515 629 546 στρατιωτικοὺς
657 516 748 542 είτιὼν
768 517 862 548 αὐτοῖς
885 506 1004 554 δ’ίέγειρε

214 556 328 582 τούτους
359 559 398 588 εἰς
422 559 642 595 μεγαλοψυχίαν,
676 562 719 590 ἵνα
740 564 875 597 γενναίως
890 567 1005 601 πράξω-

215 610 268 629 σιν,
284 600 349 629 Εἶτα
365 604 439 637 λέγει
452 614 459 621 '
478 615 487 631 ι
509 607 562 633 Καὶ
581 608 628 634 ἐὰν
641 609 687 635 καὶ
699 610 728 641 ἐξ
743 611 821 645 ἡμῶν
834 600 918 644 τινες
933 614 1004 640 ἀπο-

214 649 380 682 κτανθῶσιν,
395 651 432 683 ῶς
442 651 501 684 ἔθος
519 653 594 680 ἐστὶν
609 655 637 680 ὲν
651 657 707 687 τοῖς
725 656 868 692 πολέμοις,
880 667 1005 694 γεγραμ-

214 695 296 727 μένον
312 695 359 721 ἐπὶ
377 697 426 731 τῆς
444 699 569 734 κεφαλῆς
599 701 693 732 αὐτοῦ,
727 703 815 735 καλῶς
844 705 935 732 οἴδατε
959 706 1005 734 διὰ

213 739 261 766 τοῦ
282 742 419 777 ἡμετέρου
436 746 521 779 κορᾶν
546 747 573 772 τί
602 756 685 782 φησιν
708 750 721 775 ὁ
750 751 906 786 προφήτης,
934 752 974 779 ὅτι
990 753 1004 778 ό

215 786 362 814 ἀποθανὼν
377 790 406 815 ἐν
422 791 512 826 καιρῷ
529 787 644 828 τοιούτῳ
673 795 812 830 ὁλόσωμος
837 798 868 824 ὲν
884 798 924 833 τῷ
951 807 1005 826 πα-

216 832 334 868 ραδείσῳ
358 836 429 869 μετὰ
465 836 511 863 τοῦ
539 839 663 874 Μωάμεο
688 841 836 878 ἀριστήσει
857 844 904 870 καὶ.
933 847 1002 878 πιετ,

214 878 260 903 καὶ
276 879 346 912 μετὰ
364 881 469 908 παίδων
484 883 531 910 καὶ
558 885 627 918 μετὰ
651 887 790 919 γυναικῶν
815 889 926 924 ὡραίων
957 891 1003 918 καὶ

213 923 357 957 παρθένων
374 926 403 952 ἐν
420 927 496 963 τόπῳ
520 929 626 966 χλοερῷ
644 932 694 958 καὶ
723 936 925 971 μεμυρισμὲνῳ
954 937 1003 964 ἄν·

213 969 290 996 Θεσιν
306 972 462 1009 ἀναπαυθῇ,
482 976 528 1002 καὶ
545 977 573 1002 ὲν
586 977 712 1013 λουτροῖς
737 969 918 1015 ὡραιοτάτοις
943 982 1003 1010 λου»

214 1016 276 1051 σθῇ.
293 1019 339 1046 καὶ
358 1020 387 1046 ἐν
403 1022 501 1058 ἐκείνῳ
528 1024 566 1059 τῷ
582 1025 657 1060 τόπῳ
674 1026 706 1058 ὲ)ι
733 1026 804 1053 Θεοῦ
832 1028 889 1060 ἔξει
904 1029 1003 1057 ταῦτα.

219 1063 355 1111 Ἐνταᾷθα
378 1067 406 1094 δὲ
426 1068 510 1096 πάλιν
529 1070 560 1102 ἐξ
593 1071 661 1106 ἐμοῦ
688 1073 744 1104 πᾶς
760 1074 774 1100 ὁ
800 1074 868 1108 ἐμὸς
889 1076 1003 1111 στρατὸς

212 1109 260 1137 καὶ
273 1107 405 1145 ἄρχοντες
431 1115 481 1149 τῆς
511 1116 597 1151 αὐλῆς
629 1127 692 1152 μου,
722 1119 770 1146 ἐὰν
793 1107 962 1156 νικήσωμεν,
989 1124 1004 1150 ὁ

214 1156 313 1190 μισοὶς
327 1158 356 1185 ὃν
373 1160 465 1193 ἕξουσι
482 1163 548 1197 παρ’
574 1164 652 1198 ἐμοῦ,
686 1166 756 1193 κατὰ
778 1167 829 1202 τὴν
855 1168 1004 1202 ἀναλογίαν

212 1203 332 1249 ἕκαστον
345 1206 498 1235 διπλασίων
521 1209 598 1237 ἔσται
619 1207 650 1237 οὗ
664 1212 698 1238 ⁸ιᾶ
714 1212 762 1239 νῦν
779 1213 884 1249 ἔχουσι,
904 1215 933 1246 ὃς
949 1216 1004 1243 ἀπὸ

211 1246 260 1272 τοῦ
277 1247 325 1274 νῦν
339 1249 455 1284 ἄρξηται
473 1252 525 1284 ἕως
539 1254 633 1287 τέλους
648 1255 700 1290 τῆς
727 1246 810 1292 ζωῆς.
824 1259 927 1286 αὐτῶν.
950 1260 1004 1286 Καὶ

217 1292 336 1328 ἡμέραις
351 1297 441 1330 τρισὶν
454 1299 471 1334 ή
483 1299 560 1331 πόλις
578 1303 654 1328 πᾶσα
669 1302 746 1337 ὑμῶν
775 1303 876 1331 ἔσεται.
906 1306 961 1332 Kal.
978 1306 1003 1332 εί

211 1346 237 1364 τι
250 1339 274 1364 δ’
284 1339 318 1366 ἂν
330 1342 499 1377 σκυλεύσητε
525 1346 572 1372 καὶ
585 1346 685 1382 εὕρητε
717 1350 841 1386 χρυσίου
853 1350 901 1377 καὶ
917 1351 1003 1386 ἀργυι

213 1384 274 1418 ρίου
293 1386 391 1419 σκεῦος
422 1390 469 1415 καὶ
494 1391 657 1426 ἱματισμὸν,
692 1385 890 1429 αἰχμαλώτους
912 1384 942 1423 τέ
958 1384 1003 1426 αν-

213 1430 280 1464 δρας
294 1432 341 1457 καὶ
359 1436 501 1467 γυναῖκας,
521 1438 637 1472 μικρούς
659 1448 688 1465 τε
700 1441 747 1467 καὶ
759 1442 1003 1477 μεγάλους,οὒδεὶς

214 1476 346 1513 δυνηθείη
361 1479 461 1512 αὐτοὺς
480 1481 544 1517 ὑμῖν
569 1484 683 1519 αἰτῆσαι
711 1487 728 1522 ἦ
752 1496 778 1514 τι
801 1489 948 1524 ἐνοχλῆσαι
963 1476 1004 1523 el,-

213 1522 301 1550 οὐδέν.
322 1533 331 1550 ι
351 1525 406 1552 Καὶ
421 1527 570 1560 τελειώσας
591 1532 639 1557 τοῦ
664 1532 755 1565 λέγειν
773 1534 882 1569 ὤμοσεν
910 1537 1003 1568 αὐτοῖς
1017 1548 1038 1576 c

214 1569 333 1602 φυλάξαι
349 1572 382 1598 τὰ
398 1572 448 1600 ὅσα
464 1574 558 1607 αὐτοῖς
580 1576 734 1609 διετάξατο.
768 1581 800 1606 υἱ
817 1580 845 1606 δὲ
865 1582 1002 1609 ἀκούσαν-

213 1624 259 1648 τες
275 1616 414 1653 ἐχάρησαν
430 1619 503 1653 λίαν,
530 1622 577 1648 καὶ
602 1623 632 1650 ὲν
649 1625 702 1659 μιᾷ
724 1627 800 1661 φωνῇ
817 1627 916 1659 πάντες
933 1628 1002 1655 ἀλα-

1021 871 1041 899 Β

214 1715 316 1736 neroso
329 1714 355 1737 et
373 1709 436 1738 torti
448 1712 541 1739 animo
559 1714 659 1742 mmnia
683 1722 734 1750 per
751 1715 843 1744 scalas
870 1721 1001 1753 tanquam

215 1754 295 1782 alites
311 1756 480 1789 escendatis,
498 1766 566 1786 neve
578 1760 697 1794 accidat,
713 1766 742 1789 ut
768 1762 896 1797 gloriam,
914 1771 928 1790 ι
944 1772 1002 1793 ma-

213 1800 332 1834 joribus,
351 1808 379 1829 ut
392 1803 462 1836 dixi.
483 1798 627 1840 quaesitam
640 1811 667 1834 et
683 1807 767 1836 τί)εο
782 1809 924 1843 donatam,
951 1819 1002 1840 nos

214 1855 287 1876 nunc
300 1849 469 1885 amittamus,
484 1859 547 1879 cum
561 1853 661 1881 eximie
679 1855 808 1889 augenda:
819 1856 879 1891 ejus
895 1862 1003 1892 tempus

215 1894 320 1919 adsit.»
339 1894 408 1922 Aliis
432 1896 524 1924 multis
540 1897 650 1926 bellicis
668 1900 749 1927 dictis
758 1900 791 1927 ad
810 1901 1000 1930 iortitudinem

214 1943 262 1965 eos
279 1939 437 1967 cohortatus
448 1945 500 1973 est,
514 1946 544 1969 ut
558 1947 672 1972 strenue
698 1951 863 1980 pugnarent.
895 1947 1000 1975 Deinde

216 1984 319 2012 addidit
339 1993 346 2011 :
371 1994 380 2011 ι
404 1985 507 2019 Quodsi
536 1990 666 2017 nonnulli
683 1991 716 2018 de
751 1992 839 2024 nobis,
875 2001 937 2028 quae
961 1999 1003 2022 est

216 2031 398 2063 bellinntura,
428 2034 615 2069 occubuerint,
639 2036 710 2064 bene
736 2038 823 2066 nostis
840 2047 856 2066 e
883 2047 999 2074 eorane,

215 2079 280 2112 quid
299 2078 332 2106 de
350 2080 391 2106 his
407 2081 538 2115 propheta
553 2082 627 2109 dicat
644 2092 651 2110 :
670 2083 716 2111 tali
735 2088 858 2119 tempore
872 2086 918 2120 qui
945 2095 1003 2114 mo-

217 2124 312 2158 riatur,
328 2133 390 2153 eum
409 2134 470 2154 eum
488 2132 544 2155 toto
561 2136 676 2164 corpore
698 2130 724 2157 in
750 2132 878 2165 paradiso
906 2140 999 2161 coena~

217 2176 307 2199 turum
324 2177 350 2199 et
368 2173 518 2202 bibiturum
535 2183 596 2203 esse
620 2183 682 2203 cum
704 2177 867 2212 Mobamcte,
894 2184 921 2207 et
939 2188 1000 2207 cum

217 2219 307 2253 pueris
322 2225 347 2246 et
361 2220 541 2249 muliebribus
561 2222 689 2251 formosis
702 2225 908 2260 vrrginibusque
921 2226 947 2253 in
958 2234 1001 2254 re-
1017 2219 1042 2249 ι)

217 2263 296 2298 gioue
312 2264 408 2292 virenti
422 2271 446 2294 et
460 2266 574 2295 ﬂoribus
589 2267 721 2303 fragranti
735 2270 892 2304 quieturum
918 2275 946 2298 et
965 2271 1003 2298 la-

218 2310 306 2336 vacris
324 2310 515 2344 pulcherrimis
526 2314 753 2350 usurum.Atque
769 2316 831 2342 talia
847 2316 958 2350 quidem
973 2316 1000 2343 in

217 2355 263 2382 illo
279 2356 340 2383 loco
356 2364 370 2383 a
395 2356 450 2385 Deo
466 2359 594 2393 accipiet.
617 2360 666 2387 Hic
694 2367 785 2388 autem
812 2362 902 2389 omnis
923 2370 1001 2390 exer-

216 2402 286 2429 .-itus
300 2407 326 2430 et
342 2404 411 2431 anlze
431 2412 570 2439 proceres,
604 2407 627 2434 si
653 2408 817 2439 vicerimus:
835 2409 1001 2443 stipendium

219 2449 313 2483 duplex
329 2450 400 2483 ejus,
411 2451 484 2486 quod
505 2459 577 2479 nunc
589 2447 699 2484 habent.
718 2454 864 2488 accipient,
885 2455 920 2482 ab
951 2456 1003 2481 hoc

217 2497 278 2524 inde
291 2497 334 2524 die
349 2498 382 2525 ad
402 2499 482 2526 linem
495 2500 555 2526 vita:
567 2507 663 2535 usque.
682 2500 750 2528 Tota
764 2501 828 2529 urbs
842 2502 929 2529 tribus
945 2501 1004 2528 dic-

217 2545 267 2571 hus
285 2548 373 2572 vestra
392 2545 453 2572 erit.
479 2546 518 2573 Ac
535 2546 558 2574 si
588 2547 649 2581 quis
669 2547 820 2582 spoliarunt
860 2548 1001 2583 quidpiam

219 2590 324 2624 'egerit,
337 2597 399 2617 vasa
418 2598 500 2619 aurea
529 2592 568 2620 vel
583 2598 721 2628 argentea,
749 2598 836 2622 vestes
860 2595 1000 2628 repererit,

219 2635 300 2667 \‘irus,
314 2627 430 2665 feminas
449 2637 571 2672 cujusvis
585 2627 674 2666 aetatis
691 2641 805 2674 ceperit,
833 2648 914 2667 nrtno
945 2640 1002 2667 haec

219 2689 264 2709 vos
283 2683 421 2716 postulare
432 2687 479 2711 aut
491 2685 642 2712 molestiam
660 2685 736 2712 vobis
753 2693 847 2713 creare
859 2686 970 2721 poterit.
992 2696 1001 2712 ι

221 2724 270 2752 Ubi
289 2727 368 2754 tinem
383 2728 490 2756 dicendi
508 2728 582 2762 fecit,
600 2736 775 2757 sacramento
795 2737 824 2757 se
843 2730 1001 2764 obstrinxit,

222 2771 356 2799 facturqu
379 2781 408 2802 se
438 2782 507 2808 esse,
528 2783 588 2811 qua:
612 2776 795 2811 promisissel.
824 2776 924 2804 Milites
954 2777 1004 2805 hac

220 2820 374 2848 conditione
394 2823 510 2851 miriﬁce
531 2824 624 2855 laetati,
648 2831 703 2850 uno
716 2831 764 2850 ore
779 2824 930 2850 clamarent
950 2823 1003 2851 lin-

221 2871 273 2897 gua
291 2873 362 2894 sua:
384 2876 393 2894 ‹
423 2869 481 2896 Alta
512 2869 585 2896 alla!
612 2869 775 2898 Meliemctcs
798 2870 871 2897 resl
896 2869 948 2897 ulla
965 2870 971 2897 !
990 2880 998 2896 ι

836 130 998 163 GEORGII
1018 131 1235 163 PIIRANTZ/E

1055 191 1189 224 λάξαντες
1227 190 1297 228 ἦσαν
1340 192 1411 220 κατὰ
1449 193 1498 228 τὴν
1535 194 1650 221 ἐκείνων
1685 194 1853 222 διάλεκτονσ

1063 249 1072 265 ι
1092 239 1175 266 Ἀλλὰ
1189 239 1275 266 suav
1296 239 1542 275 Μεεμέτηρεοοὺλ
1556 240 1636 273 ἀλλὰ,
1658 250 1667 267 ι
1680 241 1756 268 τοῦτ’
1766 242 1852 269 ἔστιν’

1069 296 1078 312 ι
1091 285 1121 313 Ὀ
1137 285 1203 317 θεὸς
1219 286 1274 312 τῶν
1289 285 1370 318 θεῶν,
1388 286 1436 313 καὶ
1449 287 1463 312 ὁ
1476 286 1661 323 Μαχουμέτης
1676 288 1690 314 ὁ
1704 289 1854 325 προφήτης

1058 331 1153 359 αὑτοῦ.
1178 341 1186 358 ι

1095 377 1175 412 27],
1204 377 1386 409 Ἀκούσαντες
1411 377 1440 404 δὲ
1459 379 1543 413 ἡμεῖς
1564 379 1594 406 ὲν
1629 381 1662 415 τῇ
1691 381 1770 407 πόλει
1799 381 1852 416 τῆς

1057 423 1195 458 τοσαύτης
1212 425 1337 458 κραυγῆς
1352 425 1421 451 ὡσεὶ
1433 423 1501 460 ἦχον
1517 425 1607 460 μέγαν
1619 426 1773 462 Θαλάσσης,
1794 428 1852 454 ἐλο-

1058 468 1194 503 γιζόμεθα
1208 469 1236 495 τί
1248 464 1391 506 ἄρα’ὲστί·
1411 471 1472 505 μετ’
1490 471 1580 505 ὀλίγον
1593 472 1623 499 δὲ
1643 473 1788 508 ἐμάθομεν
1806 474 1851 508 βε-

1058 514 1143 546 ϐαίως
1164 515 1211 542 καὶ
1228 516 1255 542 ὲν
1268 515 1386 552 ἀληθείᾳ
1403 517 1444 543 ὃτι
1460 517 1506 543 ἐπὶ
1518 517 1567 552 τὴν
1581 517 1679 552 αὔριον
1694 520 1709 546 ὁ
1722 519 1849 555 ’Δμηρᾶς

1057 560 1190 595 ἡτοίμασε
1202 562 1333 596 χερσαῖον
1348 570 1377 588 τε
1395 563 1442 589 καὶ
1450 563 1560 599 ὕδραῖον
1575 564 1696 599 πόλεμον
1711 566 1848 602 σφοδρῶς,

1057 606 1120 632 ὅσον
1137 607 1210 642 αὐτῷ
1223 605 1256 642 ἦν
1276 608 1400 642 δυνατὸν,
1416 610 1502 636 δῶσαι
1528 612 1562 646 τῇ
1589 611 1677 638 πόλει.
1700 612 1801 646 Ἡμεῖς
1821 614 1849 640 δὲ

1058 650 1228 686 θεωροῦντες
1239 653 1370 680 τοσοῦτον
1384 654 1488 689 πλῆθος
1503 655 1559 683 τῶν
1581 656 1702 691 ἀσεδῶν,
1719 656 1795 692 λέγω
1811 659 1848 690 ὡς

1057 697 1119 731 ἐμοὶ
1135 698 1220 730 δοκεῖ,
1236 699 1322 731 ὅντως
1336 701 1398 727 καθ’
1421 701 1539 728 ἕκαστον
1561 703 1642 738 ἡμῶν
1671 705 1849 732 πεντακόσιοι

1057 744 1105 770 καὶ
1117 745 1210 772 πλεῖον
1221 743 1291 781 ἦσαν
1301 747 1331 779 ἐξ
1342 747 1434 774 αὐτῶν
1448 756 1454 763 ·
1464 749 1563 782 καὶ-είς
1578 749 1628 784 τὴν
1640 750 1696 776 ἄνω
1712 752 1847 786 πρόνοιαν

1056 789 1149 820 πάσας
1166 790 1244 824 ἡμῶν
1256 791 1304 823 τὰς
1317 791 1425 824 ἐλπίδας
1439 793 1604 829 ἁνεθέμεθα.
1617 795 1671 821 Καὶ
1683 796 1848 831 Προστάξας

1056 835 1070 860 ὁ
1084 834 1214 869 βασιλεὺς
1233 836 1278 863 ἵνα
1292 837 1362 872 μετὰ
1374 838 1428 864 τῶν
1446 839 1534 872 ἁγίων
1546 840 1594 867 καὶ
1608 842 1718 868 σεπτῶν
1732 843 1848 870 εἰκόνων

1058 880 1175 907 καὶτῶν
1192 881 1275 909 θείων
1292 883 1504 918 ὲκτυπωμάτων
1524 886 1619 921 ἱερεῖς,
1634 887 1777 922 ἀρχιερεῖς
1801 889 1848 916 καὶ

1058 927 1184 962 μοναχοὶ,
1203 930 1333 962 γυναῖκές
1349 938 1381 957 τε
1395 931 1561 964 καὶ-παιδία,
1576 932 1645 967 μετὰ
1657 933 1790 969 δακρύων
1805 936 1848 962 διὰ

1057 972 1112 998 τῶν
1139 973 1239 1009 τειχῶν
1267 974 1317 1009 τῆς
1346 976 1452 1008 πόλεως
1471 978 1684 1012 περιερχόμενοι
1710 981 1742 1006 τδ
1760 980 1847 1015 Κύριε

1057 1019 1171 1056 ἐλέησον
1184 1021 1254 1056 μετὰ
1271 1022 1400 1057 δακρύων
1415 1024 1553 1059 ἐκραζον,”
1571 1026 1618 1052 καὶ
1632 1026 1680 1052 τὸν
1694 1026 1766 1053 Θεὸν
1794 1028 1848 1054 ἰκέ-

1057 1075 1137 1094 τευον
1164 1068 1209 1094 [va
1234 1068 1271 1104 μή
1294 1069 1339 1096 διὰ
1364 1069 1414 1102 τὰς
1428 1071 1569 1105 ἁμαρτίας
1594 1072 1675 1106 ἡμῶν
1692 1074 1849 1110 παραδὼοῃ

1058 1113 1132 1147 ἡμᾶς
1147 1113 1188 1144 εις
1201 1115 1298 1149 χεῖρας
1313 1115 1419 1151 ἐχθρῶν
1433 1116 1544 1152 ἀνόμων
1561 1118 1609 1144 καὶ
1620 1119 1791 1147 ἀποστατῶν
1803 1121 1850 1147 καὶ

1059 1160 1256 1193 πονηροτάτων
1277 1162 1354 1196 παρὰ
1373 1163 1465 1190 πᾶσαν
1477 1163 1527 1198 τὴν
1542 1164 1605 1199 γῆν,
1618 1165 1678 1191 ἀλλ’
1695 1165 1778 1198 ἵλεως
1802 1175 1849 1201 γε-

1058 1205 1176 1239 νήσηται
1193 1207 1259 1241 ἡμῖν
1268 1209 1301 1242 τῇ
1319 1208 1487 1246 κληρονομίᾳ
1498 1210 1591 1238 αὐτοῦ.
1607 1212 1662 1238 Καὶ
1676 1213 1747 1247 μετὰ
1763 1214 1847 1240 κλαυ-

1059 1250 1128 1286 θμοῦ
1147 1252 1282 1286 ἀλλήλους
1307 1254 1525 1290 ἀνεθαρῤύνο-ιτο
1551 1257 1596 1284 ἵνα
1616 1257 1750 1293 ἀνδρείως
1773 1260 1848 1286 ἀντι-

1059 1296 1181 1323 σταοῶσι
1196 1299 1253 1329 τοῖς
1271 1299 1405 1332 ἐναντίοις
1425 1301 1470 1327 ἐπὶ
1484 1303 1517 1336 τῇ
1532 1302 1592 1338 ὥρᾳ
1607 1303 1655 1337 τῆς
1669 1305 1846 1338 συμπλοκῆς.

1063 1343 1181 1378 Ὁμοίως
1196 1344 1224 1371 δὲ
1239 1345 1288 1371 καὶ
1304 1347 1317 1372 ὁ
1333 1345 1463 1381 βασιλεὺς
1482 1349 1516 1383 τῇ
1532 1349 1601 1384 αὐτῇ
1625 1349 1746 1385 δδυνηρᾷ
1764 1351 1848 1377 ἑσπέ-

1060 1398 1094 1424 ρᾳ
1120 1390 1170 1424 τῆς
1195 1391 1327 1427 δευτέρας
1353 1392 1472 1425 συνάξας
1500 1394 1606 1426 πάντας
1631 1396 1695 1427 τοὺς
1718 1397 1748 1423 ἐν
1774 1397 1847 1424 τέλει

1058 1435 1194 1470 ἄρχοντας
1210 1436 1259 1462 καὶ
1283 1437 1457 1473 ἀρχομένους
1477 1439 1637 1475 δημάρχους
1656 1441 1704 1467 καὶ
1734 1443 1848 1469 ἑκατον-

1057 1481 1177 1516 τάρχους
1189 1481 1237 1508 καὶ
1251 1482 1364 1517 ἑτέρους
1379 1485 1545 1520 προκρίτους
1574 1486 1744 1521 στρατιώτας
1759 1488 1848 1516 ταῦτα

1057 1527 1121 1562 ἔφη’

1090 1572 1127 1605 ς’.
1147 1583 1156 1600 ι
1184 1574 1280 1609 Ὑμεῖς
1296 1575 1374 1611 μὲν,
1406 1576 1601 1610 εὐγενέστατοι
1637 1578 1773 1614 ἄρχοντες
1800 1582 1847 1608 καὶ

1055 1619 1280 1656 ἐκλαμπρὸτατοι
1294 1621 1433 1657 δήμαρχοι
1450 1623 1497 1650 καὶ
1524 1626 1678 1660 στρατηγοὶ
1702 1626 1752 1654 καὶ
1783 1635 1845 1662 γεν-

1055 1711 1107 1738 hoc
1122 1716 1174 1745 est,
1193 1720 1204 1737 ι
1224 1711 1296 1739 Deus
1319 1712 1432 1741 deorum
1460 1718 1488 1741 et
1512 1713 1683 1743 Mabumetes
1710 1717 1847 1752 propheta

1054 1758 1126 1793 ejus.
1146 1767 1155 1784 ι

1089 1804 1157 1832 Cum
1174 1804 1261 1832 nosiu
1282 1806 1349 1833 urbe
1362 1811 1453 1835 tantos
1462 1807 1607 1840 clamores,
1620 1813 1753 1844 tanquam
1771 1817 1848 1844 mag-

1055 1857 1121 1877 num
1141 1851 1226 1878 maris
1242 1850 1392 1883 fremitum,
1408 1852 1580 1886 audiremus,
1597 1854 1662 1887 quid
1680 1854 1747 1881 illud
1760 1860 1846 1887 esset,

1054 1896 1255 1931 cogitabamus.
1268 1896 1320 1924 Sed
1346 1905 1408 1924 mox
1421 1902 1498 1925 certo
1514 1905 1547 1925 ac
1572 1906 1636 1926 rere
1651 1900 1846 1933 cognovimus,

1054 1939 1080 1967 iu
1096 1941 1244 1968 erastimnn
1263 1940 1335 1968 diem
1346 1941 1473 1969 Ameratn
1485 1946 1616 1970 terrestre
1632 1947 1659 1970 el
1673 1943 1846 1972 maritimum

1054 1987 1166 2020 bellum,
1193 1992 1326 2022 quantum
1353 1992 1456 2022 posset,
1484 1988 1544 2015 urbi
1565 1996 1673 2022 parare.
1706 1989 1847 2018 Intuentes

1055 2038 1156 2061 tantam
1177 2033 1323 2069 impiorum
1341 2034 1544 2061 multitudinem
1561 2034 1673 2069 (dicant.
1690 2036 1766 2070 quod
1781 2036 1847 2063 mihi

1054 2080 1184 2115 videtur),
1203 2085 1231 2107 ut
1254 2081 1314 2108 sine
1330 2080 1413 2108 dubio
1434 2085 1530 2108 contra
1559 2080 1684 2113 singulos
1716 2085 1845 2108 uestrum

1054 2126 1147 2161 plures
1161 2127 1324 2162 quingentis
1340 2131 1503 2162 pugnarent,
1516 2127 1544 2153 in
1559 2134 1678 2161 superna
1695 2126 1848 2156 Providen-

1054 2174 1090 2200 tia
1101 2181 1176 2207 spem
1192 2181 1301 2201 omnem
1314 2173 1529 2200 collocabantus.
1543 2172 1849 2208 Praaeepitimperator.

1056 2224 1157 2246 utcum
1177 2220 1263 2247 sacris
1281 2223 1308 2247 et
1323 2219 1487 2247 venerandis
1506 2219 1672 2253 imaginibus
1684 2224 1712 2246 et
1729 2220 1848 2248 simula-

1054 2266 1108 2293 Cris
1122 2267 1288 2298 sacerdotes.
1313 2266 1432 2301 episcopi
1450 2271 1477 2294 ct
1506 2267 1651 2296 monachi.
1670 2267 1805 2294 mulieres
1821 2272 1848 2295 et

1053 2312 1141 2346 pueri,
1153 2320 1214 2339 cum
1235 2312 1361 2348 lacryuns
1379 2313 1450 2339 intra
1477 2312 1577 2339 muenia
1600 2312 1678 2339 urbis
1696 2314 1848 2346 obeuntes,

1054 2357 1134 2393 Kyrie
1147 2358 1256 2385 elceson
1272 2357 1443 2385 clamitarent
1466 2361 1492 2384 et
1507 2357 1561 2384 Deo
1581 2357 1786 2392 supplicarent,
1814 2366 1848 2386 ne

1054 2407 1163 2438 propter
1177 2407 1286 2437 peccata
1300 2406 1395 2429 nostra
1409 2402 1436 2428 in
1454 2402 1581 2429 manibus
1594 2402 1715 2429 hostium
1734 2402 1848 2437 iniquo—

1055 2458 1113 2477 rum
1128 2455 1155 2477 et
1168 2450 1312 2484 impiorum
1332 2453 1369 2480 et,
1384 2456 1454 2483 quos
1466 2453 1538 2476 terra
1562 2447 1694 2481 sustinet,
1723 2449 1849 2476 scelera-

1055 2496 1223 2524 tissimorum
1240 2504 1291 2524 nos
1304 2496 1433 2527 traderet,
1450 2495 1498 2522 sed
1513 2494 1648 2529 propitius
1661 2497 1736 2521 esset
1752 2495 1847 2528 nobis,

1057 2542 1209 2570 haereditati
1227 2550 1294 2570 suae.
1313 2542 1429 2577 insuper
1443 2541 1673 2575 collaorymantes
1685 2540 1807 2568 invicem
1818 2549 1848 2569 se

1055 2588 1279 2620 cohortabantur,
1297 2593 1326 2614 ut
1341 2592 1464 2622 tempore
1479 2586 1667 2613 committendi
1683 2587 1772 2621 praelii
1792 2587 1848 2615 for-

1056 2633 1259 2661 titerbostibus
1274 2634 1450 2661 resisterent.
1466 2633 1604 2660 Caeterum
1619 2632 1702 2659 etiam
1724 2632 1846 2668 impera-

1056 2679 1232 2708 torlnctuosa
1249 2680 1292 2707 illa
1309 2687 1433 2715 vespera,
1451 2679 1555 2707 coactis
1581 2679 1711 2707 omnibus
1737 2681 1847 2715 primo-

1056 2728 1141 2760 ribus,
1158 2727 1326 2762 principibus
1341 2732 1368 2754 ct
1382 2726 1513 2760 subditis,
1528 2720 1675 2759 ’tribunis,
1700 2728 1846 2755 centurio~

1057 2775 1138 2802 nibus
1159 2779 1187 2802 ct
1203 2774 1315 2809 reliquis
1341 2773 1487 2809 praecipuis
1509 2773 1655 2815 militibus,
1681 2774 1844 2802 concionem

1056 2821 1190 2849 hubuitin
1211 2821 1284 2848 hunc
1300 2822 1410 2848 modum
1428 2829 1436 2848 :

1092 2868 1118 2895 6.
1139 2878 1147 2894 ι
1165 2868 1307 2903 Principes
1321 2866 1497 2900 nobiliSsimi,
1514 2866 1617 2894 tribuni
1631 2870 1658 2895 et
1674 2866 1779 2895 milites
1787 2866 1842 2894 cla-
