1931 3079
59 137 112 168 8'35

562 135 786 166 CHRONICON
804 134 941 168 MAJUS.
965 150 998 154 -
1014 137 1087 168 LIB.
1110 136 1171 167 ΙΙΙ.

1626 133 1680 166 866

60 194 197 220 ναιότατοι
217 192 418 229 συστρατιῶται
431 192 538 224 miri;
552 193 634 228 272
651 194 664 220 6
678 193 774 225 πιστὸς
791 193 841 220 καὶ
857 197 878 226 Α
894 194 988 230 θερίαν
1003 195 1093 229 ἡμῶν.
1109 195 1207 230 Τρίτον
1223 192 1364 227 βασιλείαν
1379 191 1430 228 τὴν
1445 191 1509 219 ποτε
1537 192 1587 227 μὲν
1602 201 1680 228 περι-

60 241 154 274 τῖμιος
166 239 242 271 λαὸς,
257 239 347 270 καλῶς
363 239 454 266 οἴδατε
470 239 512 266 ὅτι
523 239 644 274 ἔφθασεν
657 241 674 275 ὴ
692 240 751 276 ὥρα
764 240 812 267 καὶ
830 241 844 267 6

60 287 217 322 ἐχθρόςτῆς
233 286 353 318 πίστεως
367 287 446 322 ήμῶν
462 286 587 322 βούλεται
607 287 649 314 ἵνα
665 287 736 322 μετὰ
752 287 844 322 πάσης

60 335 160 369 τέχνης
188 334 235 360 καὶ
279 333 404 368 μηχανῆς
437 333 620 368 ἰσχυροτέρως
651 334 845 368 στενοχωρήσῃ

60 379 147 414 ἡμᾶς,
163 379 210 406 καὶ
223 379 343 413 πόλεμον
360 378 477 414 σφοδρὸν
491 378 562 414 μετὰ
580 379 742 414 συμπλοκῆς
759 378 846 413 μεγά-

59 425 110 459 λης
140 426 187 452 καὶ
212 424 374 460 συρῤήξεως
395 426 427 451 ἐκ
454 425 504 460 τῆς
519 425 618 460 χέρσου
644 425 692 452 καὶ
707 425 846 459 θαλάσσης

60 471 135 506 eam
147 471 214 506 ὴμῖν
231 471 301 505 μετὰ
313 471 404 504 πάσης
416 470 571 506 δυνάμεως,
597 471 652 503 ἵνα,
671 471 695 497 εί
720 471 844 503 δυνατὸν,

61 518 100 548 ὡς
115 517 178 551 δφις
192 517 239 543 τὸν
256 517 295 543 ίδν
311 516 414 552 ὲκχύσῃ
429 517 477 542 καὶ
498 517 536 548 ὡς
560 516 628 543 λέων
643 517 782 551 ἀνήμερος·
795 526 847 544 κα-

60 563 146 598 ταπίῃ
164 563 248 597 ἡμᾶς.
265 561 420 598 [Βιάζεται]
436 562 481 589 διὰ
495 562 574 589 τοῦτο
591 563 664 597 λέγω
686 564 734 591 καὶ
760 572 847 598 παρα-

61 608 139 635 καλῶ
154 609 226 643 ὑμᾶς
248 608 291 634 ἵνα
308 609 393 642 στῆτε
405 609 538 644 ἀνδρείως
560 610 608 636 καὶ
626 610 695 645 μετὰ
719 611 846 644 γενναίας

59 654 166 689 ψυχῆς,
182 654 220 685 ὡς
236 654 354 681 πάντοτε
366 655 419 686 ἕως
443 655 490 681 τοῦ
509 657 558 682 νῦν
587 656 749 691 ἐποιήσατε,
776 656 846 682 κατὰ

60 701 116 727 τῶν
142 700 247 736 ἐχθρῶν
266 701 316 734 τῆς
344 701 464 732 πίστεως
490 701 579 736 ἡμῶν.
612 702 789 736 Παραδίδωμι
819 701 847 728 δὲ

62 747 129 781 ὑμῖν
144 746 193 781 τὴν
224 746 459 781 ὲκλαμπροτάτην
484 747 530 773 καὶ
560 747 719 782 περίφημον
743 748 847 782 ταύτην

63 793 143 819 πόλιν
163 793 210 818 καὶ
227 793 346 828 πατρίδα
361 793 440 827 ἡμῶν
456 794 503 820 καὶ
518 793 717 828 βασιλεύουσαν
731 793 786 820 τῶν
801 794 848 820 πό-

61 836 143 862 λεων.
158 836 256 868 Καλῶς
270 833 317 862 οὖν
348 835 450 868 οἴδατε,
467 836 588 871 ἀδελφοὶ,
604 837 644 863 ὅτι
657 836 702 864 διὰ
726 837 848 872 τέσσαρά

61 889 125 908 τινα
140 880 278 915 ὀφειλέται
291 880 391 911 κοινῶς
414 881 504 915 ὲσμενι
526 880 628 912 πάντες
647 880 692 907 ῐνα
709 881 846 916 προτιμή-

65 935 157 961 σωμεν
171 927 320 953 ἀποθανεῖν
335 926 437 961 μᾶλλον
451 927 468 962 ἢ
487 927 547 962 ζῇν,
567 927 676 961 πρῶτον
703 927 753 962 μὲν
776 927 847 961 ὑπὲρ

61 973 114 1008 τῆς
129 973 249 1005 πίστεως
266 974 346 1008 ήμῶν
361 974 409 999 καὶ
424 972 577 1004 εὐσεϐείας,
593 972 721 1008 δεύτερον
731 973 758 999 δὲ
776 973 847 1009 ὑπὲρ

62 1020 113 1054 τῆς
135 1019 276 1054 πατρίδος,
302 1019 395 1054 τρίτον
423 1018 452 1044 δὲ
478 1018 548 1053 ὑπὲρ
575 1017 623 1044 τοῦ
651 1018 785 1053 βασιλέως
809 1019 847 1050 ὡς

61 1065 185 1099 Χριστοῦ
202 1064 315 1100 Κυρίου,
332 1065 381 1090 καὶ
397 1064 528 1099 τέταρτον
554 1064 625 1099 ὑπὲρ
639 1065 782 1098 συγγενῶν
800 1066 848 1091 καὶ

61 1111 160 1145 φίλων.
172 1109 287 1141 Λοιπὸν,
305 1109 428 1144 ἀδελφοὶ,
441 1109 489 1136 ἐὰν
511 1109 650 1144 χρεῶσται
679 1110 763 1144 ἐσμεν
776 1110 847 1145 ὑπὲρ

60 1156 123 1188 ἑνὸς
140 1156 173 1183 ὲκ
190 1155 246 1182 τῶν
273 1155 419 1190 τεσσάρων
441 1154 626 1189 ἀγωνίζεσθαι
648 1155 702 1187 ἕως
717 1155 846 1188 Θανάτου,

60 1201 154 1235 πολλῷ
169 1201 272 1237 μᾶλλον
288 1201 361 1236 ὑπὲρ
375 1200 487 1228 πάντων
498 1200 602 1228 τούτων
618 1201 712 1236 ἡμεῖς,
726 1201 765 1232 ὡς
785 1201 847 1236 βλὲ‹

60 1256 127 1276 πετε
142 1248 302 1284 προφανῶς,
312 1248 361 1275 καὶ
377 1249 409 1275 lx
424 1248 538 1275 πάντων
554 1248 688 1283 μέλλομεν
705 1248 848 1283 ζημιωθῆ-

60 1304 116 1322 ναι.
131 1295 195 1322 ἐὰν
212 1294 257 1322 διὰ
267 1295 301 1321 τὰ
318 1294 373 1329 ἐμὰ
385 1294 613 1330 πλημμιλήματα
632 1294 823 1329 παραχωρήσῃ
833 1295 847 1320 ὁ

59 1341 128 1372 Θεὸς
150 1341 200 1376 τὴν
224 1341 302 1376 νίκην
316 1342 372 1372 τοῖς
397 1340 538 1374 ἀσεϐέσιν,
561 1340 630 1375 ὑπὲρ
655 1339 706 1374 τῆς
728 1340 847 1370 πίστεως

60 1387 140 1422 ἡμῶν
154 1388 204 1422 τῆς
213 1387 305 1421 ἁγίας,
320 1387 354 1422 ἣν
369 1386 488 1422 Χριστος
515 1387 545 1413 ὲν
570 1386 608 1422 τῷ
622 1386 725 1421 οἰκείῳ
747 1386 845 1420 αἵματι

59 1433 141 1468 273
152 1434 217 1468 ἡμῖν
228 1431 606 1468 ἐδωρήσατο,κινδυνεύομεν·
615 1432 846 1466 ὅέστικεφάλαιον

60 1480 183 1506 πάντων.
198 1479 253 1505 Καὶ
267 1479 315 1505 ἐὰν
332 1478 377 1504 τον
395 1477 500 1513 κόσμον
520 1477 580 1504 ὅλον
601 1477 722 1512 κερδήσῃ
740 1485 780 1508 τις
797 1476 845 1503 καὶ

58 1524 108 1559 τὴν
135 1523 225 1559 ψυχὴν
250 1522 389 1559 ζημιωθῇ,
415 1522 443 1548 τί
466 1522 495 1549 τδ
510 1521 624 1556 owing;
644 1521 776 1556 Δεύτερον
792 1529 845 1548 πα-

58 1569 137 1604 τρίδα
149 1569 306 1604 περίφημον
313 1567 444 1599 τοιούτως
456 1566 647 1602 ὑστερούμεθα
655 1567 702 1593 καὶ
711 1566 760 1601 τὴν
769 1565 844 1596 ἔλευ-

59 1660 174 1693 rissimi,
192 1660 395 1688 commilitones
409 1657 614 1694 generosissimi
627 1661 655 1686 et
666 1664 762 1685 omnes
776 1656 842 1684 iide-

58 1707 99 1735 les
110 1706 309 1739 ethonorandi
321 1707 395 1734 cives
413 1706 420 1733 l
436 1705 525 1733 Probe
548 1704 645 1737 nostis,
654 1703 762 1731 venisse
773 1708 843 1731 tem-

56 1760 121 1786 pus,
135 1759 189 1782 auo
207 1751 268 1780 ildei
284 1757 384 1780 nostrae
407 1751 494 1779 hostis
523 1750 653 1778 omnibus
677 1749 784 1777 artibus
811 1753 838 1776 et

57 1801 194 1828 machinis
209 1799 397 1828 vehementius
415 1807 466 1827 nos
488 1805 598 1834 urgere,
620 1801 648 1826 et
677 1804 759 1832 grave
783 1796 842 1824 bel-

57 1848 113 1875 lum
130 1853 230 1882 magno
251 1845 378 1874 conﬂiCtu
396 1850 422 1873 et
447 1845 598 1873 certamine
613 1849 686 1872 terra
715 1844 840 1878 marique

57 1901 165 1922 summa
178 1893 356 1922 contentione
370 1892 450 1920 nobis
466 1891 569 1919 inferre
597 1891 731 1924 decrevit,
763 1895 802 1924 ut,
818 1891 841 1918 si

57 1940 155 1975 possit,
169 1944 298 1975 tanquam
313 1939 422 1974 anguis,
440 1946 576 1971 venenum
590 1938 616 1965 in
645 1946 695 1966 nos
710 1937 840 1970 eii'undat,

57 1990 95 2017 et,
111 1990 239 2020 tanquam
252 1985 367 2013 immitis
380 1985 434 2017 leo.
450 1992 501 2012 nos
512 1984 639 2012 devoret.
664 1983 756 2017 ρων-ο
774 1992 841 2019 rogo

57 2037 85 2060 et
104 2032 201 2060 hortor
215 2039 274 2064 vos,
299 2036 330 2059 ut
342 2030 406 2059 forti
426 2036 453 2059 et
477 2038 610 2066 generoso
640 2031 742 2062 animo,
771 2030 842 2058 sicut

59 2079 202 2113 hucusque
230 2085 340 2113 semper
367 2077 485 2110 fecistis,
515 2078 641 2106 hostibus
658 2078 719 2104 lidei
743 2082 842 2105 nostrae

58 2124 204 2152 resistatis.
221 2123 312 2151 Trado
327 2128 354 2152 et
364 2123 527 2152 commendo
553 2123 631 2151 vobis
659 2123 841 2151 clarissimam

57 2172 129 2199 hanc
143 2175 171 2198 ot
183 2170 316 2198 illustrem
330 2170 436 2202 urbem,
448 2170 566 2205 patriam
576 2175 712 2202 nostram,
728 2175 756 2198 et
770 2171 842 2205 regi»

896 241 979 275 φανῆ,
994 240 1042 267 νῦν
1056 241 1084 268 δὲ
1097 240 1337 275 τεταπεινωμένην
1358 239 1406 265 καὶ
1420 238 1617 272 ὡνειδισμένην
1631 238 1680 264 καὶ

897 287 1113 322 ἔξουθενημένην
1128 287 1323 320 ἀπωλέσαμεν,
1339 286 1385 312 καὶ
1408 285 1460 311 ὑπὸ
1473 285 1522 310 τοῦ
1545 284 1678 319 τυράννου

896 332 944 358 καὶ
959 332 1075 363 ἀσεϐοῦς
1102 331 1228 366 ἄρχεται.
1253 330 1393 365 Τέταρτον
1416 330 1444 357 δὲ
1470 330 1518 356 καὶ
1542 330 1680 363 φιλτάτων

896 378 999 404 τέκνων
1026 378 1072 405 καὶ
1099 378 1223 412 συμϐιῶν
1241 378 1288 403 καὶ
1315 377 1455 410 συγγενῶν
1480 376 1679 410 ὑστερούμεθα.

897 424 983 455 Αὐτὸς
1011 424 1040 450 δὲ
1069 425 1083 450 6
1100 424 1239 458 ἁλιτήριος
1262 425 1276 449 ὁ
1300 424 1411 458 ἁμηρᾶς
1435 423 1604 457 πεντήκοντα
1634 423 1681 448 καὶ

897 470 966 496 ἑπτὰ
981 470 1087 504 ἡμέρας
1105 470 1166 503 ἄγει
1184 470 1306 504 σήμερον
1321 469 1367 503 ἀφ’
1380 468 1409 494 (ιῦ
1421 469 1493 502 ἡμᾶς
1511 467 1595 494 ἐλθὼν
1615 466 1682 493 ἀπέ-

897 517 1006 543 κλεισεν
1020 517 1067 542 καὶ
1085 516 1154 550 μετὰ
1170 515 1261 549 πάσης
1286 514 1413 549 μηχανῆς
1437 514 1483 539 καὶ
1504 513 1594 547 ίσχύος
1617 512 1680 538 καθ’

897 563 1004 598 ἡμέραν
1013 571 1041 589 τε
1054 562 1100 588 καὶ
1114 561 1198 588 νύκτα
1207 561 1258 588 οὐκ
1272 560 1413 587 ἐπαύσατο
1425 560 1574 593 πολιορκῶν
1585 559 1660 593 ἡμᾶς
1673 567 1680 574 ·

898 609 944 635 καὶ
960 609 1051 644 χάριτι
1068 608 1115 634 τυῦ
1135 609 1326 634 παντεπὸπτου
1344 605 1465 640 Χριστοῦ
1482 606 1587 638 Κυρίου
1602 605 1681 638 ἡμῶν

898 655 929 681 ὲκ
946 655 999 681 τῶν
1014 654 1114 688 τειχῶν
1126 654 1196 687 μετὰ
1206 652 1337 687 αἰσχύνης
1353 652 1416 687 ἄχρι
1431 652 1478 677 τοῦ
1491 651 1538 676 νῦν
1548 651 1680 681 πολλάκις

898 701 992 729 κακῶς
1009 699 1192 733 ἀπεπέμφθη.
1210 699 1250 724 Τὰ
1272 697 1319 724 νῦν
1334 697 1361 724 δὲ
1383 697 1474 727 πάλιν,
1499 696 1619 729 ἀδελφοὶ.
1645 696 1682 729 μὴ

898 747 1061 780 δειλιάσητε.
1087 747 1132 772 ἐὰν
1147 746 1194 772 καὶ
1217 746 1307 779 τεῖχος
1335 744 1449 779 μερόθεν
1465 743 1553 777 ὀλίγον
1570 743 1601 768 ὲκ
1625 742 1683 768 τῶν

899 793 1005 828 κρότων
1024 793 1070 818 καὶ
1086 792 1142 818 τῶν
1161 790 1315 825 πτωμάτων
1330 791 1385 816 τῶν
1411 790 1560 816 ἑλεπόλεων
1588 788 1680 818 ἔπεσε,

899 840 976 871 διότι,
987 839 1024 870 ὡς
1033 839 1112 873 ὑμεῖς
1128 838 1267 871 θεωρεῖτε,
1284 836 1357 863 κατὰ
1373 836 1404 862 τὸ
1419 835 1530 862 δυνατὸν
1547 833 1683 868 ὲδιωροώ-

865 874 884 899 Β
899 894 988 920 σαμεν
1003 885 1084 911 πάλιν
1109 885 1184 911 αὐτό.
1204 884 1299 918 Ἡμεῖς
1311 884 1401 910 πᾶσαν
1412 882 1460 917 τὴν
1474 881 1568 908 ἐλπίδα
1582 881 1622 912 εις
1635 881 1684 914 τὴν

868 970 870 973 γ
897 933 1003 966 ἄμαχον
1019 931 1099 964 δόξαν
1113 931 1160 957 τοῦ
1175 930 1242 957 Θεοῦ
1257 930 1420 964 ἁνεθέμεθα,
1439 926 1511 955 οὗτοι
1528 930 1557 955 ἐν
1574 928 1682 962 ἅρμασι

897 979 944 1005 καὶ
954 975 1026 1004 οὗτοι
1044 979 1072 1004 ὲν
1087 977 1183 1008 ἵπποις
1203 977 1250 1004 καὶ
1267 977 1382 1010 δυνάμει
1399 977 1445 1002 καὶ
1467 975 1576 1009 πλήθει,
1600 975 1682 1008 ἡμεῖς

897 1024 923 1051 δὲ
939 1025 968 1050 ἐν
982 1024 1092 1058 ὀνόματι
1117 1023 1218 1057 Κυρίου
1239 1022 1286 1049 τοῦ
1311 1022 1377 1048 Θεοῦ
1392 1023 1439 1048 καὶ
1463 1021 1587 1056 Σωτῆρος
1604 1021 1684 1055 ἡμῶν

897 1069 1080 1104 πεποίθαμεν,
1091 1069 1168 1096 δεῦτε
1174 1077 1220 1104 ρον
1230 1069 1258 1095 δὲ
1271 1069 1319 1095 καὶ
1330 1069 1358 1094 ἔν
1369 1069 1428 1099 ταῖς
1440 1068 1589 1102 ἡμετέραις
1604 1067 1683 1101 χερσὶ

897 1116 944 1142 καὶ
957 1115 1158 1150 ῥωμαλεότητι,
1174 1115 1207 1150 ἣν
1222 1114 1380 1150 ἐδωρήσατο
1401 1114 1468 1148 ἡμῖν
1485 1114 1501 1148 ἠ
1528 1113 1588 1139 οεία
1602 1112 1684 1139 δύνα-

897 1169 955 1195 μις,
969 1160 1099 1195 Γνωριζω
1114 1160 1143 1187 δὲ
1166 1161 1207 1187 ὃτι
1228 1159 1299 1194 αὕτη
1323 1160 1340 1195 ἡ
1360 1159 1581 1195 μυριαρίθμητος
1597 1158 1682 1192 ἀγέλη

896 1207 951 1233 τῶν
968 1206 1085 1239 ἀσεϐῶν,
1110 1206 1201 1238 καθὼς
1221 1207 1237 1241 ἠ
1255 1206 1345 1232 αὐτῶν
1358 1206 1500 1241 συνήθεια,
1525 1203 1683 1231 ἐλεύσονται

897 1253 960 1279 καθ’
983 1252 1067 1287 ,ἡμῶν
1091 1252 1173 1287 2⁵14.
1197 1252 1267 1287 μετὰ
1294 1251 1432 1286 βαναύσου
1448 1250 1496 1277 καὶ
1523 1249 1683 1285 ἐπηρμένης

895 1298 998 1333 ὀφρύος
1011 1298 1060 1325 καὶ
1082 1297 1201 1332 θάρσους
1227 1296 1325 1323 πολλοῦ
1350 1297 1400 1323 καὶ
1417 1296 1489 1331 βίας,
1506 1296 1549 1322 ἵνα
1575 1295 1619 1322 διὰ
1633 1296 1683 1326 τὴν

895 1344 1038 1380 ὀλιγότητα
1054 1343 1132 1379 ἡμῶν
1148 1343 1263 1378 ολίψωσι
1274 1343 1320 1370 καὶ
1337 1343 1369 1370 ἐκ
1385 1343 1432 1369 τοῦ
1449 1344 1533 1369 κάπου
1549 1350 1683 1376 στενοχω-

881 1384 887 1385 ⁷
898 1391 1014 1425 ρήσωσι,
1037 1391 1084 1417 καὶ
1103 1389 1173 1425 μετὰ
1191 1388 1288 1424 φωνῶν
1311 1388 1438 1422 μεγάλων
1453 1388 1500 1414 καὶ
1515 1387 1684 1420 ἀλαλαγμῶν

895 1436 1102 1471 ἀναριθμήτων,
1129 1435 1172 1462 ῐνα
1196 1436 1270 1470 ἡμᾶς
1294 1435 1447 1469 φοϐήσωσι.
1471 1434 1528 1465 Τὰς
1552 1433 1682 1464 τοιαύτας

896 1483 987 1510 αὐτῶν
1001 1483 1140 1518 φλυαρίας
1162 1483 1255 1514 καλῶς
1283 1482 1384 1514 οἴδατε,
1402 1481 1448 1508 καὶ
1461 1481 1491 1507 οὐ
1515 1481 1567 1516 χρὴ
1591 1480 1683 1514 λέγειν

897 1529 962 1565 περὶ
973 1529 1086 1556 τούτων.
1103 1528 1158 1555 Καὶ
1169 1528 1228 1564 ὥρᾳ
1249 1527 1336 1562 ὀλίγοι
1350 1526 1437 1554 ταῦτα
1464 1527 1610 1562 ποιήσωσι,
1635 1526 1683 1552 καὶ

896 1576 1098 1612 ἀναριθμήτους
1113 1575 1217 1610 πέτρας
1243 1575 1291 1601 καὶ
1307 1574 1388 1608 ¹ιέτερα
1414 1573 1477 1608 βέλη
1494 1573 1541 1600 καὶ
1566 1573 1685 1600 ἑλεϐολί-

895 1667 1057 1702 depressum
1078 1670 1105 1694 et
1125 1670 1246 1701 spretum
1268 1669 1295 1692 et
1312 1668 1500 1699 contemptum
1518 1665 1681 1697 amittimus,

896 1714 922 1741 in
935 1717 1096 1748 potestatem
1121 1705 1275 1748 tyranni'et
1292 1711 1367 1746 impii
1383 1710 1503 1738 hominis
1524 1717 1680 1738 concessu-

896 1768 977 1791 rum:
998 1764 1139 1795 postremo
1152 1758 1246 1786 liberis
1263 1757 1451 1789 amatissimis,
1467 1756 1631 1791 conjugibus
1653 1761 1680 1783 et

895 1807 1022 1842 cognatis
1038 1806 1202 1841 spoliantur.
1222 1803 1270 1832 Est
1291 1808 1381 1830 autem
1409 1803 1468 1830 dies
1483 1803 1681 1837 quinquagesi-

896 1861 957 1880 mus
973 1853 1118 1887 septimus,
1137 1859 1170 1879 ex
1188 1858 1242 1887 quo
1265 1850 1399 1877 scelestus
1426 1849 1476 1876 iste
1495 1856 1602 1876 ameras
1630 1856 1683 1875 nos

895 1900 1023 1927 obsessos
1042 1903 1115 1926 tenet
1142 1902 1169 1925 et
1188 1897 1315 1924 omnibus
1337 1895 1471 1923 machinis
1498 1896 1626 1930 omnique
1655 1895 1680 1922 vi

895 1945 938 1971 die
950 1952 982 1971 ac
993 1948 1075 1971 nocte
1086 1951 1136 1970 nos
1154 1949 1313 1977 oppugnare
1327 1949 1379 1968 non
1407 1941 1517 1969 desistit
1544 1949 1550 1967 :
1570 1946 1598 1968 at
1622 1949 1679 1968 om-

895 1992 940 2018 nia
953 1991 1084 2019 intuentis
1097 1991 1201 2018 Christi
1219 1989 1325 2017 Domini
1345 1988 1430 2024 gratia
1461 1988 1605 2022 hucusque
1631 1996 1682 2015 ste-

896 2042 1045 2069 penumero
1054 2039 1120 2061 ‘cum
1132 2034 1293 2062 dcdecorea
1315 2033 1452 2060 manibus
1475 2033 1600 2067 repulsus
1625 2039 1678 2059 cst.
1717 2039 1719 2042 ‘

896 2081 1069 2116 Quapropter
1095 2089 1145 2108 nec
1171 2087 1255 2113 nunc,
1280 2080 1390 2111 fratres,
1409 2079 1499 2106 timori
1526 2079 1614 2106 locum
1639 2087 1682 2106 re-

897 2127 1039 2162 linquatis,
1055 2127 1163 2154 etiamsi
1178 2127 1277 2155 mmnla
1303 2126 1394 2160 aliqua
1406 2133 1443 2152 ex
1462 2129 1538 2160 parte
1567 2130 1681 2159 propter

895 2174 1062 2208 belepolium
1073 2174 1170 2208 pulsus
1187 2179 1214 2201 et
1241 2174 1311 2200 ictus
1329 2176 1506 2204 corruerunt,
1534 2172 1679 2207 quoniam,

58 2224 119 2244 nam
137 2216 258 2244 urbium.
273 2215 333 2243 Non
350 2216 492 2252 ignoratis.
509 2216 618 2250 fratres,
643 2222 762 2252 quatuor
791 2225 841 2245 πο·
858 2234 880 2261 ι)
896 2224 927 2247 ιιι
944 2220 1044 2248 videtis
1059 2220 1121 2254 ipsi.
1141 2228 1191 2255 pro
1205 2220 1310 2247 viribus
1319 2227 1350 2246 ea
1364 2219 1591 2246 iustauravimus.
1611 2219 1679 2246 0m-

58 2263 178 2290 minibus
191 2263 375 2290 communiter
387 2271 484 2292 omnes
494 2270 544 2291 nos
556 2268 671 2290 tuortem
690 2265 751 2291 vitzc
762 2270 841 2292 ante-

57 2316 158 2344 ponere
173 2309 284 2342 debere,
300 2310 419 2344 primum
432 2317 481 2345 pro
496 2309 549 2337 ﬁde
561 2314 588 2337 et
606 2309 717 2344 pietate,
735 2309 838 2337 deinde

57 2362 106 2390 pro
121 2355 219 2390 patria,
234 2359 291 2383 tum
304 2363 352 2391 pro
369 2356 534 2391 imperatore
551 2360 580 2383 ut
595 2361 679 2383 uncto
690 2363 771 2383 seno
787 2356 841 2384 Do-

57 2401 137 2434 mini,
147 2405 285 2435 postremo
296 2409 344 2436 pro
355 2402 477 2438 cognatis
493 2406 518 2429 et
533 2402 639 2429 amicis.
656 2401 771 2435 Quodsi,
787 2401 842 2428 fra-

57 2452 128 2479 tres,
147 2454 195 2481 pro
225 2455 278 2474 uua
310 2448 407 2475 barum
435 2453 554 2482 quatuor
580 2455 672 2475 rerum
700 2448 841 2475 decertare

57 2500 143 2528 usque
153 2493 187 2520 ad
207 2501 302 2522 necem
312 2494 456 2526 debemus,
475 2493 564 2521 multo
577 2494 676 2528 magis,
692 2498 722 2521 ut
735 2493 840 2528 liquido

54 2543 177 2573 apparet.
187 2546 236 2573 pro
251 2539 294 2566 his
308 2539 436 2567 omnibus
448 2544 563 2571 mortem
573 2546 627 2566 non
638 2539 839 2567 recusahimus.

55 2584 83 2612 Si
96 2590 207 2619 propter
222 2585 321 2612 delicta
337 2593 397 2612 mea
412 2585 484 2612 Deus
498 2584 641 2612 victoriam
664 2585 757 2620 impiis
771 2593 839 2613 con-

54 2631 177 2662 cesserit,
195 2630 222 2658 in
240 2636 333 2659 sancta
350 2632 401 2658 [ide
417 2636 523 2663 nostra,
540 2639 622 2666 quam
635 2631 762 2660 Christus
775 2640 839 2660 san-

55 2677 138 2711 guine
155 2684 207 2706 suo
233 2677 315 2704 nobis
340 2678 457 2712 paravit;
486 2676 674 2712 periclitamur
703 2678 750 2705 :id
765 2679 838 2713 quod

53 2724 176 2750 omnium
190 2728 272 2758 caput
288 2729 339 2751 est.
355 2723 423 2751 Nam
457 2723 480 2752 si
503 2723 566 2758 quis
591 2727 678 2752 totum
705 2725 837 2752 mundum

53 2768 185 2800 lucretur,
202 2770 301 2796 animae
317 2773 407 2797 autem
418 2769 612 2797 detrimentum
633 2770 763 2805 patiatur,
773 2771 836 2806 quid

54 2814 91 2840 illi
105 2813 228 2848 proderit
240 2814 252 2841 τ
266 2814 392 2843 Secundo
418 2816 478 2844 loco
495 2816 587 2844 inclita
603 2817 691 2852 patria
704 2821 731 2844 et
744 2817 830 2844 liber-

54 2863 107 2887 tatc
128 2861 277 2894 privamur.
297 2861 544 2898 'l'ertioimpcrium
553 2864 616 2892 olim
627 2864 744 2897 illustre,
763 2873 833 2892 nunc

894 2274 954 2293 nem
969 2274 1043 2301 spem
1069 2267 1095 2293 in
1109 2266 1193 2301 gloria
1210 2265 1309 2292 invicta
1335 2264 1382 2291 Dei
1405 2264 1609 2292 colloravimus.
1639 2265 1680 2293 Illi

892 2311 1031 2342 curribus.
1046 2311 1133 2346 equis,
1159 2310 1253 2344 copiis,
1276 2309 1454 2340 multitudini.
1482 2317 1532 2336 nos
1547 2309 1603 2341 Dei,
1624 2309 1679 2336 Do-

892 2358 958 2384 mini
972 2363 998 2385 et
1015 2357 1164 2385 Salvatoris
1180 2356 1277 2387 nostri,
1294 2355 1411 2387 nomini,
1438 2355 1539 2382 deinde
1565 2355 1678 2382 detnmn

891 2403 1019 2430 manibus
1033 2407 1060 2430 et
1076 2403 1166 2430 robori
1183 2402 1302 2434 llilimus,
1316 2409 1330 2428 a
1344 2402 1437 2428 divina
1459 2401 1582 2436 potentia
1598 2402 1679 2428 nobis

890 2450 1010 2477 donatis.
1030 2450 1093 2477 Scio
1114 2449 1252 2484 equidem,
1273 2449 1343 2485 hanc
1363 2448 1590 2475 innumerabilem
1622 2449 1675 2475 ima

891 2496 998 2530 piorum
1013 2496 1119 2522 turbam
1133 2502 1208 2522 more
1224 2501 1275 2522 suo
1288 2498 1386 2521 contra
1403 2501 1454 2521 nos
1478 2501 1675 2527 processuram

889 2549 950 2569 esse
969 2549 1031 2570 cum
1053 2541 1139 2573 fastu.
1157 2541 1230 2568 elato
1251 2541 1411 2575 supercilio,
1435 2540 1577 2574 spiritibus
1603 2550 1675 2575 mag-

890 2589 933 2615 nis
954 2592 982 2616 ct
991 2588 1130 2619 violentia,
1153 2592 1184 2614 ut
1193 2594 1243 2614 nos
1263 2594 1365 2621 paucos
1378 2591 1493 2621 urgeant
1505 2591 1531 2613 et
1544 2587 1676 2613 :erumnis

889 2639 1025 2669 premant.
1045 2633 1147 2668 ingenti
1161 2633 1224 2660 item
1241 2640 1303 2660 cum
1319 2632 1440 2660 clamore
1449 2637 1475 2659 et
1487 2632 1604 2664 ululatu,
1622 2641 1677 2666 quo

889 2685 992 2708 metum
1005 2680 1086 2706 nobis
1103 2679 1231 2714 injiciant
1249 2687 1256 2706 :
1281 2686 1351 2714 quas
1363 2686 1458 2706 eorum
1486 2686 1572 2712 nugas
1592 2679 1677 2712 probe

888 2727 986 2757 nostis,
1005 2730 1035 2753 ut
1047 2725 1116 2752 nihil
1129 2725 1254 2756 attineat,
1272 2725 1306 2752 de
1334 2725 1376 2752 his
1388 2725 1490 2752 dicere.
1516 2725 1574 2751 Non
1595 2725 1675 2758 pauci

889 2776 945 2799 tum
963 2773 998 2799 ita
1012 2771 1122 2803 facient,
1138 2776 1220 2806 atque
1233 2770 1337 2805 lapides
1353 2770 1521 2805 aliaquetela
1536 2765 1674 2804 etjacuia,

887 2823 918 2845 ut
940 2825 1021 2846 arena
1041 2817 1135 2850 maris,
1161 2818 1316 2848 innumera,
1343 2817 1369 2843 in
1388 2823 1439 2843 nos
1467 2816 1650 2850 conjicientur
1665 2823 1675 2842 :

888 2865 988 2900 quibus
1003 2869 1092 2892 tamen
1106 2864 1174 2891 nihil
1203 2871 1252 2892 nos
1265 2863 1361 2891 ltesum
1395 2863 1426 2890 iri
1442 2863 1559 2895 t'OttﬁtiO,
1587 2869 1677 2897 quan-
