1931 3079
209 161 263 194 875

822 157 986 198 GEORGII
1006 157 1221 189 PIIRANTZE

1783 154 1848 187 8·ΐῦ

211 220 251 251 είς
273 218 340 246 Θεδν
364 216 412 244 τοῦ
429 213 498 244 εἶναι
522 215 654 251 ἡμετέρα.
671 213 784 247 Λοιπὸν,
798 215 919 249 ἀδελφοὶ,
938 213 998 250 χαι·
1012 218 1034 242 Δ
1048 215 1216 249 φρονήσεως.
1234 213 1267 241 ΟΞ
1293 213 1322 241 δὲ
1338 212 1466 248 Τοῦρκοι,
1497 211 1597 243 ἰδόντες
1625 211 1675 248 τὴν
1699 212 1847 247 τοσαύτην

214 271 288 299 pars,
304 263 345 290 ὅτι
370 263 384 290 ὁ
409 262 559 296 πολύτιμος
583 260 718 294 στέφανος
740 261 805 294 ὑμῖν
822 260 922 292 ἔσεται,
939 261 999 296 οὐχὶ

214 311 295 345 μόνον
311 308 430 344 φθαρτδς
444 308 490 334 καὶ
506 307 613 342 γήϊνος,
623 306 698 332 ana
709 306 756 332 καὶ
773 306 945 341 ἐπουράνιος.
969 305 1000 332 ὐ

211 357 278 387 Θεὸς
293 357 307 382 ὁ
325 355 396 390 ὑπὲρ
413 354 492 390 ἡμῶν
509 353 635 388 πολεμεῖ,
655 353 742 388 δειλίᾳ
757 352 870 388 κατέχει
884 351 914 378 τὸ
931 352 1001 386 πλῆ-

213 403 259 433 θος
275 402 329 430 τῶν
346 401 462 429 ἀσεϐῶν.
486 410 496 427 ι

254 449 310 476 Καὶ
333 448 421 475 ταῦτα
445 447 492 473 τοῦ
521 445 657 481 βασιλέως
685 446 823 480 λέγοντος,
843 445 970 480 Ἰωάννης
988 445 1001 471 ό

221 495 413 525 ’1ουστινιανὺς
436 495 450 520 ό
465 493 514 520 καὶ
538 492 693 528 στρατηγὸς
714 492 820 526 ἐπλήγη
834 492 911 524 τόξου
929 491 1000 526 βέλει

216 544 245 569 ὲν
270 543 326 573 τοῖς
350 541 474 567 σκέλεσιν
497 539 543 566 ἐπὶ
562 539 607 566 τὸν
633 538 720 571 δεξιὸν
745 538 824 565 πόδα.
842 538 927 569 Αὐτὸς
943 538 972 564 δὲ
988 539 1002 564 ὸ

215 587 342 614 τοσοῦτον
369 586 500 621 ἔμπειρος
526 585 564 611 ὢν
591 584 724 618 πολέμου,
738 584 776 615 ὡς
804 581 858 610 εἶδε
881 583 911 610 τὸ
934 580 1004 617 αἷμα

215 635 288 668 ῥέειν
304 634 336 659 ὲκ
348 632 395 659 τοῦ
413 632 539 666 σώματος
556 630 652 663 αὐτοῦ,
664 631 725 662 ὅλος
743 629 892 664 ἠλλοιώθη.
909 630 955 656 καὶ
968 629 1003 664 ἢν

214 679 370 714 προέδειξεν
399 679 513 713 ἀνδρίαν
530 679 561 704 ἐκ
578 677 626 703 τοῦ
649 677 732 710 φόϐου
756 676 851 711 ἐχασε,
869 676 918 703 καὶ
933 676 1004 702 ἀνω-

215 727 305 760 φελῶς
324 726 392 761 μετά
408 725 494 752 ταῦτα
507 724 618 759 ἔπραξε.
636 723 684 755 Ὃς
696 723 872 758 ἀνεχώρησεν
886 722 946 749 ὅθεν
958 720 1002 758 ἦν.

314 772 392 799 Μετὰ
418 771 524 805 σιωπῆς
550 770 679 804 διήρχετο
704 769 795 801 ζητῶν
824 770 944 804 ἰατροὺς,
967 770 1004 803 μὴ

219 816 398 852 μνημονεύων
413 816 462 849 τῆς
477 815 670 849 γενναιότητος
688 815 735 840 καὶ
752 814 955 847 ἐπιδεξιότητος
969 814 1004 849 ἡν

219 863 338 898 ἀρχῆθεν
364 861 458 893 ἔδειξε.
476 861 532 887 Καὶ
551 860 600 886 οὐκ
627 858 688 886 εἷπε
706 861 762 890 τοῖς
787 860 912 886 συνοῦσιν
930 860 1004 894 αὐτῷ
1021 885 1042 911 Β

218 911 305 942 οὐδὲν,
321 908 382 935 οὔτε
400 909 457 934 ἀντ’
475 907 559 935 αὑτοῦ
582 907 658 933 εἴασέ
673 915 736 933 τινα
753 906 858 940 ἕτερον,
875 906 919 932 ἵνα
934 905 972 940 μὴ
987 906 1004 941 ἡ

208 957 345 992 ¹γεγονυῖα
362 955 493 989 σύγχυσις
509 953 622 988 γένηται
646 952 693 979 καὶ
709 951 842 978 ἀπώλεια.
864 952 1006 987 Στραφέν-

217 1012 263 1035 ιιες
278 1002 306 1028 δὲ
322 1002 345 1028 οἱ
360 999 525 1034 στρατιῶται
541 999 588 1024 καὶ
606 998 643 1032 μὴ
660 997 760 1028 ἰδόντες
772 997 819 1022 τὸν
836 997 1003 1030 στρατηγὸν,

219 1050 263 1076 διὰ
281 1048 327 1074 τοῦ
347 1047 475 1082 ῥηθέντος
490 1045 570 1078 λόγου
589 1044 631 1070 ὅτι
648 1043 750 1077 ἔφυγεν
765 1043 805 1074 είς
820 1043 944 1077 ταραχὴν
959 1043 1006 1069 καὶ

220 1095 322 1122 δειλίαν
349 1092 472 1128 μεγάλην
496 1090 637 1117 ἐνέπεσον.
667 1089 697 1115 ὐ
721 1087 768 1116 οὖν
792 1089 921 1124 βασιλεὺς
936 1089 1007 1115 κατὰ

221 1138 373 1174 συγκυρίαν
397 1137 480 1164 πάλιν
502 1136 593 1162 ἐκεῖσε
619 1135 742 1169 εὑρεθεὶς
768 1135 819 1170 ὁρᾷ
843 1135 907 1166 τοὺς
926 1143 1008 1170 στρα-

219 1187 322 1217 τιώτας
339 1183 562 1219 συγκεχυμένους
580 1184 627 1209 καὶ
645 1182 764 1216 μεστοὺς
781 1181 866 1216 φόϐου
889 1183 927 1214 ὡς
940 1182 1008 1216 πρό-

221 1231 290 1258 ϐατα
303 1230 465 1263 διωκόμενα,
481 1227 528 1254 καὶ
543 1227 638 1262 μαθὼν
654 1227 685 1252 τὸ
699 1225 787 1252 αἴτιον
803 1227 850 1252 καὶ
863 1227 910 1252 τὸν
925 1235 1009 1261 στρα-

221 1277 305 1311 τηγὸν
325 1274 408 1302 αὑτοῦ
435 1273 627 1301 ’1ουστινιανδν
652 1272 714 1298 ἰδὼν
743 1272 881 1307 φεύγοντα
896 1273 1008 1306 ἐγγίσας

224 1323 300 1358 αὐτῷ
311 1322 385 1356 λέγει
400 1329 407 1336 ·
427 1329 437 1346 ι
455 1319 581 1353 Ἀδελφὲ,
597 1319 624 1345 τί
640 1318 719 1345 τοῦτο
733 1319 910 1353 πεποίηκας;
927 1319 1010 1353 Στρέ-

226 1370 277 1403 ψον
292 1369 321 1395 ὲν
335 1368 373 1402 τῷ
387 1366 594 1399 διατεταγμένῳ
611 1373 658 1390 σου
672 1365 756 1398 τόπῳ.
780 1363 813 1390 'H
831 1365 923 1399 πληγὴ
938 1363 1008 1399 αὕτη

226 1416 317 1449 ὀλίγον
329 1413 354 1440 τί
371 1414 438 1439 ἐστι.
449 1411 630 1446 Στρὲψον,ὂτι
642 1410 675 1436 τὰ
691 1410 738 1436 νῦν
752 1411 768 1444 ἡ
783 1411 885 1437 πλείων
903 1411 1008 1444 ἀνάγκη

227 1459 311 1487 ἐστίν,
332 1457 460 1488 Ἦ¹πόλις
485 1457 525 1487 εἰς
549 1455 644 1490 χεῖράς
670 1463 717 1481 σου
742 1455 888 1490 κρέμεται,
904 1456 948 1482 ἵνα
964 1455 1011 1481 λυ-

226 1503 334 1540 τρώσῃς
356 1502 452 1536 αὐτήν.
470 1510 479 1527 ι
503 1500 591 1528 Πολλὰ
605 1500 634 1526 δὲ
657 1499 782 1530 είπόντος
808 1500 855 1526 τοῦ
879 1499 1011 1534 βασιλέως

1051 259 1183 294 σύγχυσιν
1200 259 1254 286 τῶν
1270 260 1426 294 ἡμετέρων,
1450 259 1550 293 Θάρσος
1565 258 1673 285 ἔλαϐον.
1689 259 1769 286 Ἐκεῖ
1793 261 1848 284 καὶ

1050 305 1064 331 ὁ
1081 305 1167 338 Σογὰν
1183 306 1305 339 μπασιᾶς
1319 304 1418 340 παρὼν
1434 305 1491 336 τοῖς
1512 304 1704 338 ίαννιτξαρίοις
1719 305 1767 331 καὶ
1781 305 1847 335 τοῖς

1052 351 1156 386 ἑτέροις
1168 351 1320 386 διαλεχθεὶς
1333 352 1483 386 ἐπήγειρεν
1499 351 1588 378 αὐτῶν
1607 351 1641 377 τὰ
1661 352 1847 385 φρονήματα.

1052 398 1108 424 Καί
1136 406 1177 429 τις
1207 396 1376 432 ιαννίτζαρις
1403 397 1525 432 τοῦνομα
1557 397 1687 430 Χασάνης
1718 397 1763 430 (ἐκ
1794 396 1847 423 to?

1053 445 1205 472 Λουπαδίου
1229 445 1243 471 ὸ
1270 445 1444 479 γιγαντώδης
1472 444 1586 479 ὥρμητο
1619 444 1739 479 λένδρος)
1769 444 1846 478 ὑπὲρ

1053 491 1176 525 κεφαλῆς
1191 492 1225 526 τῇ
1242 491 1377 527 ἀριστερᾷ
1389 491 1461 526 χειρὶ
1477 491 1523 517 τὸν
1537 490 1634 525 θυρεὸν
1652 490 1752 525 βαλὼν,
1766 491 1802 524 τῇ
1817 490 1848 516 δὲ

1053 538 1128 572 δεξιᾷ
1140 539 1170 564 τὸ
1184 537 1260 572 ξίφος
1273 539 1477 573 ἀσπασάμενος,
1491 538 1538 564 ἐπὶ
1556 539 1587 564 τδ
1602 539 1701 572 τεῖχος,
1713 534 1744 564 οὗ
1757 537 1848 564 ἐθεώ-

1056 595 1098 620 ρει
1127 586 1175 619 τὴν
1201 585 1344 620 σύγχυσιν.
1374 585 1524 621 ἐχώρησεν.
1557 584 1638 619 285
1665 585 1784 611 Ἔποντο
1817 584 1847 610 δὲ

1054 631 1128 666 αὐτῷ
1142 631 1189 658 καὶ
1207 632 1297 665 ἕτεροι
1318 631 1387 657 ὡσεὶ
1404 632 1563 666 τριάκοντα,
1579 631 1629 664 τὴν
1655 627 1768 664 ἀνδρίαν
1795 629 1849 664 ζη-

1054 676 1201 709 λώσαντες.
1218 678 1249 704 Οἱ
1276 677 1304 703 δὲ
1330 677 1565 711 ὲναπομείναντες
1593 676 1723 710 ἡμέτεροι
1749 676 1780 702 ὲν
1803 675 1848 710 τῷ

1055 724 1140 757 τείχει
1155 723 1352 757 κατηκόντιζον
1365 723 1464 754 αὐτοὺς
1480 723 1527 749 καὶ
1545 722 1651 757 βέλεσιν
1667 722 1783 749 ἔϐαλλον
1800 723 1851 748 καὶ

1056 768 1147 800 λίθους
1167 768 1372 803 ὑπερμεγέθεις
1388 768 1496 796 ὲκὺλιον
1512 769 1574 795 κατ’
1588 768 1678 795 αὐτῶν
1689 776 1696 784 ·
1715 769 1783 795 δέκα
1799 769 1850 794 και

1057 814 1129 845 ὀκτὼ
1154 814 1184 846 ἐξ
1205 815 1296 841 αὐτῶν
1312 815 1535 849 ἁπεκρὴμνισαν.
1560 814 1590 841 Ὀ
1614 815 1642 841 δὲ
1666 814 1798 849 Χασὰνης
1817 815 1849 840 οὗ

1058 860 1191 895 πρότερον
1207 860 1308 894 ἐπέσχε
1335 861 1386 895 τὴν
1399 860 1517 896 όρμὴνὴ
1533 861 1656 886 ἀνελθεῖν
1674 861 1702 887 ὲν
1719 862 1774 892 τοῖς
1790 860 1850 886 τείο

1056 915 1116 940 χεσι
1141 906 1188 932 καὶ
1207 906 1361 941 τρέψασθαι
1382 906 1447 938 τοὺς
1471 907 1634 941 ἡμετέρους.
1656 906 1755 933 Ὶὶνίκα
1782 906 1850 939 γοῦν

1056 951 1192 986 ἐκράτησε
1210 952 1259 986 τῆς
1273 952 1486 986 ἐπιχειρήσεως,
1505 953 1553 978 καὶ
1566 953 1658 987 ἕτεροι
1675 952 1770 979 πολλοὶ
1785 954 1851 979 ἀκο-

1056 997 1236 1032 λουθήσαντες
1266 997 1419 1032 ἀνήρχονιο
1443 999 1483 1030 εἰς
1513 998 1543 1024 τὸ
1575 1000 1675 1033 τεῖχος.
1700 999 1759 1026 Καὶ
1781 999 1848 1030 τοὺς

1057 1042 1252 1074 ἀναϐαίνοντας
1265 1043 1316 1069 οὐκ
1331 1043 1454 1077 ἔφθασαν
1469 1044 1586 1071 κωλύειν
1608 1045 1633 1071 οι
1649 1045 1784 1079 ἡμέτεροι
1803 1045 1848 1071 διὰ

1056 1089 1106 1124 τὴν
1129 1089 1276 1124 ὀλιγότητα
1290 1097 1296 1105 ·
1314 1089 1339 1116 οἱ
1364 1089 1391 1117 δὲ
1418 1090 1546 1124 πολέμιοι
1565 1090 1669 1126 πλῆθος
1683 1089 1768 1127 ἦσαν.
1784 1092 1850 1122 Τοῖς

1056 1135 1085 1161 δὲ
1113 1135 1231 1162 ἀναϐᾶσι
1258 1135 1464 1170 συμπλέκοντες
1491 1137 1637 1172 ἐμάχοντο,
1658 1139 1706 1165 καὶ
1732 1136 1768 1173 ἧν
1797 1140 1850 1165 οὐκ

1057 1179 1147 1213 ὀλίγος
1169 1180 1260 1206 αὐτῶν
1286 1181 1300 1206 ὁ
1325 1180 1415 1214 φόνος.
1435 1181 1490 1208 Καὶ
1504 1183 1517 1208 ό
1534 1182 1665 1217 Χασάνης
1691 1183 1851 1219 μαχόμενος

1059 1225 1258 1260 προσπαισοεὶς
1269 1226 1358 1262 πέτρᾳ
1369 1227 1424 1253 τινι
1435 1227 1599 1255 κατέπεσεν.
1614 1228 1850 1264 Ἐπιστραςρέντες

1058 1271 1086 1298 δὲ
1100 1271 1125 1297 οί
1141 1272 1274 1306 ἡμέτεροι
1299 1273 1347 1298 καὶ
1366 1273 1467 1304 ἰδόντες
1489 1273 1572 1301 αὐτὸν
1589 1274 1717 1309 κείμενον
1730 1276 1851 1309 πέτραις

1059 1317 1171 1343 ἔϐαλλον
1190 1317 1324 1343 πάντοθεν
1337 1326 1345 1333 ·
1375 1319 1389 1345 ὁ
1403 1318 1432 1344 δὲ
1462 1319 1502 1350 είς
1529 1320 1594 1353 γόνυ
1611 1320 1758 1352 διαναστὰς
1777 1322 1847 1357 ἠμύ-

1060 1371 1130 1392 νετο,
1146 1363 1198 1389 ὑπὸ
1212 1363 1239 1389 δὲ
1257 1363 1303 1389 τοῦ
1332 1363 1453 1398 πλήθους
1473 1364 1529 1390 τῶν
1544 1367 1710 1400 τραυμάτων
1727 1368 1849 1402 παρείθη

1059 1408 1108 1441 τὴν
1121 1407 1212 1440 δεξιὰν
1228 1411 1276 1434 καὶ
1298 1408 1464 1443 κατεχώσθη
1486 1411 1543 1442 τοῖς
1562 1411 1662 1445 βέλεσι.
1682 1413 1740 1440 Καὶ
1757 1413 1847 1448 ἕτεροι

1061 1453 1155 1480 πολλοὶ
1181 1454 1396 1489 ἀπεκτάνθησαν
1423 1455 1471 1481 καὶ
1495 1456 1655 1490 ἐπλήγησαν
1679 1458 1726 1484 καὶ
1753 1458 1849 1486 ἕνεκεν

1061 1499 1115 1525 τῶν
1130 1500 1298 1534 τραυμάτων
1313 1500 1382 1533 πρὸς
1402 1501 1432 1527 τὺ
1446 1502 1628 1535 στρατόπεδον
1646 1491 1848 1539 ἐκομίσθησαν.

225 1550 300 1584 αὐτῷ
316 1549 391 1576 οὐδὲν
407 1547 584 1582 ἀπεκρίνατο,
600 1545 658 1572 ἀλλ’
672 1547 701 1572 ἐν
714 1547 752 1581 τῷ
766 1541 873 1582 Γαλατᾷ
885 1547 1009 1581 περάσας
1023 1554 1044 1583 c
1061 1543 1127 1571 Εἶτα
1153 1546 1281 1572 τοσοῦτον
1309 1546 1413 1578 ἀναϐὰν
1441 1547 1470 1573 τὺ
1495 1547 1597 1581 πλῆθος
1619 1549 1674 1575 τῶν
1710 1551 1851 1585 πολεμίων

226 1596 346 1631 αἰσχρῶς
377 1595 436 1622 ἐκεῖ
462 1593 578 1628 τελευτᾷ
605 1594 636 1620 ὲκ
662 1592 712 1627 τῆς
733 1593 846 1626 πικρίας
870 1594 917 1620 καὶ
933 1602 1011 1628 περι-

227 1689 265 1715 Ac
279 1687 404 1722 gaudete,
421 1685 533 1717 fratres,
549 1684 680 1719 quoniam
695 1690 795 1710 corona
811 1683 1012 1717 pretiosissima

227 1731 437 1766 vobisrepnslta
451 1735 504 1762 est,
518 1738 572 1757 non
590 1729 662 1757 ﬂuxa
677 1735 704 1758 et
721 1735 828 1758 terrena
846 1730 947 1762 solum,
965 1729 1012 1756 sed

226 1779 309 1806 etiam
327 1777 459 1804 caelestis.
486 1775 539 1808 Qui
559 1782 608 1809 pro
628 1775 708 1802 nobis
727 1778 830 1810 pugnat
855 1773 938 1808 Deus,
962 1774 1014 1802 im-

228 1827 338 1861 piorum
356 1824 449 1858 copias
466 1822 613 1850 formidine
628 1821 749 1849 cohibet.
763 1830 771 1847 ι

262 1871 324 1898 Haec
347 1869 454 1896 dicente
479 1867 657 1901 imperatore,
685 1865 805 1893 Joannes
840 1864 1014 1893 Justinianus

228 1917 282 1943 dux
298 1916 397 1950 sagitta
411 1913 574 1939 vulneratus
589 1915 633 1939 est
649 1911 676 1938 in
692 1912 806 1939 dextero
821 1911 902 1945 pede.
916 1909 963 1937 Vir
974 1910 1014 1938 rei

229 1961 355 1988 militaris
367 1965 421 1986 tam
433 1958 543 1992 egregie
555 1958 671 1990 peritus,
687 1957 733 1984 ubi
750 1957 911 1990 sanguinem
927 1963 942 1983 e
954 1963 1014 1983 cor-

230 2015 296 2041 pore
317 2004 499 2040 proﬂuentem
515 2003 593 2034 vidit,
609 2007 684 2030 totus
707 2006 839 2034 mutatus,
855 2009 945 2035 quam
954 2006 1016 2028 ante

229 2052 388 2078 ostenderat
409 2049 552 2079 virtutem.
581 2047 673 2074 statim
702 2054 804 2081 pavore
829 2046 941 2082 abjecit,
966 2053 1016 2074 nec

231 2098 381 2133 quidquam
398 2099 491 2130 postea
515 2101 604 2128 opera.-
618 2094 740 2125 navavit,
757 2094 803 2121 sed
822 2094 892 2126 loco,
914 2094 940 2120 in
961 2101 1015 2128 quo

231 2148 303 2175 erat,
315 2142 422 2172 relicto,
437 2148 498 2167 cum
512 2139 622 2167 silentio
638 2139 777 2171 discessit,
793 2138 928 2165 medicum
942 2146 1016 2174 qua:-

232 2196 306 2220 rens.
323 2195 374 2215 nec
390 2193 495 2214 memor
508 2185 679 2212 fortitudinis
692 2189 719 2211 et
735 2185 917 2216 dexteritatis,
932 2192 1014 2219 quam

1063 1592 1125 1622 τοὺς
1164 1592 1321 1627 ἡμετέρους
1348 1593 1542 1626 διεσκέδασαν,
1571 1595 1616 1620 καὶ
1645 1590 1761 1629 ἀφέντες
1790 1598 1851 1628 τοὺς

1064 1686 1120 1714 tus,
1142 1689 1261 1709 maerore
1289 1682 1368 1710 obiit.
1394 1683 1507 1711 Interim
1532 1683 1638 1717 Turcre,
1661 1686 1851 1714 animadversa

1064 1733 1140 1754 tanta
1153 1732 1310 1755 nostrorum
1323 1729 1539 1763 perturbatione,
1553 1735 1718 1764 receperunt
1731 1731 1851 1762 animos;

1065 1776 1150 1805 atque
1162 1771 1253 1806 Sogan
1271 1772 1360 1799 basias
1372 1772 1540 1807 jannitzaros
1553 1774 1676 1808 aliosque
1689 1775 1852 1802 adhortatus

1064 1819 1162 1846 erexit.
1175 1817 1353 1846 Jannitzarus
1365 1819 1489 1854 quidam,
1509 1820 1619 1847 nomine
1632 1819 1786 1856 Chasanes,
1801 1821 1850 1848 Lu-

1065 1863 1145 1896 padio
1162 1864 1310 1896 oriundus,
1335 1865 1438 1900 ingenti
1452 1865 1578 1900 corporis
1596 1866 1796 1900 magnitudine,
1816 1867 1852 1894 si-

1065 1910 1151 1937 nistra
1163 1918 1245 1938 manu
1258 1918 1339 1946 supra
1352 1915 1435 1946 caput
1447 1917 1554 1939 scutum
1569 1912 1746 1946 protendens,
1757 1913 1849 1941 dextra

1066 1956 1186 1992 gladium
1200 1957 1351 1992 stringens,
1364 1957 1397 1984 ad
1413 1951 1534 1990 murum,
1547 1965 1599 1992 qua
1608 1959 1733 1986 turbatos
1744 1965 1852 1987 nostros

1065 2002 1145 2035 vidit,
1179 2003 1328 2037 processit,
1358 2003 1470 2030 circiter
1485 2003 1594 2038 triginta
1621 2004 1730 2032 virtutis
1746 2007 1852 2033 aemulis

1067 2048 1258 2082 sequentibus.
1277 2048 1367 2075 Nostri
1393 2053 1558 2076 manserunt
1586 2050 1623 2076 ina
1637 2057 1727 2082 muro,
1751 2058 1852 2086 eosque-

1066 2094 1166 2128 jaculis
1181 2099 1208 2121 et
1224 2094 1374 2129 grandibus
1384 2095 1459 2122 saxis
1476 2100 1644 2129 exeeperunt
1658 2100 1743 2130 atque
1759 2097 1850 2124 decem

1067 2144 1094 2166 et
1112 2144 1173 2166 octo
1203 2139 1392 2167 deturbarunt.
1410 2139 1510 2167 Verum
1535 2141 1677 2168 Chasanes
1701 2149 1757 2169 non
1780 2151 1853 2177 prius

1068 2184 1174 2225 remisit
1201 2185 1343 2219 impetum,
1368 2193 1462 2217 quam,
1481 2190 1603 2213 escenso
1630 2195 1721 2219 muro,
1747 2195 1854 2215 nostros

232 2242 247 2261 a
264 2233 400 2269 principio
417 2233 583 2266 praestiterat
601 2239 608 2257 :
627 2237 677 2257 nec
695 2238 758 2256 vero
779 2229 813 2256 iis
827 2231 873 2264 qui
890 2231 1013 2261 aderant,
1033 2230 1053 2256 D
1069 2230 1183 2264 fugaret.
1212 2231 1361 2265 Postquam
1387 2231 1470 2266 igitur
1491 2239 1558 2259 auso
1582 2233 1684 2267 potitus
1703 2239 1756 2267 ρει,
1773 2236 1853 2262 etiam

232 2280 317 2306 ullum
334 2279 445 2305 verbum
462 2277 538 2308 fecit,
552 2281 598 2303 aut
617 2276 659 2302 sui
680 2275 811 2302 vicarium
828 2275 947 2310 reliquit,
963 2283 1017 2309 quo

233 2324 420 2358 impediretur,
434 2330 496 2358 qua:
509 2327 602 2350 secuta
617 2326 670 2352 est.
686 2320 813 2348 confusio
831 2325 858 2348 et
870 2320 1015 2355 pernicies.

231 2370 364 2399 Conversi
391 2369 462 2397 enim
492 2368 604 2400 milites,
633 2375 694 2395 cum
712 2367 809 2393 ducem
837 2373 890 2392 non
909 2366 1017 2400 conspi-

231 2418 319 2449 ciunt,
336 2416 382 2443 sed
410 2416 512 2450 fugisse
532 2415 660 2446 audiunt,
687 2415 714 2440 in
740 2413 972 2448 perturbationem
990 2417 1017 2439 et

235 2470 334 2489 Inclunl
353 2463 489 2495 ingentem
513 2460 680 2487 inciderunt.
698 2459 803 2485 llursus
827 2458 897 2485 forte
924 2459 1018 2485 aderat

235 2510 406 2542 imperator:
429 2506 476 2540 qui
491 2506 536 2533 ubi
563 2505 666 2532 milites
685 2504 860 2540 perturbatos
874 2509 901 2531 et
922 2505 1016 2538 plenos

233 2555 340 2584 timore,
367 2553 439 2579 velut
456 2559 520 2578 oves
536 2551 631 2579 bestiis
656 2551 786 2586 agitalas,
806 2550 882 2582 viditl
907 2557 1015 2577 causam

234 2599 347 2626 edoteus
370 2595 598 2624 etJustinianum
622 2594 767 2630 profugum
785 2590 1032 2626 animadvertens,‘

234 2645 274 2670 sic
285 2651 347 2670 eum
361 2642 519 2677 aggreditur
538 2649 545 2668 :
566 2650 574 2666 ι
592 2640 627 2670 Mi
644 2640 740 2671 frater,
756 2640 854 2675 inquit,
868 2639 932 2674 quid
947 2640 1016 2666 istud

235 2690 314 2724 agis?
329 2689 394 2715 Redi
411 2688 437 2715 in
455 2687 545 2715 locum
561 2691 638 2713 tuum
658 2694 666 2713 ε
681 2687 760 2721 plaga
775 2687 825 2714 ista
839 2686 942 2713 modica
959 2691 1015 2717 est;

235 2737 306 2767 redi,
325 2735 424 2762 amabo
442 2739 468 2761 te
483 2742 490 2766 ;
506 2734 614 2768 gravior
627 2733 699 2760 enim
718 2740 790 2759 nunc
803 2731 953 2759 necessitas
970 2737 1017 2758 ur-

235 2785 290 2816 get.
309 2779 377 2807 Urbs
393 2780 419 2806 in
436 2779 564 2806 manibus
580 2780 635 2807 tuis
650 2782 704 2809 est,
720 2785 734 2804 a
748 2782 774 2804 tc
789 2777 922 2805 servanda
938 2782 989 2804 est.
1005 2786 1014 2803 ι

235 2826 294 2852 Alia
309 2826 384 2858 plura
400 2824 520 2852 monenti
541 2824 697 2859 imperatori
718 2823 784 2850 nihil
805 2823 957 2857 respondit,
971 2823 1016 2849 sed

235 2871 356 2897 Galalam
369 2870 509 2904 trajectus,
521 2870 618 2897 ibidem
633 2870 660 2896 in
672 2870 900 2903 contemptionem
915 2869 1016 2895 adduc-

1068 2275 1145 2302 multi
1162 2276 1217 2307 alii,
1231 2283 1295 2303 eum
1314 2278 1413 2308 secuti,
1433 2277 1460 2304 in
1479 2285 1593 2304 inurunt
1604 2279 1770 2311 evadebant,
1788 2288 1854 2313 quos

1068 2320 1154 2347 nostri
1171 2326 1282 2354 propter
1296 2321 1466 2355 paucitatem
1488 2321 1633 2356 prohibere
1650 2330 1705 2350 non
1720 2329 1852 2357 poterant.

1068 2374 1129 2393 cum
1148 2366 1267 2392 hostium
1283 2373 1399 2400 magnus
1415 2374 1548 2394 numerus
1563 2372 1648 2395 esset.
1670 2367 1800 2396 Praalium
1818 2375 1854 2397 ta-

1069 2419 1130 2437 men
1147 2418 1208 2438 eum
1226 2411 1325 2445 iis,qui
1343 2411 1748 2444 ascenderem,commiserunt
1762 2421 1850 2443 etnon

1069 2457 1194 2491 exiguam
1213 2458 1239 2483 in
1261 2464 1310 2484 eos
1330 2457 1474 2484 ediderunt
1498 2459 1611 2486 caedem.
1628 2460 1688 2493 ipse
1701 2460 1851 2494 Cbasanes,

1068 2502 1139 2528 inter
1154 2502 1327 2534 pugnandum
1353 2510 1420 2529 saxo
1435 2502 1566 2534 olTensus,
1587 2505 1746 2538 procubuit.
1766 2507 1849 2538 Quem

1068 2555 1130 2574 cum
1144 2548 1268 2574 conversi
1287 2548 1373 2574 nostri
1387 2548 1522 2581 jaceutetn
1547 2550 1649 2582 vident,
1679 2551 1786 2586 lapides
1803 2561 1850 2579 uu-

1068 2594 1152 2628 dique
1169 2593 1195 2620 in
1213 2601 1274 2620 eum
1291 2594 1452 2628 cenjiciunt.
1472 2595 1520 2621 Ille
1536 2595 1562 2622 in
1578 2603 1666 2630 genua
1686 2597 1792 2630 enisus,
1805 2607 1852 2633 pu-

1068 2640 1179 2674 gnabat,
1206 2639 1252 2665 sed
1272 2648 1332 2665 mox
1361 2641 1501 2673 plagarum
1525 2641 1701 2669 nmltiludine
1726 2645 1849 2671 manibus

1069 2685 1191 2719 elanguit
1215 2689 1241 2712 et
1265 2685 1326 2711 telis
1347 2685 1462 2712 obrutus
1487 2690 1539 2713 est.
1557 2685 1633 2713 Multi
1656 2687 1721 2714 item
1739 2688 1786 2715 alii
1806 2694 1850 2716 aut

1069 2731 1167 2762 ocrisi,
1193 2735 1240 2757 aut
1266 2731 1401 2757 vulnerati
1423 2736 1450 2758 et
1476 2737 1588 2766 propter
1602 2733 1694 2768 plagas
1713 2734 1739 2760 in
1765 2740 1848 2764 castra

1069 2776 1204 2809 asportati
1222 2780 1295 2803 sunt.
1321 2775 1442 2803 Tandem
1469 2777 1560 2804 hostes
1584 2778 1746 2805 catervatim
1775 2788 1847 2807 muro

1068 2821 1157 2856 potiti,
1175 2826 1285 2848 nostros
1303 2821 1481 2854 dissiparant,
1505 2822 1562 2856 qui,
1582 2822 1685 2850 relictis
1707 2825 1846 2852 exteriori-

1069 2869 1120 2895 bus
1139 2866 1284 2898 mumilms,
1308 2874 1355 2900 per
1372 2863 1478 2901 portam
1504 2867 1529 2894 ir,
1549 2869 1644 2904 urbem
1665 2871 1846 2903 irrumpeuter
