1931 3079
107 135 160 167 885

631 143 848 174 CIIRONICON
869 119 1002 174 MAlllS.
1018 155 1050 160 —
1064 143 1138 172 LIB.
1155 142 1213 172 III.

1672 137 1722 167 886

83 205 85 208 ⁴
108 193 122 219 6
136 193 183 220 τ)ῦ
204 193 300 230 Κηδὰρ
317 195 397 230 295
418 196 552 231 ἀπόγονος
570 198 714 234 ἐγέννησεν
740 200 815 232 υἱοὺς
831 199 890 232 δύο,
905 201 928 230 Α
942 197 982 233 τῷ
1001 198 1090 232 ἀνδρί.
1119 198 1169 224 Διὰ
1190 196 1269 223 τοῦτο
1295 195 1404 230 λέγουσι
1419 177 1472 220 ¹καὶ
1491 195 1513 221 oi
1534 194 1635 224 πάντες
1651 194 1692 219 ὅτι
1711 196 1724 217 ο

108 237 250 273 Ἁῖὀζῖδαρον
267 241 314 266 καὶ
339 241 465 276 Ῥαὸἱαν,
488 244 501 269 6
525 244 554 270 δὲ
578 244 722 280 Μὸὗδαρος
747 245 892 280 Κοὺσαρον

109 285 156 309 καὶ
172 285 274 311 Καῖτον
296 287 341 312 καὶ
358 288 478 322 Θεμίνην
496 290 544 316 καὶ
563 291 690 322 Ἀσαδον,
707 291 720 316 ὁ
740 291 768 318 δὲ
785 292 892 319 Κούσα-

110 337 156 363 ρος
167 329 213 356 τὸν
231 331 404 364 Ἀὄεδονλᾶν,
419 335 432 360 6
444 334 472 361 δὲ
496 335 657 368 Ἀὁεδουλᾶς
677 338 724 363 τὴν
740 338 892 373 ψευδοπρο-

109 377 199 410 φήτην
214 378 261 403 καὶ
278 378 454 415 ἅντίχριστον
479 382 614 416 Μωάμεθ.
640 383 785 418 Γεννηῦεὶς
800 383 828 410 δὲ
845 384 892 410 καὶ

109 422 276 457 ἀνατραφεὶς
302 426 383 461 πενία
399 427 486 458 συζῶν
513 429 561 455 καὶ
586 430 772 463 κτηνοτρόφος
788 429 825 456 ὢν
845 422 904 456 καὶ.

110 468 228 501 μάλιστα
247 470 486 506 σεληνιαζόμενος,
499 474 648 507 φωτισθεὶς
663 475 698 501 τὰ
714 475 762 501 τοῦ
780 476 892 506 σκότους

109 514 186 549 παρὰ
202 515 248 541 τοῦ
268 517 371 551 πατρὸς
390 518 475 545 αὐτοῦ
492 519 539 545 τοῦ
562 521 679 552 Σατανᾶ,
694 520 892 556 ὲκατὼροωσεν

108 559 126 585 ἃ.
150 559 238 594 ἕτεροι
269 562 366 589 πολλοὶ
385 564 570 599 συνέγραψαν,
594 567 659 601 περὶ
681 562 719 593 ὧν
744 567 793 592 οὐκ
817 567 892 592 ἐστιν

108 605 174 639 ἡμῖν
198 606 346 640 ἀναγκαῖον
370 609 535 643 διηγεῖσθαι.
555 611 626 646 Πλὴν
646 611 743 646 ὀλίγων
762 612 844 638 τινῶν
855 613 892 644 ,ἐκ

108 651 163 677 τῶν
182 652 264 679 αὐτοῦ
281 654 388 688 μιαρῶν
403 655 491 690 ἔργων
504 658 552 683 καλ¹
568 659 693 693 πονηρῶν
705 659 801 692 μνείαν
816 660 893 694 ποιή-

110 706 212 731 σωμεν.
226 697 310 731 Οὗτος
324 701 337 726 6
352 701 515 737 παμμίαρος
530 704 562 730 ὲκ
579 704 635 730 τῶν
661 704 785 738 Ἐϐρίὸου
805 706 892 740 ὀρέων

108 743 232 779 ὥρμητο,
247 746 294 772 καὶ
317 747 425 781 πρῶτον
444 748 493 782 μὲν
512 749 605 781 δοῦλος
621 750 753 785 ὑπάρχων
767 751 821 777 τινὶ
840 759 892 784 γυ-

109 791 184 815 ναικὶ
199 791 272 825 χήρᾳ
289 793 334 818 καὶ
354 791 485 828 ὁμοφύλῳ
499 794 595 828 αὑτοῦ,
611 795 725 831 πλουσίᾳ
741 797 824 828 πάνυ,
835 797 892 823 ὀνό-

110 843 175 868 ματι
202 837 326 871 Χαδιχᾶ·
343 838 373 869 ὃς
392 839 462 873 μετὰ
479 840 529 874 τῆς
548 841 681 876 πονηρίας
707 842 755 869 καὶ
773 851 892 877 πιινουρ⁸

944 242 1066 277 Μωάμεθ
1086 242 1170 277 ὥρισε
1197 242 1262 272 τοὺς
1289 240 1422 275 μοναχοὺς
1441 240 1545 270 πάντας
1565 238 1669 268 ἀτελεῖς
1685 235 1724 263 εἷ-
1760 243 1764 246 ”

943 296 988 314 ναι
1006 288 1052 314 καὶ
1067 286 1285 322 ἀφορολογήτους
1311 284 1356 311 διὰ
1371 284 1419 319 τὴν
1435 283 1481 310 τοῦ
1502 283 1642 318 ψευδαὸὃᾱ
1656 282 1725 316 Σερο

943 335 1003 369 γίου
1021 333 1124 368 φιλίαν,
1150 333 1197 360 καὶ
1221 332 1308 363 οὕτως
1336 330 1530 365 παρήγγειλεν,
1548 329 1661 362 Ἔλεγεν
1677 327 1723 354 οὖν

943 381 1002 410 ταῖς
1020 379 1144 414 γυναιξὶν
1164 379 1233 414 αὑτὴ
1247 379 1288 405 ὅτι
1306 379 1320 404 6
1336 377 1404 411 ἀνὴρ
1421 376 1505 409 αὐτῆς
1523 375 1667 410 προφήτης
1680 374 1724 399 ἔσ-

942 425 996 451 τίν.
1007 424 1063 451 Καὶ
1081 424 1158 460 παρᾶ
1172 423 1227 449 τῶν
1240 422 1378 456 γυναικῶν
1394 421 1433 452 είς
1446 421 1507 451 τοὺς
1519 419 1618 454 ἄνδρας
1633 417 1722 444 αὐτῶν

943 470 1102 504 κηρυχθείς,
1117 470 1163 495 καὶ
1178 469 1264 500 οὕτως
1276 469 1303 494 ὲν
1319 467 1357 500 τῷ
1369 467 1464 501 κόσμῳ
1484 465 1560 500 παρὰ
1575 465 1629 491 τῶν
1641 464 1724 500 ἀφρό-

943 523 996 541 νων
1011 515 1024 540 6
1038 513 1267 549 ψευδοπροφήτης
1291 512 1459 545 ὠνόμασται,
1482 510 1529 535 καὶ
1545 509 1597 539 ἕως
1615 507 1661 534 τοῦ
1677 508 1724 534 νῦν

943 563 973 588 τὸ
987 561 1052 586 αὐτὸ
1065 560 1137 594 μέγα
1148 559 1245 594 ψεῦδος
1257 558 1335 593 παρᾶ
1349 556 1404 583 τῶν
1423 555 1602 590 Ἰσμαηλιτῶν
1619 554 1724 589 ᾄδεται.

949 606 1152 641 Ἀποοανούσης
1178 605 1207 631 δὲ
1224 605 1273 639 τῆς
1301 604 1432 638 γυναικὸς
1450 601 1533 629 αὑτοῦ
1556 601 1724 636 κληρονόμος

943 652 990 678 τοῦ
1008 646 1065 686 βίον
1084 651 1132 678 καὶ
1153 651 1269 677 πλούτου
1285 649 1332 676 τοῦ
1354 649 1483 676 τοσούτου
1508 647 1594 682 αὐτῆς
1612 646 1726 680 γενόμε-

943 706 997 729 νος,
1015 697 1154 731 φύλαρχος
1176 697 1229 721 τῶν
1253 695 1435 730 Ἰσμαηλιτῶν
1450 693 1504 720 τῶν
1529 693 1588 719 ἐκεῖ
1603 691 1725 726 ἐχρημά-

943 743 1029 774 τιζεν.
1056 741 1123 769 Εἶτα
1150 742 1297 777 ἐρχόμενος
1319 742 1332 767 6
1350 740 1477 775 βασιλεὺς
1500 738 1662 773 Ἡράκλειος
1687 735 1726 770 τῷ

944 791 1005 816 τότε
1022 789 1111 824 καιρῷ
1133 790 1163 815 ἐκ
1185 789 1235 822 τῆς
1261 788 1395 822 Περσίδος
1415 786 1483 821 μετὰ
1500 786 1576 819 νίκης
1593 784 1725 819 μεγάλης,

944 836 991 862 καὶ
1001 835 1086 861 οέλων
1098 835 1219 869 περᾶσαι
1236 834 1351 867 πλησίον
1364 833 1430 859 ὡσεὶ
1445 832 1558 866 ἡμερῶν
1571 830 1654 857 τινῶν
1667 829 1726 856 ὁδον

72 889 87 915 ἰ
108 881 172 914 γίας
187 883 268 909 αὑτοῦ
286 884 335 919 τὴν
353 885 451 912 ἑαυτοῦ
470 888 568 920 κυρίαν
645 890 764 922 γυναῖκα
784 875 892 921 ἔλαβες,
909 875 929 901 Β
945 882 972 907 ἐν
985 881 1102 911 ἐκείνοις
1124 881 1180 911 τοῖς
1192 879 1309 913 μέρεσιν
1326 879 1390 904 ἔνθα
1407 877 1526 911 διέτριὸε
1542 877 1589 903 καὶ
1605 875 1726 910 κατῴκει

109 929 155 953 καὶ
168 928 294 963 δαιμόνια
311 929 381 965 ἔχων
392 932 439 958 καὶ
451 932 561 960 πίπτων
574 935 620 960 καὶ
632 935 742 969 τρέμων
756 937 804 963 καὶ
813 936 895 970 ἀφρί-

109 975 163 1004 ζων
188 975 268 1006 αὐτὸς
283 975 313 1002 τὸ
331 977 419 1009 πάθος
445 981 695 1013 μετεσχημάτιζεν,
709 981 783 1012 ὅπως
799 981 835 1015 μὴ
852 982 894 1007 αἱ-

109 1019 240 1055 σχύνηται
256 1022 272 1056 t‘)
291 1023 359 1057 γυνὴ
380 1025 426 1050 καὶ
445 1025 527 1059 κυρία
545 1025 638 1058 αὑτοῦ,
663 1027 826 1061 μεμφομένῃ
843 1027 893 1052 αὑ-

109 1066 154 1091 τὸν
168 1067 226 1098 πῶς
243 1069 411 1103 συνεζεύχοη
427 1070 542 1104 τοιούτῳ
555 1071 651 1105 πένητι
665 1073 713 1097 καὶ
727 1072 892 1108 δαιμονήτῃ·

109 1112 155 1137 τὸν
174 1111 292 1145 ἄγγελον
307 1113 428 1149 Γαϐριὴλ
440 1115 535 1149 ἔλεγεν
550 1116 592 1142 ὅτι
605 1117 678 1152 ἑώρα
691 1116 807 1150 λέγοντα
820 1117 894 1152 αὒτῷ

108 1156 141 1182 τὰ
162 1157 295 1191 μέλλοντα
317 1159 479 1194 συμὸαίνειν
494 1162 522 1187 ὲν
543 1161 582 1196 τῷ
600 1162 697 1196 κόσμῳ
715 1163 767 1188 «καὶ
788 1163 895 1189 ἀποκα-

109 1203 258 1238 λύπτοντα,
284 1206 320 1236 ὡς
346 1205 407 1238 ἕοος
434 1207 493 1233 ἐστὶ
521 1209 590 1234 πᾶσι
619 1210 676 1240 τοῖς
703 1210 832 1243 μοναχοῖς
848 1210 896 1236 καὶ

108 1252 280 1286 προφήταις·
296 1253 328 1278 ἐκ
344 1252 390 1279 τοῦ
407 1254 491 1287 φόϐου
507 1254 634 1285 ἐξίστατο
649 1255 696 1281 καὶ
713 1255 825 1282 ἑδειλία.
840 1253 895 1282 Ἦν

109 1297 138 1322 δέ
151 1293 193 1327 τις
209 1297 365 1330 φευδαὸὃᾶς
382 1298 497 1333 ὀνόματι
512 1300 638 1334 Σέργιος,
653 1300 697 1326 διὰ
711 1301 895 1327 κακοπιστίαν

110 1343 142 1368 ἐκ
157 1342 206 1376 τῆς
219 1343 535 1375 Κωνσταντινουπόλεως
545 1345 696 1379 ἐξόριστος,
708 1345 756 1372 καὶ
767 1346 842 1379 φίλος
857 1341 896 1372 ὣν

110 1388 149 1423 τῷ
163 1389 287 1422 Μωάμεθ
303 1397 310 1405 ·
323 1389 353 1416 ὃν
482 1391 496 1416 6
521 1391 644 1425 Μωάμεθ
673 1392 840 1425 ὲπαρεκάλει
861 1393 894 1427 τῇ

110 1435 193 1461 αὐτοῦ
211 1437 296 1471 κυρίᾳ
310 1437 342 1471 τῇ
359 1437 406 1462 καὶ
427 1438 539 1470 γυναικὶ
555 1437 642 1464 ταῦτα
658 1437 750 1471 λέγειν
777 1439 825 1465 καὶ
851 1439 895 1473 βε-

110 1480 244 1512 ῦαιὼνειν,
263 1481 310 1507 καὶ
327 1484 472 1516 παραινεῖν
497 1483 540 1509 ῐνί⁵
558 1483 595 1518 μὴ
619 1483 750 1518 λυπῆται,
773 1484 831 1511 ἀλλ’
850 1485 895 1511 ἵνα

944 928 958 953 6
982 926 1131 960 ἀλιτήριος,
1145 925 1181 955 ὠς
1198 926 1297 960 ἤκουσε
1319 924 1397 950 τοῦτο
1414 925 1427 950 6
1444 924 1573 958 πονηρὸς,
1601 923 1726 957 πρόεισιν

945 972 985 998 είς
996 971 1183 1006 προσκύνησιν
1198 971 1244 996 καὶ⁵
1261 970 1468 1004 προῡπάντησιν
1484 968 1522 1004 τῷ
1543 968 1649 1003 βασιλεῖ
1660 967 1728 1002 μετὰ

944 1017 1039 1052 δώρων
1054 1016 1211 1050 πολυτίμων
1233 1015 1337 1041 πολλῶν
1364 1015 1446 1047 ἀξίων
1465 1014 1607 1046 βασιλεῦσι
1625 1013 1672 1039 καί
1686 1021 1727 1038 τι-

945 1071 998 1088 νων
1016 1061 1065 1088 οὐκ
1079 1061 1178 1094 ὀλίγων
1197 1060 1229 1086 ὲκ
1243 1060 1294 1094 τῆς
1314 1059 1400 1091 αὐτῆς
1419 1059 1516 1094 φυλῆς,
1542 1059 1667 1090 Ἐδέξατο
1682 1055 1729 1084 οὖν

945 1109 1026 1135 αὐτὸν
1048 1109 1061 1134 ὁ
1085 1108 1212 1143 βασιλεὺς
1233 1107 1278 1133 διὰ
1300 1106 1349 1141 τὴν
1375 1105 1516 1140 ὑποταγὴν
1533 1106 1581 1131 καὶ
1605 1104 1729 1139 μεγάλην

945 1154 1109 1188 δινλοσύνην
1133 1153 1167 1188 ἢν
1183 1153 1269 1186 ἔδειξε
1282 1162 1288 1169 ·
1307 1153 1356 1179 καὶ
1371 1152 1465 1187 χώραν
1481 1151 1596 1182 αἰτήσας
1618 1150 1656 1184 τῷ
1682 1150 1730 1185 βα-

946 1201 1015 1227 σιλεῖ
1026 1202 1065 1233 εἰς
1078 1201 1251 1235 κατοίκησιν,
1268 1200 1315 1226 καὶ
1328 1199 1484 1233 ἐδωρήσατο
1496 1199 1509 1224 6
1520 1197 1647 1233 βασιλεὺς
1660 1197 1729 1231 μετὰ

946 1247 1111 1281 γράμματος
1138 1244 1292 1281 βασιλικοῦ.
1325 1244 1553 1278 ’Λναζωσάμενος
1577 1243 1658 1278 297
1682 1242 1729 1269 οὖν

945 1293 993 1320 καὶ
1007 1292 1055 1325 τὴν
1072 1292 1215 1327 βασιλικὴν
1229 1290 1355 1323 ἐξουσίαν
1369 1291 1416 1317 καὶ
1429 1290 1469 1320 είς
1483 1291 1533 1324 τὴν
1549 1289 1640 1320 φιλίαν
1661 1289 1729 1323 θαρ-

946 1338 1000 1372 ρὦ
1012 1339 1059 1364 καὶ
1077 1337 1157 1364 πλέον
1173 1337 1305 1371 ἐπαρθεὶς
1319 1338 1353 1371 τῇ
1369 1336 1474 1371 διανοίᾳ
1496 1335 1576 1365 εὐθὺς
1591 1334 1666 1360 Elis-to
1683 1335 1729 1360 καὶ

946 1383 1147 1418 προστάγματα
1159 1390 1167 1398 ι
1182 1382 1230 1409 καὶ
1245 1382 1307 1413 τοὺς
1321 1381 1370 1416 μὲν
1386 1381 1477 1414 λόγοις
1490 1379 1615 1410 ἀπατῶν,
1629 1380 1685 1410 τοῖς
1699 1378 1728 1404 δὲ

948 1430 985 1465 μὴ
1003 1429 1176 1463 πειοομὲνοις
1190 1429 1312 1464 εὐχερῶς
1326 1429 1356 1454 eo
1371 1428 1448 1462 ξίφος
1461 1423 1669 1462 ἀνατεινόμενος
1683 1426 1730 1452 καὶ

946 1476 1144 1503 ὐποκλίνασοαι
1159 1476 1272 1506 τούτους
1292 1474 1500 1508 ἐκῦιαζόμενος,
1519 1473 1611 1507 ἄρχων
1625 1471 1730 1502 τέλειος

109 1527 204 1562 χαίρῃ.
220 1527 252 1554 Ἣ
266 1527 293 1554 δὲ
310 1529 379 1563 γυνὴ
403 1529 531 1556 ἐπίστευε
548 1530 586 1564 τῷ
602 1530 743 1565 ψευδαὸὁᾷ
765 1530 858 1557 πλεῖον
875 1531 892 1566 ἢ
908 1539 929 1567 c
944 1523 999 1550 τῶν
1015 1523 1181 1558 Σαρακηνῶν
1196 1521 1317 1556 ἐγένετο.
1331 1521 1386 1548 Καὶ
1406 1520 1464 1555 μετ’
1484 1520 1574 1554 ὀλίγον
1588 1519 1649 1545 τινὰ.
1667 1526 1730 1545 ttat.-

110 1626 125 1643 ο
142 1617 213 1644 tribu
226 1617 325 1650 Cedar,
337 1618 382 1652 qui
399 1618 472 1646 filius
482 1619 682 1654 printogenitus
695 1618 818 1646 Ismaolis
833 1619 894 1646 fuit.

116 1663 232 1691 Nizarus
247 1664 332 1695 enim,
358 1672 429 1690 unus
446 1672 460 1690 e
472 1664 589 1698 posteris
616 1664 714 1696 Cedar,
741 1664 809 1691 filios
825 1665 895 1692 duos

108 1710 214 1744 genuit,
222 1710 383 1736 Mobdarum
392 1714 418 1736 ct
433 1709 579 1739 Rhabiam.
592 1709 738 1736 Mobdarus
749 1710 894 1741 Cusarnm,

109 1754 228 1787 Caitnm,
249 1753 400 1781 Theminen
412 1760 439 1782 et
456 1755 588 1787 Asmlum,
600 1755 721 1782 Cusarus
731 1755 894 1785 Abedttlam.

112 1799 249 1827 Ahedulas
261 1800 528 1835 pseudoprophetam
551 1805 578 1828 et
595 1801 789 1828 antichristum
800 1800 896 1828 Moha-

112 1852 224 1874 metem.
237 1847 262 1874 Is
278 1847 305 1874 in
321 1851 442 1882 egestate
458 1850 538 1872 natus
548 1850 576 1873 et
602 1846 747 1878 educatus,
771 1846 895 1881 adeoque

113 1893 259 1928 pecuarius
276 1897 303 1920 et
318 1901 399 1927 quam
412 1893 531 1919 maxime
543 1892 691 1923 lttnatictts,
706 1900 766 1926 qnze
778 1892 896 1919 innova-

112 1941 192 1972 \'erit,
211 1940 330 1967 tenebris
345 1939 398 1966 sibi
415 1947 430 1966 a
446 1944 524 1973 patre
542 1939 643 1966 Satana
660 1939 817 1972 illustratis,
849 1938 895 1966 alii

112 1986 190 2012 mttlti
218 1985 454 2020 conscripserunt,
481 1989 510 2012 ut
537 1993 587 2011 nos
618 1986 698 2014 deiis
720 1985 812 2012 dicere
828 1985 895 2012 nihil

110 2031 235 2058 attineat.
252 2030 305 2056 Sed
333 2035 421 2057 tamen
452 2038 538 2065 pauca
565 2031 655 2065 aliqua
679 2039 694 2058 e
720 2031 843 2058 scelestis
869 2036 896 2057 ct.

111 2077 202 2111 pravis
217 2077 385 2103 facinoribus
403 2076 463 2110 ejus
477 2077 768 2104 commemorabitttus.
783 2077 802 2104 E
813 2084 894 2104 mon-

113 2124 187 2150 tibus
200 2123 304 2150 Ethribi
336 2123 418 2158 igitur
434 2125 575 2157 profectus
594 2123 809 2150 scelestissitnus
843 2124 894 2150 iste

113 2171 204 2202 homo,
222 2169 340 2203 primum
354 2177 451 2196 servus
470 2169 522 2196 fuit
541 2169 628 2196 vidua:
643 2169 892 2204 alicujustribttlis,

111 2215 220 2241 feminae
232 2215 385 2246 ditissima,
403 2216 513 2242 nomine
532 2215 679 2243 Chadicltar
698 2225 705 2248 ;

111 2269 164 2296 qua
189 2265 249 2288 erat
282 2263 417 2295 pravitate
446 2266 472 2288 et
492 2262 624 2292 versutia.
655 2261 749 2288 lteram
782 2269 894 2288 uxm'cnt

112 2307 199 2338 duxit,
215 2313 307 2341 atque,
323 2308 417 2333 morbo
428 2307 560 2346 comitiali
576 2312 729 2340 correptus,
763 2307 896 2338 caducus,

112 2352 305 2378 tremebundus
325 2357 351 2378 et
367 2360 415 2378 ore
429 2359 572 2385 spumans,
584 2352 643 2386 ipse
659 2352 696 2379 ita
730 2352 895 2378 moderaba-

114 2404 158 2424 tnr
174 2399 313 2430 morbum,
331 2402 360 2425 ut
378 2406 440 2424 eum
458 2406 511 2425 nott
526 2406 598 2433 σιεγε
611 2398 693 2426 ferret
705 2406 773 2425 uxor
782 2401 894 2425 ethera.

112 2444 183 2471 Neve
196 2448 425 2478 conquereretuv,
438 2444 512 2478 quod
523 2445 626 2471 homini
637 2452 724 2480 egeno
733 2450 761 2471 et
775 2445 896 2471 lnnatico

112 2489 239 2524 conjugio
251 2489 346 2524 junrta
362 2494 443 2522 esset,
464 2488 632 2521 _Gabrielcm
660 2491 786 2524 angelum
805 2491 897 2517 videre

111 2542 140 2560 sc
151 2535 250 2566 aiebat,
267 2535 401 2561 dicentem
418 2535 470 2561 sibi
485 2540 512 2560 et
523 2535 703 2568 aperientem,
722 2545 783 2570 quze
804 2536 896 2562 futura

111 2585 203 2606 essent
215 2580 242 2605 in
256 2580 365 2612 ntntnlo,
384 2580 615 2613 quemadmodum
631 2581 773 2608 monachis
791 2585 817 2608 et
832 2589 896 2615 pro-

112 2625 201 2659 phetis
216 2632 275 2651 tros
290 2631 332 2653 est
351 2633 358 2651 :
374 2630 456 2660 atque
471 2633 525 2660 prae
543 2626 640 2653 timore
654 2627 697 2653 sui
715 2627 804 2661 impos
836 2631 895 2653 erat

112 2675 145 2695 ac
160 2670 298 2703 stupebat.
316 2670 379 2696 Erat
398 2678 482 2704 porro
497 2671 672 2703 pscudabbas
688 2671 810 2705 quidam,
832 2671 896 2698 Ser-

112 2715 173 2748 gius
189 2715 310 2748 nomine,
329 2722 441 2749 propter
456 2715 520 2742 ﬁdei
543 2713 706 2750 pravitatént
722 2716 798 2750 Cpoli
818 2717 897 2744 exsul

112 2763 140 2785 et
157 2758 302 2786 Mohameti
325 2759 489 2788 familiaris:
508 2761 581 2788 hunc
605 2762 649 2788 ille
680 2762 838 2794 adhibebat,
867 2767 897 2790 ut

113 2804 185 2830 bene
220 2809 248 2831 et
276 2805 383 2839 conjugi
405 2814 461 2833 sine
494 2805 610 2838 diceret,
638 2805 845 2834 commendaret
868 2812 897 2834 et

113 2850 300 2881 persuaderet.
317 2858 350 2877 ne
365 2851 531 2880 tristarctur.
560 2852 615 2879 into
635 2852 726 2881 potius
745 2853 894 2881 canderet:

741 2216 788 2242 sed
819 2223 893 2246 mox,
913 2211 934 2237 ῐ)

947 1612 1117 1646 habebatque
1145 1611 1241 1637 mulier
1268 1609 1447 1644 pseutlabbiti
1477 1609 1618 1642 majorem,
1643 1615 1725 1642 quam

948 1658 1045 1684 marito
1055 1657 1146 1684 tidem.
1165 1656 1221 1689 Qua
1252 1656 1285 1683 de
1300 1663 1328 1682 re
1348 1661 1444 1681 omnes
1467 1653 1613 1685 afﬁrmant,
1631 1653 1727 1680 Moha-

948 1709 1046 1730 metem
1087 1706 1200 1738 propter
1224 1700 1420 1737 psendabbatis
1454 1699 1541 1734 Sergii
1574 1699 1727 1726 amicitiam

948 1750 1139 1780 constituisse,
1155 1752 1185 1775 ut
1203 1748 1294 1774 cuncti
1313 1745 1439 1773 monachi
1453 1745 1590 1772 immunes
1601 1749 1696 1772 Essent
1719 1753 1726 1772 :

947 1796 1020 1830 quod
1037 1793 1266 1828 saneimperavit.
1285 1792 1346 1818 Mox
1364 1791 1525 1819 Mohumelis
1537 1791 1638 1824 conjux
1670 1798 1729 1817 mu,-

948 1843 1059 1869 lietibus
1076 1840 1223 1875 persuasit,
1237 1839 1364 1866 maritum
1376 1845 1454 1865 suum
1467 1837 1626 1871 prophetam
1641 1843 1701 1863 esse
1720 1845 1728 1868 ;

948 1894 1030 1923 atque
1042 1896 1058 1914 a
1071 1886 1183 1914 feminis
1196 1885 1363 1912 Mohametes
1383 1883 1490 1918 maritis
1504 1882 1726 1913 commendatus.

949 1939 1089 1969 postremo
1106 1940 1154 1967 per
1172 1931 1268 1958 orbem
1286 1935 1422 1957 tetrarum
1447 1929 1482 1957 ab
1509 1929 1602 1956 insciis
1623 1936 1655 1955 eo
1680 1935 1730 1954 no-

949 1981 1021 2007 mine
1035 1978 1186 2014 appellatus
1202 1982 1255 2009 est,
1274 1980 1301 2003 et
1319 1977 1414 2010 ingens
1431 1975 1456 2002 id
1484 1975 1655 2002 mendacium
1683 1975 1731 2000 lto-

948 2027 1046 2060 dieque
1057 2025 1091 2052 ab
1116 2023 1267 2051 lsmaelitis
1296 2024 1466 2049 derantatur.
1495 2021 1585 2048 Uxore
1612 2024 1737 2052 mortua,

949 2078 1083 2099 tantarum
1100 2078 1181 2104 opum
1198 2074 1223 2096 et
1237 2069 1394 2096 divitiarum
1412 2068 1497 2094 hmres
1514 2067 1610 2097 factus,
1629 2066 1731 2093 lsmae-

949 2119 1058 2145 litarunt
1074 2124 1130 2143 suae
1145 2116 1265 2150 regionis
1279 2115 1333 2141 dux
1348 2115 1446 2141 evasit.
1461 2113 1509 2140 Illo
1535 2117 1656 2146 tempore
1687 2119 1730 2138 re-

948 2164 1026 2190 dirus
1040 2172 1054 2188 e
1068 2161 1158 2188 Persis
1170 2165 1231 2195 post
1253 2167 1381 2193 magnam
1411 2158 1551 2185 victoriam
1581 2157 1731 2191 imperator

951 2208 1100 2238 lleraclius.
1117 2207 1221 2241 aliquot
1235 2205 1339 2232 diernnt
1354 2204 1450 2230 itinrre
1464 2203 1496 2229 ad
1512 2210 1543 2229 ea
1557 2202 1615 2229 loca
1634 2209 1731 2236 proce-

948 2255 1011 2281 dere
1026 2253 1143 2284 rolebat.
1154 2252 1180 2278 in
1196 2243 1296 2286 quibus
1326 2249 1448 2277 nefarius
1462 2249 1514 2276 iste
1529 2248 1691 2274 versabatur
1705 2254 1732 2274 et

949 2300 1098 2327 habitabat.
1115 2298 1194 2332 Quod
1206 2298 1252 2325 ubi
1268 2296 1373 2324 audivit
1386 2295 1499 2327 nebulo,
1512 2295 1544 2321 ad
1557 2294 1727 2321 adorattdum

949 2350 1139 2379 imperatorem
1151 2351 1212 2371 cum
1232 2342 1294 2369 aliis
1313 2341 1451 2368 nonnullis
1466 2340 1554 2367 tribus
1569 2347 1626 2366 sua:
1638 2340 1712 2366 homi
1723 2353 1730 2359 -

948 2392 1028 2418 nibus
1043 2390 1152 2417 obviam
1179 2389 1204 2415 ei
1230 2387 1423 2423 proficiscitur,
1454 2386 1534 2413 duuis
1558 2385 1686 2419 pretiosis
1703 2390 1730 2411 et

949 2438 1113 2472 imperatore
1130 2435 1219 2469 dignis
1235 2437 1363 2460 onustus.
1389 2431 1501 2466 Excepit
1525 2438 1587 2457 eum
1611 2431 1730 2464 imperu-

949 2489 992 2511 tor
1010 2487 1119 2517 propter
1136 2480 1300 2508 modestiam
1319 2483 1346 2505 et
1375 2477 1562 2505 obedientiam
1585 2476 1730 2511 insignettt,

948 2538 1029 2565 quam
1041 2536 1095 2563 pra:
1105 2535 1134 2555 se
1144 2526 1216 2558 tulit,
1229 2529 1256 2552 et
1280 2530 1391 2556 terram,
1402 2530 1483 2558 quam
1495 2522 1644 2553 habitabat,
1655 2530 1733 2553 rma-

951 2581 1005 2608 tns,
1025 2574 1137 2602 donavit
1147 2573 1170 2600 ei
1183 2579 1242 2598 eam
1254 2578 1315 2598 cum
1330 2570 1427 2596 litteris
1437 2569 1632 2604 imperatoriis.
1641 2568 1733 2602 Itaque

948 2620 1130 2652 ille,mnnitns
1140 2618 1194 2653 jam
1205 2616 1308 2650 scripto
1317 2616 1458 2649 imperator
1466 2615 1488 2641 is
1499 2615 1654 2648 etejusdem
1665 2615 1732 2641 fisus

948 2666 1078 2696 amicitia,
1092 2669 1118 2691 et
1137 2663 1222 2697 magis
1242 2662 1324 2689 etiam
1351 2662 1440 2688 elatus
1453 2660 1562 2688 consilii
1594 2659 1730 2692 versutia,

948 2712 1040 2740 statim
1053 2710 1139 2738 edicta
1151 2707 1308 2739 constituit,
1319 2712 1398 2741 atque
1405 2707 1475 2733 alios
1484 2706 1571 2733 verbis
1581 2706 1730 2741 decipiens,

949 2758 1028 2788 alios,
1042 2755 1088 2790 qui
1105 2762 1157 2780 non
1176 2753 1254 2780 facile
1270 2752 1423 2785 obedirent,
1436 2751 1532 2779 stricto
1546 2751 1636 2786 gladio
1663 2757 1690 2778 et
1705 2751 1730 2779 vi

939 2804 1072 2837 'redigens
1089 2801 1121 2828 ad
1137 2799 1310 2834 obsequium,
1327 2806 1451 2825 sumtnus
1465 2799 1519 2825 diu
1530 2798 1730 2826 Saracenorum

950 2851 1045 2878 evasit.
1076 2848 1134 2876 Mox
1150 2845 1382 2879 opportunitatem
1397 2851 1503 2877 nactus.
1527 2852 1590 2873 cum
1612 2845 1733 2876 impera—
