1931 3079
167 107 219 140 89'.

778 107 940 137 GEORGII
961 97 1175 140 PHRANTZ/E

1729 114 1789 146 802

166 166 200 193 τὰ
215 165 279 200 τέλη
297 164 344 192 τυῦ
360 166 462 201 κόσμου
480 165 572 201 μέλλει
587 166 747 194 ἐλεύσεσθαι
767 171 815 194 καὶ
831 167 953 194 θανατώ-
965 165 990 195 Α
1004 167 1142 203 Οῠμαρος.
1153 168 1239 200 Αὐτὸς
1253 170 1302 204 τὴν
1314 169 1457 204 Δαμασκὸν
1473 170 1553 197 ἔλαϐε
1567 171 1612 198 καὶ
1627 172 1676 203 τὰς
1693 175 1792 207 χώρας

167 220 226 239 σειν
243 212 289 238 τὸν
304 212 488 247 ἀντίχριστον,
504 212 574 247 μετὰ
591 212 620 239 δὲ
635 212 722 239 ταῦτα
738 213 783 239 καὶ
808 213 891 239 αὐτὸν
905 213 950 239 τὸν

166 259 284 293 Χριστὺν
313 260 471 286 ἀποθανεῖν.
490 259 606 293 Ὄγδοον
623 260 664 286 ὅτι
780 259 952 286 θεοποιοῦσιν

165 305 190 330 οἱ
204 305 363 338 Χριστιανοὶ
375 305 426 339 τὴν
435 305 576 337 Θεοτὸκον,
590 305 638 332 καὶ
650 306 691 332 ὅτι
705 305 780 331 ἐστὶν
793 305 893 340 ἀδελφὴ
904 305 950 332 τοῦ

166 351 308 383 Μωῦσέως
323 351 370 377 καὶ
389 351 507 386 Ἀαρών.

202 397 242 423 Τὰ
268 397 317 423 τοῦ
347 398 481 432 τετάρτου
505 397 586 431 λόγου
613 398 751 432 κεφάλαιά
775 398 829 425 εἶσι
852 397 949 425 ταῦτα.

167 443 279 478 Πρῶτον
304 444 345 470 ὅτι
371 443 539 478 ἀναληφθεὶς
556 445 596 475 είς
613 446 677 475 τοὺς
693 444 826 479 οὐρανοὺς
842 444 855 471 ὁ
869 443 952 470 Μωά-

167 489 218 524 μεθ
235 490 300 524 ἔστη
318 490 475 524 ἔμπροσθεν
492 490 539 516 τοῦ
556 490 635 522 Θεοῦ,
649 490 696 516 καὶ
710 491 828 525 ἀκήκοεν
841 491 890 516 ὅσα
905 490 952 516 καὶ

165 536 280 570 ἀκήκοε,
296 536 342 562 καὶ
356 534 436 568 αὖθις
452 537 587 571 κατῆλθεν
603 538 632 563 ἐν
650 538 684 570 τῇ
699 538 746 571 γῇ.
762 537 895 572 Δεύτερον
910 538 951 564 ὅτι

165 582 190 607 οἱ
206 581 334 615 δαίμονες
357 582 477 616 σωθῆναι
506 582 645 617 μέλλουσι.
662 583 761 618 Τρίτον
775 583 816 610 ὅτι
833 583 880 609 τοῦ
904 591 951 609 κο·

167 627 217 660 ρὰν
231 627 280 661 τὴν
300 627 432 661 ἐξήγησιν
449 628 537 659 οὐδεὶς
559 631 614 655 τῶν
631 629 783 664 ἀνθρώπων
808 629 951 662 γινώσκει,

164 674 219 700 οὐδ’
233 673 316 705 αὐτὸς
332 676 346 700 ὁ
363 674 499 708 Μωάμεθ,
514 675 571 701 ἀλλ’
583 675 600 710 ἢ
618 676 695 709 μόνος
709 677 723 702 ὁ
738 676 816 707 Θεός.

200 721 293 746 Ταῦτα
317 720 364 747 οὖν
389 721 508 755 ποιήσας
521 723 567 748 καὶ
583 722 685 753 αὐτοὺς
700 723 763 754 τοὺς
778 722 889 754 ἀθλίους
904 724 952 750 καὶ

164 765 358 805 ταλαιπώρους
387 767 543 802 βαρϐάρους
570 768 688 801 διδάξας,
706 768 751 794 καὶ
776 768 887 803 ἀμαθὴς
904 769 952 796 καὶ⁴

165 813 296 848 ἄγροικος
324 812 362 839 ὣν
388 813 551 845 διδάσκαλος
577 814 720 849 ἐγεγόνει·
745 815 793 841 καὶ
816 815 846 841 τὸ
870 815 952 850 ῥητὸν

166 859 315 895 ἐπληρώθη
340 860 369 885 ὲν
389 862 488 897 αὐτοῖς
513 861 542 887 τὺ
565 861 663 895 λέγον·
690 871 700 887 ε
722 861 828 896 Τυφλδς
851 862 950 896 τυφλὸν

166 904 269 938 ὁδηγεῖ,
297 905 346 931 καὶ
375 906 527 941 ἀμφότεροι
551 907 590 937 εἰς
610 906 706 941 βόθρον
733 906 840 933 ἔπεσον.
864 917 882 933 ι.
897 907 951 934 Καὶ

167 948 249 983 ἕτερα
264 950 330 984 τρία
354 950 401 977 καὶ
417 951 483 977 δέκα
508 953 555 977 καὶ
583 951 679 978 ἑκατὸν
694 952 883 986 συνεγράψατο
900 962 952 987 μυ-

169 995 263 1030 θάρια,
277 996 385 1030 ἑκάστῳ
398 997 501 1024 τούτων
510 998 595 1032 ὄνομα
608 999 712 1029 ἐπιθεὶς
723 999 798 1032 ἄξιον
810 1000 860 1031 τῆς
870 999 953 1025 ἀπαι-

120 1041 124 1044 ’
168 1041 279 1073 δευσίας
294 1042 377 1068 αὐτοῦ
400 1043 446 1069 καὶ
473 1043 653 1079 μωρολογίας,
668 1042 706 1070 ὧν
723 1044 770 1070 ἀπ’
793 1044 884 1071 αὐτῶν
903 1045 952 1078 τὴν

169 1087 345 1120 ἀκαθαρσίαν
361 1089 408 1114 καὶ
423 1089 556 1124 πρόδηλον
574 1090 711 1124 φλυαρίαν
724 1089 754 1116 τὸ
769 1089 952 1125 διηγήσασθαι

169 1132 240 1159 αὐτὰ
255 1134 313 1160 ἴσον
335 1134 395 1160 ἐστὶ
407 1134 446 1168 τῷ
467 1135 518 1169 τὴν
532 1135 578 1161 τοῦ
595 1135 710 1169 Αὐγείου
727 1136 829 1170 κόπρον
844 1136 954 1170 ἐκκομί-

170 1186 216 1206 σαι
232 1179 302 1205 κατὰ
317 1179 362 1205 τὸν
381 1180 530 1215 Ἡρακλέα.
554 1181 609 1207 Καὶ
625 1181 655 1207 τδ
675 1181 751 1212 ἔθνος
773 1181 846 1208 ἅπαν
860 1181 953 1212 κακῶς

171 1225 354 1260 σοφισάμενος
372 1226 419 1252 καὶ
433 1226 478 1260 ὑφ’
490 1227 588 1253 ἑαυτὴν
601 1227 795 1262 ποιησάμενος,
809 1227 858 1253 καὶ
872 1235 954 1261 νομο-

171 1270 252 1305 οέτης
268 1271 358 1298 αὐτῶν
371 1272 502 1305 γεγονὼς,
524 1272 583 1299 εἶτα
611 1273 658 1299 καὶ
687 1272 776 1307 ἑαυτῷ
801 1273 955 1306 συνήγαγεν

169 1316 286 1351 δύναμιν
304 1318 410 1352 ἱκανὴν,
425 1319 475 1352 τήν
499 1327 529 1344 τε
557 1319 660 1353 Συρίαν
688 1319 779 1345 πᾶσαν
801 1319 956 1352 κατέδραμε

171 1363 219 1388 καὶ
241 1363 379 1397 ὲληΐσατο,
401 1363 448 1389 καὶ
467 1363 570 1395 πολλὰς
592 1363 686 1399 χώρας
710 1364 869 1399 Ῥωμαϊκὰς
893 1364 957 1392 ὲκά-

171 1417 246 1435 κωσε
261 1410 309 1435 καὶ
325 1410 454 1444 ἠφάνισε.
486 1411 544 1436 Καὶ
567 1411 596 1437 ἒν
624 1410 664 1445 τῷ
681 1411 788 1445 μέλλειν
808 1410 889 1437 αὐτὸν
905 1419 936 1436 τε
948 1425 955 1429 -

172 1454 272 1490 λευτᾷν
301 1456 350 1482 καὶ
380 1456 451 1490 πρὸς
481 1456 528 1483 τδν
558 1456 665 1491 πατέρα
698 1456 781 1483 αὑτοῦ
799 1456 844 1483 τὸν
873 1456 954 1492 303

173 1502 297 1528 Σατανᾶν
317 1502 494 1537 ἀναχωρῆσαι
507 1523 515 1536 ,
532 1503 703 1538 ’Δῦουὸάκαρ
716 1503 761 1529 τὸν
773 1503 855 1530 αὑτοῦ
883 1503 959 1530 ἀδελ·
971 1493 994 1521 c

175 1548 268 1581 φιδοῦν
286 1549 498 1583 προεχειρίσατο
522 1549 582 1576 ἀντ’
606 1550 701 1577 αὑτοῦ.
735 1550 908 1585 Ἀμηρεύσας
932 1550 960 1576 δὲ

174 1592 253 1626 οὗτος
266 1593 314 1629 ἐτη
329 1594 377 1621 δύο
387 1595 474 1630 ἣμισυ
486 1595 610 1631 τελευτᾷ,
623 1595 672 1622 καὶ
692 1595 751 1622 ἀντ’
767 1596 848 1623 αὑτοῦ
863 1597 960 1631 κρατεῖ

176 1685 326 1712 moriturus
341 1685 387 1712 sit.
397 1685 424 1713 8.
436 1685 607 1714 Christianos
620 1694 669 1721 pro
684 1687 734 1714 dea
746 1686 847 1714 habere
862 1686 960 1722 Deipa-

175 1737 245 1761 ram.
263 1729 363 1764 Moysis
380 1734 407 1756 et
419 1731 538 1757 Aaronis
554 1738 689 1758 sororem.

211 1773 284 1800 Libri
314 1775 405 1809 quarti
430 1775 518 1809 eapita
540 1775 597 1802 haec
623 1780 698 1802 sunt.
720 1776 745 1802 l.
763 1775 914 1809 Receptum
931 1776 958 1802 in

176 1819 261 1847 cados
273 1819 453 1847 Mobametem
465 1827 558 1848 coram
571 1820 625 1848 Deo
639 1821 796 1848 constitisse
807 1826 834 1849 et
849 1821 961 1848 audisse

177 1873 239 1899 qua:
256 1865 364 1892 tandem
379 1873 496 1899 cumque
509 1867 605 1898 audiit.
621 1867 719 1894 deinde
735 1875 830 1895 rursus
846 1867 961 1894 descen-

177 1912 249 1939 disse
264 1912 290 1938 in
305 1915 416 1939 terram.
431 1911 459 1938 2.
486 1911 628 1939 Dremoues
643 1914 777 1940 salvatum
799 1913 844 1940 iri.
862 1914 888 1939 5.
909 1913 961 1939 Co-

180 1955 255 1983 ranis
277 1955 528 1989 interpretationem
563 1956 666 1983 nullum
696 1957 832 1984 hominem
849 1957 961 1989 callere,

178 2010 213 2029 ne
231 2002 318 2036 ipsqu
336 2001 446 2036 quidem
460 2001 650 2035 Moliamctem,
665 2003 712 2029 sed
723 2004 810 2030 solum
831 2004 924 2030 Deum.

213 2048 276 2074 Haec
293 2056 355 2075 cum
374 2047 477 2075 faceret
494 2052 521 2076 et
535 2048 647 2075 doceret
664 2050 779 2078 miseros
799 2054 825 2077 et
838 2049 961 2077 infelices

179 2095 326 2126 Barbarus,
340 2094 403 2121 licet
417 2094 494 2122 rudis
508 2099 535 2122 et
547 2096 662 2129 agrestis
680 2095 774 2128 homo,
793 2103 887 2123 eorum
902 2103 961 2123 ma-

178 2143 263 2177 gister
283 2141 371 2168 lactus
389 2145 442 2171 est.
456 2147 483 2168 et
506 2142 650 2176 probatum
672 2142 698 2168 in
713 2142 745 2169 iis
764 2146 827 2169 est:
847 2151 856 2167 ι
868 2142 962 2169 Caecus

178 2195 280 2215 cnvcum
310 2187 394 2218 ducit.
413 2194 437 2215 et
455 2192 571 2221 uterque
591 2188 617 2215 in
635 2187 736 2215 fossam
752 2188 873 2215 incidit.)
891 2189 961 2216 ldem

179 2235 246 2261 alias
258 2239 365 2261 centum
381 2234 474 2261 decem
499 2240 526 2261 et
541 2240 596 2262 tres
607 2234 711 2261 fabulas
720 2237 884 2267 composuit,
900 2235 962 2270 qui-

180 2280 231 2307 bus
253 2280 369 2314 singulis
393 2280 504 2307 nomina
522 2280 665 2313 inscripsit
684 2280 795 2307 inscitia
819 2285 845 2307 et
861 2281 965 2308 vanilo-

179 2325 290 2363 quentia
302 2332 351 2352 sua
366 2324 536 2356 dignissima.
552 2332 670 2358 quarum
684 2324 780 2357 siquis
790 2325 856 2352 velit
868 2325 964 2352 sordes

180 2376 206 2397 et
218 2371 378 2398 manifestas
395 2378 480 2404 nugas
492 2378 666 2401 enumerare.
681 2371 758 2398 labor
772 2378 820 2405 par
832 2371 869 2398 illi
882 2371 963 2404 foret,

180 2422 235 2450 quo
252 2423 284 2442 ex
299 2416 393 2449 Augia:
407 2415 523 2443 stabulis
539 2421 661 2443 stercora
677 2416 810 2450 egerenda
824 2421 912 2446 erant.
925 2417 963 2444 si-

180 2467 227 2489 cut
241 2467 283 2489 est
309 2462 335 2488 in
368 2461 467 2488 fabulis
486 2461 518 2488 de
535 2461 660 2489 Hercule.
684 2462 772 2489 Gente
801 2463 884 2497 igitur
896 2462 966 2490 male

183 2509 250 2536 falsa
264 2514 291 2535 ct
318 2508 369 2535 sibi
401 2508 539 2542 subjecta,
565 2508 705 2543 legislalor
723 2508 845 2543 ejusdem
865 2509 964 2541 factus,

181 2555 273 2590 copias
291 2554 405 2581 idoneas
423 2554 475 2580 sibi
488 2554 606 2588 paravit,
621 2559 648 2581 ct
663 2563 771 2586 omnem
788 2554 894 2588 Syriam
906 2563 966 2588 per-

182 2601 282 2628 meavit
298 2604 325 2627 et
338 2599 520 2634 depopulatus
539 2604 581 2627 est
605 2600 761 2633 multasque
779 2600 965 2627 Ruriianorum

182 2653 269 2675 terras
279 2647 396 2674 vastavit
406 2650 432 2674 et
444 2645 638 2680 pessumdedit.
650 2646 729 2677 Cum.
741 2651 827 2672 morte
838 2647 965 2677 instante.

182 2693 217 2720 ad
238 2697 341 2726 patrem
358 2700 448 2724 suum,
466 2696 600 2721 satanam.
617 2691 783 2726 migraturus
792 2697 874 2722 esset,
896 2692 968 2718 Abu-

183 2738 322 2769 bacarcm,
341 2737 433 2764 fratris
445 2737 542 2768 lilium,
553 2736 579 2763 in
593 2736 682 2763 locum
697 2745 778 2764 suum
791 2738 881 2764 evexit
895 2745 901 2769 ;
919 2738 966 2772 qui

185 2788 329 2817 postquam
362 2790 450 2809 annos
468 2782 539 2809 duos
553 2786 581 2809 et
608 2781 751 2808 dimidium
771 2782 883 2810 Ameras
901 2783 964 2815 fuit,

186 2833 310 2855 mortuus
338 2833 389 2855 cst.
417 2827 529 2862 Excepit
556 2827 700 2862 imperium
732 2827 859 2856 Umnrus.
880 2828 903 2857 Is
919 2829 967 2856 Da-

1003 214 1093 244 πὰσας
1119 215 1168 249 τῆς
1192 215 1330 248 Φοινίκης,
1358 215 1406 242 καὶ
1438 218 1608 251 κατοικήσας
1637 219 1665 244 ἑν
1690 218 1794 250 αὑταῖς

1003 258 1063 286 εῐτα
1073 259 1208 294 λαμϐάνει
1223 261 1272 295 τὴν
1289 261 1440 295 Αἴγυπτον,
1456 263 1502 289 καὶ
1517 264 1556 294 είς
1571 264 1658 299 αὐτὴν
1673 265 1794 298 οἰκήσας

1002 301 1063 329 εἶτα
1083 303 1193 338 ἔρχεται
1208 304 1278 331 κατὰ
1295 305 1408 340 Περσῶν
1429 308 1478 334 καὶ
1498 309 1561 342 νικᾷ
1585 309 1696 340 αὐτούς.
1718 308 1791 336 Εἶτα

1003 350 1279 386 παραλαμϐάνειτὴν
1299 352 1423 387 Βόστραν
1441 354 1489 380 καὶ
1512 354 1596 385 ἄλλας
1618 355 1720 386 πολλὰς
1741 357 1794 383 πό-

1002 395 1071 426 λεις,
1088 396 1135 422 καὶ
1150 395 1251 430 ἔφθασε
1273 397 1319 423 καὶ
1339 398 1420 432 μέχρι
1447 399 1494 425 τοῦ
1525 396 1647 427 Γαϐαθᾶ.
1669 401 1791 427 Ἔπειτα

1004 441 1147 475 στρατεύει
1167 441 1238 468 κατὰ
1252 443 1301 476 τῆς
1317 443 1499 477 Παλαιστίνης
1525 445 1573 470 καὶ
1588 445 1723 479 λαμϐάνει
1738 446 1792 480 τὴν

1002 486 1082 521 ἁγίαν
1096 487 1172 514 πόλιν
1190 488 1257 522 μετὰ
1270 489 1443 522 συμσάσεωςσ
1462 491 1509 516 καὶ
1521 490 1613 517 ἔκτοτε
1628 492 1678 518 οὐκ
1701 492 1793 518 επαύ-

1004 541 1070 559 σατο
1085 533 1114 559 τδ
1126 533 1181 560 τῶν
1206 534 1386 569 Ἰσμαηλιτῶν
1412 535 1490 568 γένος
1505 537 1554 569 τὴν
1576 537 1721 571 Ῥωμαίων
1737 538 1793 572 γῆν

1004 579 1184 614 κατατρέχειν
1202 579 1250 606 καὶ
1268 579 1409 614 ληῖζεσθαι
1428 580 1481 612 ἕως
1498 581 1547 613 τῆς
1571 583 1705 616 σήμερον,
1721 584 1792 610 ὅπου

1003 624 1052 650 καὶ
1064 624 1207 655 παντελῶς
1221 625 1252 651 τὸ
1267 625 1406 660 σκῆπτρον
1430 627 1563 653 κατέλυσε
1583 628 1628 654 καὶ
1643 628 1692 662 τὴν
1713 629 1794 663 βατι-

1003 670 1079 697 λείαν
1097 671 1240 704 ἠφάνισεν.
1264 670 1387 707 ’Υπῆρχε
1415 672 1443 699 δὲ
1469 674 1517 700 καὶ
1542 674 1635 707 ἕτερος
1657 674 1794 710 Οὖμαρος

1003 717 1063 747 νέος
1077 737 1084 748 ,
1098 717 1173 747 ὅστις
1194 717 1332 752 ἠνάγκαζε
1358 719 1421 747 τοὺς
1446 719 1622 754 Σαρακηνοίδς
1642 721 1794 755 ῥυπαίνειν

1003 762 1052 788 καὶ
1068 762 1201 797 βεϐηλοῦν
1223 763 1288 794 τοὺς
1312 763 1492 797 Χριστιανοὺς
1519 766 1564 790 καὶ
1581 765 1644 796 τοὺς
1661 766 1796 800 πειθομέ-

1004 816 1065 839 νους
1082 809 1188 839 ἀτελεῖς
1205 809 1301 835 ἐποίει·
1317 809 1420 847 ἔγραψε
1446 809 1475 835 δὲ
1500 810 1548 836 καὶ
1572 811 1640 843 πρὸς
1655 813 1701 837 τὸν
1714 813 1797 846 βασι-

1002 854 1052 881 λέα
1076 854 1179 881 Λέοντα
1209 854 1255 880 τὸν
1278 855 1420 890 Ἀρμένιον
1449 855 1496 882 τοῦ
1524 856 1678 891 βεσηλῶσαι
1698 858 1795 890 αὑτὸν,

1001 901 1065 927 ὅταν
1082 901 1336 935 ἀποκεκλεισμένην
1359 901 1410 936 τὴν
1428 902 1506 927 πόλιν
1527 899 1584 936 εἶχε
1602 903 1649 929 καὶ
1665 904 1795 938 ἐπολιόρ-

1003 956 1045 974 κει
1072 947 1157 982 αὑτὴν
1169 968 1176 980 ,
1195 947 1242 974 καὶ
1260 947 1339 974 λῦσαι
1364 948 1413 983 τὴν
1430 948 1589 984 πολιορκίαν
1603 950 1683 981 αὐτὸς
1711 952 1797 984 μόνος

1002 994 1141 1026 ἐθέσπισε,
1157 994 1194 1029 μὴ
1209 995 1366 1029 Χριστιανοὶ
1384 995 1454 1021 κατὰ
1470 995 1525 1022 τῶν
1537 995 1667 1030 Τοὺρκων
1684 1005 1795 1032 μαρτυ-

1005 1041 1098 1076 ρῶσιν.
1113 1040 1307 1075 Ὀνομάζονται
1323 1040 1351 1067 δὲ
1364 1041 1495 1076 τρισσῶς,
1512 1042 1793 1077 ΣαρακηνοὶἸσμαη-

1001 1086 1072 1112 λῖτσι
1087 1087 1134 1112 καὶ
1154 1086 1300 1121 Ἀγαρηνοι
1313 1094 1320 1101 ·
1342 1086 1496 1121 Σαρακηνοὶ
1522 1087 1570 1122 μὲν
1593 1089 1633 1114 ὃτι
1660 1089 1676 1122 ὴ
1696 1089 1798 1124 Σάρρι

1004 1134 1178 1166 ἐξαπέστειλε
1210 1134 1258 1168 τὴν
1286 1135 1375 1169 ’Ἅγαρ
1404 1135 1451 1160 καὶ
1478 1135 1524 1160 τὸν
1556 1134 1667 1170 Ίσμαήλ
1695 1137 1797 1166 κενοὺς

1003 1179 1187 1213 κληρονομίας
1196 1187 1204 1194 ·
1228 1179 1395 1214 Ἰσμαηλῑται
1409 1179 1437 1206 δὲ
1449 1179 1487 1210 ὡς
1500 1180 1532 1206 ὲκ
1546 1180 1593 1206 τοῦ
1616 1181 1731 1215 Ἰσμαὴλ
1745 1191 1799 1207 κα-

1003 1224 1163 1258 ταγόμενοι,
1177 1224 1328 1259 Ἀγαρηνοὶ
1349 1224 1378 1251 δὲ
1393 1224 1437 1251 διὰ
1454 1225 1503 1259 τὴν
1519 1226 1683 1260 προμήτορα
1699 1225 1796 1252 αὐτῶν

1006 1270 1107 1305 Ἀγαρ.

1046 1316 1127 1351 304
1154 1316 1223 1343 Ἀλλ’
1254 1317 1300 1343 ἐπὶ
1326 1316 1357 1342 τδ
1383 1317 1564 1353 προκείμενον
1585 1318 1795 1353 ἐπανέλθωμεν.

1012 1363 1080 1389 Ἀπὸ
1102 1363 1130 1389 δὲ
1157 1362 1322 1397 Ἡρακλείου
1343 1362 1392 1389 τοῦ
1420 1363 1538 1398 μεγάλου
1562 1363 1676 1390 καὶτοῦ
1692 1365 1797 1399 ψευδο.

1008 1410 1149 1443 προφήτου
1163 1409 1282 1444 Μωάμεθ
1296 1409 1350 1440 ἕως
1366 1409 1415 1443 τῆ;
1431 1409 1569 1444 βασιλείας
1584 1411 1797 1437 Κωνσταντίνου

1007 1455 1056 1482 τοῦ
1075 1455 1270 1489 Παλαιολόγου,
1283 1455 1331 1481 τοῦ
1347 1455 1442 1489 ὀγδόου
1462 1456 1673 1489 βασιλεύσαντος
1690 1457 1723 1482 ὲκ
1748 1457 1799 1483 τοῦ

1011 1501 1105 1535 γένους
1120 1500 1174 1527 τῶν
1189 1501 1391 1534 Πολαιολύγων,
1408 1501 1438 1532 ὃς
1454 1501 1630 1528 ἐϐασίλευσεν
1647 1502 1694 1536 ἐτη
1714 1502 1735 1528 δ’
1750 1503 1798 1528 καὶ

1013 1547 1100 1582 μῆνας
1120 1546 1159 1578 δ’,
1177 1547 1247 1574 εἰσὶν
1272 1547 1320 1581 ἐτη
1342 1546 1414 1579 ωνζ’.
1428 1546 1613 1574 ΔἘὃασίλευσε
1635 1547 1662 1574 δὲ
1688 1548 1720 1574 τὸ
1742 1548 1799 1574 τῶν

1012 1593 1203 1628 Παλαιολόγων
1234 1593 1314 1628 γένος
1345 1595 1376 1620 ἐν
1404 1594 1467 1629 τῇδε
1494 1596 1526 1629 τῇ
1545 1594 1727 1629 βασιλευούσῃ
1742 1596 1798 1620 τῶν

1011 1692 1133 1712 mascum
1141 1689 1168 1711 et
1176 1691 1272 1711 omnes
1286 1683 1435 1711 Plrmniriaz
1450 1685 1576 1719 regiones
1585 1684 1668 1718 cepit.
1682 1684 1709 1711 in
1725 1692 1797 1718 quas

1012 1732 1141 1759 translata
1153 1731 1227 1762 sede.
1238 1730 1389 1764 Egyptum
1407 1731 1563 1764 occupavit,
1578 1735 1661 1765 atque
1676 1730 1722 1758 hic
1736 1739 1798 1757 rur-

1012 1785 1060 1805 sus
1071 1777 1204 1805 collocato
1218 1776 1372 1807 domicilio,
1383 1775 1482 1803 Persas
1498 1775 1568 1803 bello
1586 1776 1700 1803 adortus
1712 1784 1798 1811 supe-

1012 1824 1092 1851 ravit.
1109 1823 1177 1850 Tum
1192 1822 1315 1849 Bostram
1328 1827 1355 1849 et
1365 1822 1432 1849 alias
1448 1822 1550 1849 multas
1561 1823 1644 1849 urbes
1658 1830 1799 1858 expugna-

1012 1870 1061 1902 vit,
1078 1876 1110 1896 ac
1124 1868 1257 1903 processit
1273 1875 1360 1902 usque
1379 1866 1542 1895 Gahatham.
1560 1867 1623 1894 Inde
1635 1867 1661 1893 in
1674 1867 1798 1894 Palaesti-

1013 1923 1074 1942 nam
1095 1914 1246 1946 prol‘ectus,
1261 1916 1353 1942 sancta
1368 1913 1436 1940 urbe
1452 1922 1467 1940 ιι
1485 1914 1608 1947 pactione
1622 1914 1725 1948 potitus
1737 1919 1790 1941 est.

1013 1960 1051 1987 Ex
1067 1960 1112 1987 illo
1128 1960 1190 1986 inde
1205 1965 1326 1993 tempore
1351 1959 1552 1987 [smaelitarum
1588 1967 1654 1994 gens
1670 1961 1703 1987 ad
1722 1961 1796 1988 hunc

1013 2014 1100 2040 usque
1114 2006 1185 2033 diem
1209 2013 1262 2032 non
1283 2006 1401 2032 cessavit
1418 2005 1604 2032 Romanorum
1633 2010 1737 2032 terram
1755 2007 1798 2034 in-

1012 2058 1125 2078 cursare
1135 2055 1162 2078 et
1179 2050 1350 2085 depopulari,
1367 2051 1453 2077 donec
1464 2050 1572 2077 tandem
1590 2051 1669 2084 plane
1684 2052 1797 2079 sustulit

1013 2096 1156 2132 imperium
1182 2101 1208 2131 εει
1229 2103 1342 2130 regnum
1359 2095 1470 2124 evertit.
1491 2095 1554 2123 Fuit
1570 2096 1652 2124 etiam
1666 2097 1737 2123 alius
1749 2099 1800 2124 mi-

978 2159 1001 2187 ”
1015 2150 1067 2169 nor
1079 2141 1208 2173 Umarus,
1222 2142 1269 2174 qui
1292 2141 1445 2169 Saracenos
1458 2142 1583 2175 cogebat,
1603 2148 1632 2169 ut
1645 2143 1800 2176 polluerent

1015 2189 1195 2218 Christianos,
1213 2187 1427 2221 obedientesque
1445 2187 1576 2215 voluntati
1590 2195 1647 2214 sua:
1660 2187 1799 2215 immunes

1014 2240 1076 2260 esse
1093 2232 1214 2259 volebat.
1237 2231 1351 2266 Scripsit
1379 2231 1450 2259 idem
1470 2232 1628 2266 imperatori
1643 2231 1728 2259 Leoni
1742 2234 1800 2259 Ar-
1823 2226 1826 2233 ’

1014 2278 1115 2308 meuio.
1127 2278 1236 2313 quando
1256 2278 1397 2305 obsessam
1429 2278 1524 2305 urbem
1551 2280 1738 2313 oppugnabat,
1766 2279 1800 2306 de

1014 2324 1158 2359 polluendo
1175 2325 1244 2358 ipso,
1261 2329 1343 2358 atque
1355 2324 1451 2357 edixit,
1468 2331 1498 2351 ut
1515 2325 1622 2352 obsidio
1635 2326 1800 2358 solveretur,

1015 2378 1049 2397 ne
1067 2370 1216 2397 Christiani
1230 2377 1277 2404 per
1297 2370 1400 2398 Turcas
1428 2375 1562 2406 martyres
1578 2371 1685 2399 tierent.
1704 2370 1800 2398 Nomi-

1016 2423 1115 2446 nanlur
1132 2418 1228 2453 triplici
1241 2418 1361 2449 nomine,
1385 2417 1525 2451 Saraceni,
1560 2418 1712 2451 lsmaelitre,
1728 2419 1803 2453 Aga-

1015 2465 1084 2497 reni,
1113 2469 1140 2492 et
1168 2464 1296 2491 Saraceni
1327 2464 1450 2499 quidem,
1480 2465 1553 2500 quod
1582 2465 1651 2492 Sara
1678 2466 1751 2500 Agar
1774 2471 1802 2493 et

1016 2511 1156 2538 lsmaclem
1178 2510 1342 2538 liazredilatis
1363 2516 1488 2545 expertes
1509 2512 1632 2544 dimisit,
1654 2512 1802 2540 lsmaelitaa

1017 2562 1118 2590 autem,
1130 2562 1162 2585 out
1176 2556 1298 2584 lsmaelis
1307 2557 1418 2591 posteri.
1430 2557 1547 2592 Agareni
1561 2558 1678 2593 denique
1692 2563 1802 2593 propter

1017 2603 1089 2637 Agar
1098 2623 1105 2634 ,
1124 2607 1239 2630 matrem
1268 2602 1368 2637 gentis.

1058 2649 1110 2675 Sed
1128 2649 1272 2676 redeamus
1297 2649 1351 2685 jam
1366 2649 1398 2676 ad
1415 2648 1598 2683 propositum.
1614 2648 1653 2674 ΑΙμ
1672 2647 1800 2675 Heraclio

1019 2702 1117 2728 magno
1133 2700 1159 2721 et
1172 2694 1583 2729 Mohamete‘pseudopropheta
1600 2701 1686 2728 usque
1702 2695 1735 2721 ad
1750 2694 1804 2721 im-

1021 2741 1124 2774 perium
1137 2740 1310 2768 Conslantiui
1333 2740 1489 2775 Palazologi.
1505 2741 1680 2774 imperatoris
1697 2749 1712 2767 e
1724 2747 1804 2775 gente

1021 2784 1231 2819 Palmologorum
1249 2785 1350 2816 octavi,
1368 2785 1414 2814 qui
1426 2792 1513 2812 auritos
1522 2791 1639 2819 quatuor
1656 2790 1682 2812 et
1696 2793 1803 2812 menses

1021 2835 1138 2862 ultutuor
1157 2830 1302 2860 imperavit
1331 2831 1394 2858 anni
1407 2831 1462 2858 857-
1479 2834 1670 2859 numerantur.
1686 2830 1803 2865 Impera-
