1931 3079
196 128 248 159 8’l9

789 119 949 151 GEORGII
974 117 1188 149 ΡΗΠΛΝΤΖίΕ

1763 114 1800 145 90
1807 116 1819 144 ⁷)

195 187 225 213 ὲν
241 187 273 220 τῇ
291 184 358 219 ἕκτῃ
375 182 486 217 συνόδῳ,
503 180 575 208 καὶὸ
591 180 742 214 ἀγιὼτατος
759 179 854 210 πᾶπας
869 178 978 213 ’Δδρια-
995 181 1014 207 Α
1030 177 1070 203 ὃτι
1095 176 1125 202 οὐ
1147 177 1258 207 ,πάντες
1279 173 1304 199 οι
1332 170 1497 208 κρατοῦντες
1531 170 1640 202 πάντως
1665 171 1817 205 ὀροσιόοξσι,

197 233 240 262 νὸς
258 233 285 257 ὲν
297 232 330 265 τῇ
346 229 446 263 ἐϐδόμῃ
460 228 538 262 311
557 227 667 261 συνόδῳ·
690 226 726 256 ὡς
748 226 806 252 ῐστε
822 224 919 255 πάντες
936 224 977 249 ὅτι

198 278 289 304 ἔθεντο
317 276 366 302 καὶ
391 273 632 309 ἀναθεματισμοὺς
660 272 707 298 καὶ
732 271 901 306 ἁφορισμοῦς
917 269 979 296 ἀλὺ-

198 333 270 355 τους,
285 323 323 357 μή
339 332 380 353 τις
395 322 519 356 τολμήσῃ
533 319 685 354 προσθῆσαι
699 318 714 352 ἢ
735 318 859 351 ὲκλεῑψαι
877 317 893 352 ἦ
910 316 978 347 ὅλως

200 369 406 404 παραπλεῦσαι
428 368 500 402 ἅπερ
514 368 612 393 ἐκεῖνοι
629 364 816 398 εὖαγγελικῶς
840 364 889 389 καὶ
914 364 978 388 ἀπο-

199 414 329 445 στολικῶς
342 413 388 440 καὶ
406 412 527 446 ἀκριϐῶς
540 409 779 443 ὲξακελουθοῦντες
793 408 838 434 διὰ
854 407 980 441 Πνεύμα-

198 469 245 491 τος
275 460 354 492 ἁγίου
383 458 595 492 ὲσφραγίσαντο.
616 457 764 491 Μάρτυρες
775 454 937 481 τῶνῖαὺτῶν
952 453 979 479 αἱ

201 505 340 532 συνοδικαὶ
360 504 446 538 βίῦλοι
471 504 517 530 καὶ
542 502 729 529 ’τὰ-συνοδικᾰ
746 501 899 535 γράμματα
925 499 980 525 τῶν

199 551 270 575 κατὰ
285 549 378 583 καιρξν
399 549 492 582 ἄκρων
506 547 656 582 ἀρχιερέων
672 546 731 580 ἦτοι
749 546 848 572 πάπων
863 544 909 571 καὶ
927 543 980 570 τῶν

201 596 288 630 ἁγίων
311 594 435 630 μεγάλων
448 594 561 620 ἐκείνων
576 593 703 624 συνόδων,
718 592 756 623 ὼς
773 591 979 627 ὴριομήσαμεν,

199 643 232 668 ὲκ
252 641 302 676 τῆς
326 640 463 676 ὑμετέρας
486 639 563 670 ὄντες
587 640 634 664 καὶ
652 638 729 664 αὐτοὶ
751 638 802 671 τῆς
823 636 909 670 φυλῆς
926 635 981 662 τῶν

198 687 331 718 Λατίνων,
361 685 456 720 ἄνδρες
479 684 726 719 θεοφρουρούμενοι
752 682 826 717 ἔργῳ
842 682 887 708 καὶ
910 681 981 714 λόγῳ

198 732 386 766 τετιμημένοι.
400 730 509 764 Ταύτην
522 730 572 763 τὴν
588 729 738 764 παράδοσιν
755 729 835 762 ἡμεῖς
853 726 982 761 ἀσφαλῶς

199 778 365 812 κρατοῦμεν,
383 777 427 803 ἵνα
451 775 490 811 μὴ
508 776 548 807 είς
569 773 802 809 ἀφορισμδν,τῶν
823 772 983 806 ἁγιωτάτων

200 823 357 851 ἀποστόλων
371 823 418 849 καὶ
436 822 491 848 τῶν
516 821 602 855 ἁγίων
622 819 820 854 οἰκουμενικῶν
837 819 907 845 ἑπτὰ
920 827 982 845 συν-

198 870 267 896 όδων
278 869 326 895 καὶ
339 868 394 895 τῶν
407 867 568 901 ἁγιωτάτων
587 866 700 893 ἐκείνων
714 864 800 896 ὅντως
818 864 912 898 ἄκρων
930 864 980 894 ἁρ-

201 915 315 950 χιερέων
333 914 470 947 πέσωμεν.
488 913 542 938 Καὶ
553 913 636 946 ἡμεῖς
649 910 838 944 εὑαγγελικῶς
855 909 902 935 καὶ
914 909 982 935 ἀπο-

201 959 334 990 στολικῶς
350 960 421 985 κατά
434 958 563 992 ἀλήθειαν
586 956 745 991 κρατοῦμεν
761 957 812 990 τὴν
831 955 982 988 παράδοσιν

200 1007 251 1041 τῆς
271 1006 463 1040 πρεσσυτέρας
486 1004 606 1037 Ῥώμης·
624 1003 654 1029 τὸ
670 1003 723 1036 γὰρ
741 1001 875 1037 ἡμέτερον
897 1001 985 1034 δόγμα

200 1052 267 1086 παρ’
282 1051 447 1085 ἀμφοτέρων
467 1048 497 1076 εὖ
517 1051 635 1075 πάντοτε
666 1048 841 1083 ὡμολογεῖτο,
860 1047 889 1073 τὴ
903 1047 930 1072 δὲ
955 1045 986 1077 ἐξ
1001 1068 1011 1076 η

200 1099 291 1126 αὐτῶν
321 1096 518 1130 καινοτομηθὲν
547 1096 639 1125 αὐτοῖς
663 1094 755 1128 μόνοις
778 1092 986 1127 ἀκατηγόρητον

202 1143 274 1171 εἶναι
298 1144 373 1170 δοκεῖ
385 1163 392 1175 ,
406 1142 453 1168 καὶ
469 1142 541 1175 ἡμᾶς
561 1141 615 1167 ἔδει
631 1140 727 1174 κριτὰς
745 1139 836 1165 αὐτῶν
853 1137 922 1164 εἶναι
937 1137 985 1164 καὶ

201 1181 385 1223 κατηγᾶρους,
401 1188 448 1214 καὶ
464 1187 513 1213 οὐκ
528 1186 628 1216 αὐτοὺς
652 1185 742 1219 ἡμῶν.
757 1185 796 1210 Ti
813 1184 860 1210 νῦν
877 1183 905 1210 δὲ
918 1191 997 1220 νεωη

203 1235 245 1261 στί
263 1242 336 1264 τινες
359 1233 448 1260 αὐτῶν
468 1228 588 1265 θεολόγοι
607 1232 623 1266 ἧ
640 1232 688 1257 καὶ
705 1231 806 1265 μᾶλλον
823 1230 909 1255 εἰπεῖν
924 1237 987 1255 και-

203 1281 320 1315 νολόγοι,
348 1281 394 1307 καὶ
424 1279 475 1305 οὐκ
499 1278 672 1312 αἰσχύνονται
687 1278 730 1302 ἐπ’
745 1275 904 1310 ὸκρίὸαντος
919 1275 985 1300 ἀνα-

203 1329 306 1355 σαίνειν
321 1327 492 1356 διδάσκοντες
515 1325 604 1358 λέγειν
631 1323 769 1358 ὲῤῥὸρουμ.
795 1321 983 1356 Γραικόριυμ,

201 1374 325 1400 τουτέστι
351 1373 495 1406 σφάλματα
522 1372 658 1405 ἡμέτερα,
678 1367 737 1395 εἶτα
766 1369 804 1403 μὴ
822 1368 930 1402 ἔχοντές
955 1376 983 1394 τι

202 1420 295 1454 ἕτερον
310 1419 398 1445 εἰπεῖν
425 1418 449 1444 εί
476 1417 513 1451 μὴ
531 1417 621 1450 μόνον,
637 1415 674 1446 ὡς
690 1415 815 1449 εἴπομεν.
832 1415 877 1440 διὰ
893 1414 922 1439 τὸ
944 1413 981 1448 μὴ

203 1466 277 1499 ημᾶς
296 1464 385 1498 ὀρθῶς
410 1464 519 1497 φρονεῖν
557 1462 606 1496 τὴν
635 1461 770 1495 βασιλείαν
792 1460 983 1494 ἀπωλέσαμεν·

203 1510 285 1544 312
297 1509 345 1535 καὶ
358 1508 436 1534 αὐτοὶ
451 1507 522 1541 τάχα
538 1507 575 1537 ὼς
588 1507 668 1542 δῆθεν
680 1505 815 1540 ὸρθόδοξοι
832 1506 897 1537 ἴσως
907 1505 982 1536 ὄντες

1028 223 1082 250 οὐδ’
1101 221 1178 254 αὖθις
1193 222 1218 247 οἱ
1234 220 1418 258 κρατούμενοι
1433 218 1578 254 αἶρετικοὶ,
1598 218 1636 247 ῶς
1651 217 1731 244 ἐστιν
1750 219 1820 245 ἰδεῖν

1014 266 1072 302 ⁷ὲφ⁷
1086 270 1169 303 ἡμῖν·
1199 267 1236 302 μὴ
1262 268 1315 301 γὰρ
1337 265 1472 300 ὀρθόδοξοί
1493 266 1562 291 εἰσιν
1589 265 1612 290 ol
1630 263 1835 299 Ὶσμαηλίται,’

1030 316 1072 341 ὅτι
1086 313 1236 349 κρατοῦσιν
1254 312 1332 347 ἡμῶν
1343 333 1350 344 ,
1379 312 1425 337 καὶ
1445 311 1498 345 πρὸ
1515 310 1619 336 τούτων
1632 310 1655 335 οἱ
1671 309 1819 336 εἷδωλολά-

1030 371 1094 396 τραι
1119 361 1144 388 οἳ
1169 360 1232 391 τοὺς
1255 357 1440 394 Χριστιανοὺς
1464 358 1587 390 ὲδῗωκον,
1603 356 1619 390 ἢ
1635 356 1717 383 πάλιν
1732 357 1757 382 al.
1772 357 1819 382 Λί-

1031 407 1142 440 γύπτιοι
1173 406 1189 440 ἢ
1213 404 1379 431 Βαϐυλώνιοι
1404 404 1431 430 οἴ
1457 412 1519 430 ποτε
1536 401 1747 435 ὲξουσιάσαντες·
1765 403 1821 428 τῶν

1031 451 1225 486 Ἰσμαηλιτῶν.
1247 451 1318 476 Ἀλλ’
1337 451 1386 476 οὐκ
1403 450 1495 484 ἔχουσι
1511 450 1536 474 τί
1554 450 1651 475 εἰπεῖν·
1666 447 1749 483 δῆλρν
1764 448 1820 482 γὰρ

1031 497 1072 523 ὃτι
1084 498 1108 523 οἱ
1128 497 1177 531 μὲν
1195 495 1393 529 κυριεύσαντες
1410 494 1527 526 ἀσεϐεῖς,
1543 495 1567 519 al
1584 494 1612 520 δὲ
1624 494 1821 528 κυριευόμενοι

1032 544 1166 574 εὐσεϐεῖς,
1185 543 1234 569 Διὰ
1247 542 1328 568 τοῦτο
1355 542 1385 567 οὺ
1408 541 1449 566 δεῖ
1465 541 1562 572 αὐτοὺς
1583 541 1740 575 κομπάζειν
1755 540 1822 573 περὶ

1033 589 1084 623 τῆς
1101 588 1331 624 αὐτοκρατορίας.
1360 586 1416 613 Καὶ
1444 587 1490 612 ἐπὶ
1518 586 1624 616 τούτοις
1648 584 1822 620 ἁντεροῦμεν

1033 637 1125 667 αὐτοῖς
1136 644 1143 651 ·
1158 635 1219 666 11ῶς
1233 635 1258 660 οι
1275 634 1345 661 κατὰ
1358 635 1408 668 τὴν
1421 634 1530 660 Μυσίαν
1554 633 1602 659 καὶ
1623 632 1761 658 Ῥωσσίαν
1775 632 1824 658 καὶ

1032 681 1155 717 ἰὖηρίαν
1181 681 1231 710 τὴν
1255 680 1326 716 ἑῴαν
1356 681 1405 706 καὶ
1423 680 1574 712 Ἀϐασγίαν
1602 679 1746 710 οἰκοῦντες
1772 679 1822 705 καὶ

1035 728 1064 754 ὲν
1089 728 1194 758 λοιποῖς
1219 727 1313 754 τόποις
1339 727 1454 761 ἄρχουσι
1476 726 1522 752 καὶ
1545 726 1675 760 ἄρχονται
1691 725 1738 758 ἐφ’
1760 725 1824 750 ἐσιυ⁸

1034 774 1089 801 τῶν
1105 794 1112 805 ,
1129 774 1220 800 καίτοι
1240 782 1270 806 γε
1295 774 1352 804 τοῖς
1373 773 1521 807 ἡμετέροις
1546 772 1678 806 δόγμασιν
1708 762 1824 798 ἀκολου-

1034 820 1129 852 Οοῦσι;
1146 819 1201 846 Καὶ
1218 819 1305 850 ἄλλως
1327 820 1358 844 τὸ
1373 819 1476 853 σχίσμα
1490 817 1544 844 τᾶν
1561 817 1715 852 ἐκκλησιῶν
1728 817 1824 851 ἐποίη-

1035 874 1081 891 σεν
1105 866 1119 891 ὀ
1141 865 1236 896 πάπας
1252 865 1390 899 Στέφανος
1404 864 1582 899 ο-Συρφρὼν,
1599 864 1628 895 ὃς
1645 865 1693 890 καὶ
1708 865 1823 899 πρῶτος

1036 912 1092 942 τοῖς
1108 911 1222 942 Ἰταλοῖς
1250 912 1320 944 μετά
1351 910 1464 945 ἀζύμων
1497 910 1657 945 παρέδωκεν
1683 911 1823 937 ἐπιτελεῖ-ι

1036 959 1085 991 τὴν
1114 957 1196 990 ἁγίαν
1221 957 1388 992 ἱερουργίαν,
1409 958 1457 983 καὶ
1472 957 1521 991 τὴν
1538 956 1698 992 προσθήκην
1715 956 1766 991 τὴν
1784 957 1825 987 εἰς

1035 1003 1066 1029 τὸ
1097 1002 1231 1037 σύμϐολον
1257 1002 1288 1029 τὸ
1305 1003 1382 1035 ἅγιον
1404 1003 1527 1037 φανερῶς
1556 1003 1686 1036 ἐκήρυξε,
1708 1004 1757 1028 καὶ
1775 1003 1826 1034 τὰς

1036 1048 1131 1083 τρίχας
1146 1048 1192 1074 τοῦ
1209 1047 1339 1081 πώγωνος
1353 1048 1460 1082 πρῶτος
1483 1047 1625 1082 ἀπέθριξε,
1639 1048 1686 1073 καὶ
1702 1048 1760 1078 τοῖς
1776 1047 1825 1074 ὑπ’

1037 1093 1118 1120 αὐτὸν
1134 1094 1217 1120 πᾶσιν
1237 1093 1324 1124 οὕτως
1346 1093 1474 1126 ἐξέδωκε,
1499 1093 1687 1128 βασιλεύοντος
1707 1093 1758 1128 μὲν
1774 1094 1826 1128 τῆς

1037 1141 1099 1171 νέας
1116 1140 1228 1174 Ῥώμης
1244 1139 1282 1174 τῷ
1297 1140 1357 1166 τότε
1382 1140 1474 1174 καιρῷ
1493 1140 1540 1166 τοῦ
1557 1141 1726 1174 ἀειμνήστου
1746 1139 1826 1174 βασι-

1036 1186 1105 1216 λέως
1118 1185 1327 1212 Κωνσταντινου
1345 1186 1392 1212 τοῦ
1418 1187 1584 1221 μονομάχου,
1603 1186 1827 1220 πστριαρχεύον-

1036 1240 1082 1262 τος
1096 1232 1124 1258 δὲ
1140 1231 1259 1266 Μιχαὴλ,
1284 1232 1313 1263 ὃς
1330 1233 1362 1266 τῇ
1390 1232 1533 1266 ἐπωνυμίᾳ
1554 1232 1662 1265 ἐλέγετο
1679 1223 1829 1266 Κηρουλά-

1039 1285 1106 1312 ριος.
1121 1277 1205 1308 Οὗτος
1226 1277 1273 1304 οὖν
1289 1279 1301 1304 ὸ
1317 1279 1490 1313 πατριάρχης
1506 1278 1604 1314 γνώμῃ
1616 1278 1662 1304 τοῦ
1687 1278 1827 1312 βασιλέως

1036 1323 1085 1348 καὶ
1114 1323 1167 1349 τῶν
1183 1323 1262 1357 313
1290 1324 1391 1357 ἐτέρων
1416 1323 1501 1356 τριῶν
1517 1323 1698 1357 πατριαρχῶν
1712 1324 1760 1349 καὶ
1776 1323 1825 1348 τοῦ

1035 1369 1253 1403 ἀρχιεπισκόπου
1286 1369 1458 1403 Βουλγαρίας
1486 1369 1533 1395 καὶ¹
1559 1369 1607 1395 τοῦ
1635 1369 1750 1403 Κύπρου
1776 1371 1826 1396 καὶ

1039 1415 1130 1449 πάσης
1147 1416 1196 1449 τῆς
1213 1413 1259 1440 ὑπ’
1273 1415 1356 1441 αὑτὸν
1373 1416 1483 1441 συνόδου
1500 1415 1546 1441 τὸν
1565 1415 1710 1449 εἰρημένον
1728 1416 1827 1442 πάπαν

1040 1460 1177 1494 Στέφανον
1200 1459 1254 1486 τῶν
1277 1460 1416 1494 διπτύχων
1437 1461 1580 1493 sessum.
1606 1460 1753 1496 ζητοῦντες
1774 1462 1826 1494 τῆς

1035 1506 1090 1532 τῶν
1103 1507 1216 1542 ἀζύμων
1241 1508 1287 1534 καὶ
1317 1507 1369 1541 τῆς
1395 1507 1556 1542 προσθήκης
1578 1508 1628 1541 τῆς
1651 1507 1771 1541 ὲμῆολῆς
1793 1509 1826 1533 to

205 1555 283 1582 αὐτοὶ
300 1555 404 1582 ἑαυτῶν
417 1553 465 1590 τήν
483 1553 622 1588 βασιλείαν
644 1552 803 1587 κρατοῦσιν,
820 1552 869 1578 οὐκ
887 1551 985 1582 ειδότες
1000 1549 1022 1577 C
1039 1552 1136 1585 αἴτιον,
1162 1553 1267 1588 κόσμου
1291 1553 1347 1580 ἔτει
1364 1557 1432 1589 ,ςφπ
1465 1553 1633 1584 ίνδικτιῶνος
1660 1552 1705 1580 ια’.
1746 1553 1778 1579 Ἦ
1795 1553 1826 1579 δι

206 1644 341 1671 orationes
358 1647 505 1678 perpetuas
523 1643 557 1671 iis
573 1643 691 1670 minatos
705 1651 776 1675 esse,
793 1643 840 1678 qui
857 1643 922 1678 quid
937 1644 985 1671 ad-

204 1691 299 1718 derent
311 1695 356 1716 aut
370 1689 510 1716 demerent
525 1692 572 1715 aut
588 1689 700 1715 omnino
717 1688 882 1715 ﬂuctuarent
900 1689 926 1715 in
940 1689 984 1720 iis.

204 1743 265 1770 quae
279 1735 341 1769 ipsi,
356 1733 492 1768 Evangelii
507 1738 534 1760 et
549 1733 735 1767 apostolorum
755 1736 889 1768 praecepta
902 1741 986 1761 aecu-

205 1786 264 1808 rate
280 1780 398 1807 assecuti
411 1787 458 1814 per
472 1783 596 1805 sanctum
611 1778 755 1813 Spiritum,
765 1778 984 1806 constituisSent.

207 1827 301 1854 Testes
317 1831 380 1852 sunt
394 1826 454 1852 libri
470 1826 601 1852 etlitterze
614 1824 737 1860 synodici
749 1832 917 1852 summorum
931 1825 987 1853 sin-

206 1873 276 1907 gulis
293 1871 459 1906 temporibus
470 1871 658 1906 episcoporum
672 1871 729 1898 sive
743 1879 873 1906 paparum
883 1876 910 1899 et
921 1880 986 1898 san-

206 1924 311 1945 ctarum
337 1918 442 1944 illarum
465 1918 643 1951 synodorum.
661 1925 729 1950 quas
755 1918 985 1949 enumeravimus,

205 1972 267 1991 cutn
291 1963 328 1989 illi
345 1971 360 1989 e
386 1968 474 1989 vestra
492 1967 519 1989 et
535 1961 695 1988 Latinorum
713 1966 792 1996 gente
808 1968 910 1994 essent,
935 1963 986 1989 viri

205 2009 241 2043 pii
262 2013 288 2035 et
299 2008 468 2035 venerabiles
483 2007 556 2034 dicto
577 2011 602 2033 et
620 2007 702 2034 facto.
721 2007 794 2034 Hanc
810 2007 891 2042 igitur
905 2009 988 2035 tradi-

204 2055 305 2082 tionem
324 2054 480 2081 inviolatatn
493 2060 647 2084 servamus,
664 2061 697 2080 ne
708 2053 735 2080 in
749 2050 985 2081 sanctissimorum

204 2101 391 2134 apostolorum
403 2105 428 2126 ct
445 2105 546 2133 septem
563 2103 719 2126 sanctarum
735 2099 901 2133 synodorum
912 2107 987 2127 (ecu-

205 2147 373 2173 meniearutn
390 2150 417 2172 et
434 2145 673 2172 sanctissimorum
691 2144 797 2171 illorum
810 2153 903 2183 revera
915 2153 986 2173 sum-

1035 1645 1112 1671 licet.
1131 1644 1171 1671 An
1189 1643 1334 1671 orthodoxi
1353 1650 1415 1670 sunt
1430 1643 1584 1674 lsmaelitze.
1600 1644 1663 1678 quia
1678 1645 1757 1672 nobis
1772 1645 1826 1672 im-

1036 1693 1143 1723 perant,
1168 1693 1215 1715 aut
1237 1688 1342 1722 priores
1359 1689 1412 1715 illis
1425 1688 1585 1720 ἰιΙιιΙοΙαιτςιι,
1602 1688 1646 1722 qui
1663 1688 1826 1721 premebant

1035 1733 1218 1766 Christianos.
1246 1738 1292 1760 aut
1317 1733 1435 1768 Egyptii
1452 1734 1494 1760 vel
1516 1733 1656 1769 Babylonii
1674 1733 1825 1762 lsmaelitis
1853 1746 1861 1751 -

1036 1781 1100 1808 olim
1121 1781 1283 1815 imperantes
1298 1780 1468 1808 ?Enimvero
1492 1788 1545 1807 non
1566 1781 1678 1812 habent.
1695 1780 1762 1815 quid
1780 1789 1825 1808 re-

1036 1827 1199 1861 spondeant.
1221 1826 1249 1853 In
1265 1832 1359 1861 aperto
1380 1828 1452 1854 enim
1470 1831 1522 1859 est.
1540 1835 1587 1854 eos
1607 1827 1654 1861 qui
1674 1827 1824 1862 imperant,

1037 1873 1144 1907 impios,
1161 1873 1263 1907 quibus
1276 1878 1367 1899 autem
1387 1872 1546 1906 imperatur,
1563 1872 1622 1906 pios
1637 1879 1710 1899 esse.
1730 1871 1823 1904 Quart

1037 1926 1091 1946 non
1117 1919 1195 1946 decet
1212 1919 1272 1946 illos
1282 1919 1386 1954 jactare
1401 1919 1547 1952 imperium
1577 1926 1669 1945 suum.
1688 1917 1824 1945 Praeterea

1036 1969 1132 1992 contra
1161 1965 1271 1992 eosdem
1298 1965 1422 1992 dicamus
1441 1973 1448 1991 ε
1466 1964 1609 1997 Quomodo
1633 1965 1679 1999 qui
1697 1964 1824 2000 Mysiam,

1038 2010 1174 2041 Rossiam.
1189 2011 1302 2037 lberiam
1314 2010 1472 2037 orientalem
1486 2015 1512 2037 et
1524 2011 1668 2045 Ahasgiam
1687 2011 1823 2042 habitant,

1037 2060 1061 2082 et
1080 2056 1140 2082 aliis
1170 2056 1197 2082 in
1215 2056 1373 2091 regionibus
1400 2060 1523 2090 regnent,
1536 2062 1563 2083 et
1580 2056 1622 2083 sui
1652 2056 1725 2090 juris
1757 2057 1824 2088 sint,

1037 2102 1256 2136 quandoquidem
1272 2108 1394 2128 nostram
1407 2107 1508 2129 sectam
1521 2104 1691 2136 sequuntur?
1703 2104 1739 2129 At
1750 2105 1823 2131 enim

1037 2147 1216 2174 ecclesiarum
1232 2147 1431 2174 dissensionem
1446 2152 1548 2175 temere
1569 2149 1653 2175 movit
1668 2148 1824 2183 Stephanus
1850 2179 1861 2186 _

206 2199 313 2219 tuorum
328 2192 518 2226 episcoporum
535 2190 750 2218 exsecrationem
768 2190 930 2218 incidamus.
947 2191 985 2218 Ac
999 2203 1025 2231 ι)
1039 2191 1160 2226 Syrphro
1187 2200 1267 2226 papa,
1292 2192 1338 2226 qui
1369 2193 1474 2226 primus
1491 2201 1559 2227 pane
1588 2201 1641 2220 non
1659 2195 1824 2222 ferntcntato

206 2243 331 2265 tenemus
343 2245 407 2264 sane
430 2236 584 2271 evangelire
603 2242 630 2263 et
650 2236 798 2270 apostolice
814 2237 985 2264 traditionem

206 2285 305 2311 veteris
335 2285 438 2311 Romae.
459 2282 558 2310 Nostra
576 2283 648 2309 enim
664 2283 789 2309 doctrina
815 2283 848 2310 ab
864 2276 901 2310 uti
909 2283 987 2318 isque

204 2337 313 2363 semper
328 2329 469 2355 observata
484 2332 542 2360 est;
552 2332 578 2354 at
591 2335 650 2360 qua:
662 2327 696 2354 ab
709 2327 762 2355 illis
772 2328 902 2354 innovata
911 2333 985 2361 sunt,

204 2376 271 2404 solis
286 2375 354 2409 ipsis
365 2382 417 2401 non
433 2374 613 2408 vituperanda
625 2381 687 2401 esse
699 2373 836 2406 videntur,
848 2374 884 2400 ita
894 2378 924 2400 ut
937 2381 986 2401 nos

204 2422 312 2448 illorum
328 2420 436 2455 judices
453 2424 479 2446 et
496 2423 670 2445 accusatores
695 2426 756 2445 esse
775 2423 911 2453 oporteat,
929 2426 984 2445 non

201 2471 308 2493 contra.
333 2465 423 2499 Nuper
450 2472 515 2492 vero
531 2464 557 2491 in
575 2464 628 2491 illis
645 2465 756 2498 quidam
774 2471 866 2490 rerum
879 2455 985 2490 divina-

202 2519 254 2539 t'un
268 2532 276 2544 ,
296 2511 350 2538 imo
365 2512 455 2545 potius
468 2518 599 2537 novarum
615 2510 731 2537 studiosi
743 2510 922 2541 exstiterunt,
936 2509 982 2543 qui

202 2566 256 2584 non
272 2562 441 2588 vererentur,
456 2557 490 2583 de
507 2558 608 2583 nostris
618 2556 723 2582 scilicet
736 2555 877 2582 erroribus
891 2555 983 2589 dispu-

201 2605 296 2636 taturi,
309 2605 334 2630 in
347 2608 503 2638 suggestum
520 2602 678 2634 ascendere,
690 2609 751 2627 cum
763 2601 830 2627 nihil
841 2601 982 2634 haberent,

200 2651 275 2684 quod
293 2650 432 2681 afferrent,
446 2648 498 2676 nisi
514 2649 641 2675 amisisse
655 2655 705 2675 nos
720 2647 862 2681 imperium
874 2652 982 2681 propter

199 2697 331 2724 doctrime
347 2696 509 2731 pravitatem
529 2703 535 2721 :
551 2695 629 2729 quasi
644 2702 709 2721 vero
723 2693 786 2728 ipsi,
800 2693 873 2728 quod
888 2695 982 2720 ortho-

199 2742 263 2768 doxi
284 2741 348 2772 sint,
368 2746 496 2768 tueantur
519 2741 663 2774 imperium
691 2746 783 2772 suum,
816 2738 903 2774 ignari
930 2739 980 2771 illi,

199 2794 253 2812 non
269 2795 376 2818 omnes,
392 2787 437 2821 qui
451 2787 598 2822 imperant,
609 2786 787 2819 orlhodoxos,
800 2793 849 2813 nec
858 2785 904 2820 qui
914 2785 980 2812 obe-

199 2831 287 2862 diunt,
298 2831 440 2859 haereticos
455 2841 525 2865 csso,
537 2832 561 2859 id
574 2832 646 2866 quod
661 2832 686 2859 in
706 2831 784 2858 nobis
799 2830 978 2858 animadverti

1038 2243 1161 2264 sanctum
1178 2238 1342 2265 sacriﬁcium
1361 2240 1452 2273 peragi
1471 2239 1545 2271 sivit,
1562 2244 1589 2266 ct
1602 2240 1822 2268 additamentum

1037 2281 1102 2308 illud
1116 2282 1147 2308 ad
1169 2287 1294 2309 sanctum
1319 2283 1472 2318 symbolum
1487 2284 1574 2317 palam
1591 2284 1782 2318 proclamavit,
1792 2294 1824 2314 ac

1037 2328 1140 2362 primus
1154 2329 1265 2356 barbam
1277 2329 1405 2362 totondit,
1418 2329 1545 2365 idemque
1556 2331 1685 2358 omnibus
1697 2331 1749 2358 sibi
1763 2333 1826 2358 sub-

1035 2374 1117 2409 jectis
1135 2374 1225 2402 facere
1239 2375 1524 2409 permisit..rcgnantc
1536 2380 1593 2402 ttnn
1606 2376 1680 2410 Cpoli
1693 2383 1825 2411 perpetuo

1036 2419 1205 2445 memorabili
1231 2419 1396 2453 imperatore
1419 2419 1602 2447 Constantino
1623 2420 1806 2449 Monomacho

1036 2464 1248 2498 patriarchatum
1266 2465 1477 2492 administrante
1497 2466 1639 2498 Michaele.
1657 2468 1703 2502 qui
1719 2475 1823 2503 cognor

1027 2517 1127 2542 _tnento
1151 2510 1309 2537 Cerularius
1322 2512 1523 2546 appellabatur.
1541 2512 1590 2539 llie
1607 2512 1690 2546 igitur
1706 2514 1824 2548 patriar-

1036 2557 1087 2584 cha
1103 2565 1117 2584 e
1137 2558 1271 2584 sententia
1300 2559 1475 2592 imperatoris
1497 2564 1524 2586 et
1550 2560 1717 2594 reliquorum
1738 2561 1822 2588 trium

1035 2604 1264 2638 patriarcharum,
1280 2605 1479 2640 archiepiscopi
1494 2606 1557 2632 item
1577 2606 1710 2641 Bulgaria:
1724 2612 1751 2634 et
1769 2607 1823 2641 Cy-

1034 2649 1087 2684 pri,
1104 2649 1187 2676 totius
1201 2650 1331 2684 denique,
1347 2651 1391 2677 cui
1403 2658 1528 2685 prmerat,
1541 2653 1648 2687 synodi,
1663 2660 1725 2680 eum
1741 2662 1822 2688 quem

1034 2695 1102 2727 dixi,
1123 2703 1220 2729 papam
1238 2694 1419 2730 Stephanum.
1445 2697 1600 2731 diplomatis
1626 2698 1716 2732 cjecit.
1744 2700 1822 2733 panis

1034 2741 1187 2768 fermentati
1197 2746 1223 2768 et
1236 2743 1298 2768 lacti
1310 2743 1487 2770 additamenti
1504 2744 1634 2770 rationem
1650 2745 1820 2776 desiderans,

1033 2793 1106 2812 anno
1132 2786 1228 2813 mundi
1243 2787 1324 2814 6500.
1344 2787 1471 2814 Ecclesia:
1497 2793 1590 2815 autent
1609 2789 1782 2817 Alexandria!
1796 2795 1821 2816 et

1035 2832 1185 2859 Antiochia:
1194 2838 1219 2860 et
1234 2832 1499 2869 Hierosolymorum,
1518 2835 1603 2862 ﬁdelis
1616 2835 1747 2869 Thebais,
1762 2844 1824 2863 san-
