1931 3079
141 121 198 155 901

661 124 882 155 CHRONICON
904 124 1038 155 MAIUS.
1054 138 1087 142 —
1103 126 1177 157 LIB.
1198 126 1247 157 IV.

1720 127 1774 158 902

151 181 305 217 Ἐκκλησία
325 181 374 216 τῆς
395 182 598 218 ’Δλεξανδρείτς
629 183 678 209 καὶ
699 183 868 217 Ἀντιοχεῖας
891 181 938 207 καὶ
953 183 975 211 Α
991 182 1109 217 δέχεται,
1127 193 1135 209 ι
1168 185 1216 210 καὶ
1234 184 1268 210 τὰ
1299 184 1374 218 ἑξῆς,
1396 193 1405 210 ‹
1434 184 1533 215 Πιστὸς
1559 184 1631 219 γὰρ,
1653 184 1746 218 φησὶν,
1764 185 1775 210 5

152 228 359 263 Ἰεροσολύμων,
373 229 390 263 ἡ
412 229 517 264 Θηὸαἶς
531 229 548 263 ὴ
565 228 660 263 πιστὴ.
679 229 696 263 ἡ
711 228 802 260 Λιϐύη
820 228 837 261 ἡ
861 227 935 258 ὁσία,

146 275 164 308 ἡ
181 274 244 305 τοὺς
257 274 373 304 πολίτας
396 274 520 309 θρέψασα
542 275 590 309 τῆς
617 274 752 309 βασιλείας
773 275 828 300 τῶν
853 274 937 308 οὐρα-

148 318 215 350 νῶν,
231 319 323 351 καθὼς
347 321 430 354 φησὶν
451 321 465 346 ὁ
491 320 563 346 θεῖος
577 320 702 354 Κοσμᾶς,
719 319 747 345 ἐν
761 318 830 353 ποίῳ
846 317 936 353 καιρῷ

147 364 340 399 ἐδουλώθησαν
354 365 405 391 ὑπὸ
415 365 463 392 τοῦ
480 366 575 400 ἀμηρᾶ
587 366 696 400 Οὺμὰρ,
709 365 784 396 ὅστις
798 364 832 400 ἦν
847 366 861 391 6
879 364 937 399 τρί-

145 418 195 441 τος
207 411 275 444 μετὰ
289 410 336 436 τον
349 412 573 446 τρισκατάρατον
589 410 724 445 Μωάμεθ,
744 413 792 439 καὶ
805 411 936 447 ᾐχμαλω-

146 455 304 490 τίσθησανς
323 457 380 483 Καὶ
404 458 486 484 τοῦτο
508 457 625 491 φανερόν
655 458 730 484 ἐστιν
754 458 791 489 ῶς
812 457 936 491 ἐγεγόνει

147 502 196 528 ἐπὶ
214 502 266 537 τῆς
280 502 420 536 βασιλείας
448 504 658 530 Κωνσταντίνου
681 503 728 530 τοῦ
750 504 933 538 Πωγωνάτου,

147 549 252 583 κόσμου
277 549 333 576 ἔτει
351 549 448 585 ,ςρλδᾍ
465 550 532 585 πρὶν
548 551 599 584 τὴν
615 550 698 584 ἁγίαν
715 550 762 577 καὶ
777 550 935 585 οίκουμενι-

147 594 200 629 κὴν
218 593 304 629 ἕκτην
321 594 431 621 σύνοδον
448 595 679 631 συναθροισθῆναι
692 616 699 628 ,
715 596 782 622 ὅπου
800 595 861 622 οὔτε
878 595 936 631 σχί-

147 649 242 674 σματα
268 641 297 666 ὲν
313 642 374 672 ταῖς
396 641 555 676 ἐκκλησίαις
570 642 694 676 ὑπῆρχον
713 641 775 668 οὔτε
796 641 934 676 διαφοραί.

146 687 225 713 Μετὰ
249 686 276 713 δέ
294 695 357 714 τινα
373 687 470 722 καιρὸν
497 687 523 714 oi
548 687 668 722 βασιλεῖς
687 688 756 723 μετὰ
776 689 861 715 κόπου
885 688 935 714 οὐκ

145 731 237 765 ὀλίγου
255 731 305 767 τὴν
323 732 405 765 ἁγίαν
423 733 501 759 πόλιν
521 733 552 759 ὲκ
578 733 633 759 τῶν
646 734 746 768 χειρῶν
761 734 815 760 τῶν
828 734 935 760 ἀσεὸὦν

146 778 341 813 ἠλευθέρωσαν
373 779 421 805 καὶ
465 779 518 806 ὑπὸ
545 780 596 813 τὴν
625 779 749 812 ἐξουσίαν
787 779 935 814 Ῥωμαίοις

149 824 294 858 ἐποίησαν·
312 824 359 851 καὶ
375 825 457 852 πάλιν
477 825 508 851 ὲκ
523 825 655 860 δευτέρου
673 825 718 851 ἐπὶ
731 825 782 860 τῆς
795 825 935 861 βασιλείας

146 870 291 897 Βασιλείου
332 871 380 897 τοῦ
416 871 678 906 πορφυρογεννήτου
714 873 761 898 τοῦ
785 872 933 907 λεγομένου

145 917 385 952 Πουλγαροκτόνου
411 919 425 944 6
449 919 500 952 τῆς
516 917 655 950 Αἰγύπτου
680 918 793 953 ἀμηρᾶς
816 918 935 950 Ἀζίξιος

146 964 197 998 τὴν
209 963 292 996 ἁγίαν
308 963 387 990 πόλιν
403 963 485 990 πάλιν
497 963 579 989 ἔλαϐε
596 963 777 998 πολέμῳ,κα“ι
792 964 838 990 τὸν
848 964 937 998 τάφον

146 1010 195 1037 τοῦ
217 1011 346 1046 Σωτῆρος
376 1011 455 1046 ἡμῶν
487 1011 575 1046 Ἰησοῦ
601 1010 722 1046 Χριστοῦ
748 1012 937 1047 ἐγηγερμένον

149 1056 303 1088 πολυτελῶς
322 1057 395 1083 θετον
409 1056 473 1083 ναὸν
487 1057 707 1092 κατεστρέψατο,
728 1058 775 1084 καὶ
801 1058 836 1084 τὰ
850 1057 936 1092 σκεύη

148 1102 320 1136 ἐλυμήνατο,
343 1102 378 1129 τὰ
398 1103 568 1137 μοναστὴρια
600 1104 783 1138 κατηδᾱφισε,
805 1103 853 1131 καὶ
873 1103 936 1135 τοὺς

148 1147 231 1183 314
248 1148 435 1181 ἀσκουμένους
455 1149 616 1189 ἁπανταχοῦ
635 1148 683 1184 τῆς
695 1151 747 1184 γῆς
763 1150 870 1184 ἐκείνης
886 1158 937 1185 μο-

149 1194 260 1229 ναχοὺς,
281 1195 400 1226 Ἰταλοὺς
425 1195 454 1221 τδ
470 1195 551 1222 πλέον
568 1195 584 1231 ἢ
602 1195 757 1230 Ῥωμαίους
777 1195 824 1222 καὶ
838 1195 870 1235 ἐξ
882 1196 937 1222 ἑτέ-

152 1247 207 1273 ρων
232 1239 335 1273 φυλῶν,
358 1240 492 1274 ἐφόνευσε
513 1240 562 1267 καὶ
579 1240 759 1274 ἐφυγάδευσε.
777 1241 851 1267 Πάνυ
870 1240 937 1266 θαυ-

152 1284 256 1319 μαστόν
281 1285 355 1312 ἐστιν
367 1305 375 1317 ,
402 1286 439 1317 ὼς
454 1286 594 1320 λέγουσιν,
612 1286 761 1321 ήνωμένων
781 1285 869 1312 οὐσῶν
883 1285 938 1312 τῶν

151 1331 307 1366 ἐκκλησιῶν
322 1331 361 1367 τῷ
380 1333 441 1359 τότε
456 1332 558 1367 καιρῷ,
575 1333 634 1364 πῶς
647 1333 661 1359 ὁ
677 1332 744 1364 Θεὸς
761 1332 937 1368 ὲπαρέδωκεν

150 1374 247 1408 αὐτοὺς
262 1377 301 1408 είς
317 1379 409 1412 χεῖρας
427 1378 544 1405 ὰσεὸὦν.
563 1379 644 1405 Ὥστε
662 1380 693 1406 ὲκ
708 1379 819 1406 πάντων
833 1379 937 1407 τούτων

149 1419 183 1455 ἦν
202 1421 266 1448 ἰδεῖν
279 1422 320 1448 ὅτι
344 1422 375 1448 οὐ
401 1423 444 1449 διὰ
465 1424 638 1458 παρανομίαν
659 1424 721 1451 τινὰ
745 1425 937 1460 παρεδόθημεν

149 1468 219 1499 τοῖς·
235 1468 341 1503 ἐχθροῖς
366 1468 460 1503 ἡμῶν,
489 1469 558 1496 ἀλλὰ
577 1470 648 1504 πρὸς
668 1470 783 1504 μερικὴν
797 1471 935 1502 παιδείαν,

987 228 1065 261 Θεὸς,
1083 229 1112 260 ὃς
1128 230 1177 256 οὐκ
1200 231 1300 265 ἀφήσει
1326 231 1399 264 ὑμᾶς
1426 231 1467 260 εἰς
1492 231 1569 261 τέλος
1589 231 1774 266 πειρασθῆναι

988 273 1058 309 ὑπὲρ
1081 275 1095 300 ὂ
1110 275 1236 302 δύνασθε.
1256 285 1265 301 ι
1288 277 1345 303 Καὶ
1360 278 1374 303 6
1392 276 1474 302 Δαῦίδ
1488 285 1496 292 ·
1513 286 1522 302 t
1546 277 1686 303 Παιδεύων
1699 277 1777 303 ἐπαί-

987 320 1067 347 δευσέ
1093 329 1126 355 με
1148 321 1162 347 6
1189 321 1311 357 Κύριος,
1327 322 1367 356 τῷ
1390 322 1420 349 δὲ
1444 323 1552 357 θανάτῳ
1576 322 1606 348 οὺ
1631 323 1774 357 παρέδωκε

988 375 1033 401 με.
1050 376 1060 392 ι

1022 413 1077 439 Καὶ
1091 412 1170 439 τοῦτο
1183 413 1310 439 ἄκουσον.
1331 413 1438 448 Ὠσπερ
1453 414 1542 440 τοίνυν
1564 414 1580 448 ὴ
1596 413 1651 439 τῶν
1677 413 1776 439 ’Δσσυ-

989 459 1054 494 ρίων
1071 459 1195 494 βασιλεία
1210 459 1346 495 κατελύθη
1368 460 1420 486 ὑπὸ
1436 460 1491 486 τῶν
1509 459 1700 490 Βαὸυλωνίων,
1718 460 1776 494 ἠδὲ

986 505 1042 532 τῶν
1057 506 1240 532 Βαϐυλωνίων
1267 505 1320 532 ὑπὸ
1337 506 1392 531 τῶν
1412 506 1535 540 Περσῶν,
1552 507 1567 539 ὴ
1589 507 1617 532 δὲ
1634 506 1689 532 τῶν
1707 507 1777 540 Περ-

988 551 1042 578 σῶν
1060 552 1111 578 ὑπὸ
1128 551 1184 578 τῶν
1200 552 1375 584 Μακεδόνων,
1393 552 1409 586 ἡ
1426 551 1454 578 δὲ
1467 551 1632 578 Μακεδόνων
1652 552 1705 578 ὑπο
1720 551 1776 577 τῶν
1817 585 1820 588 ,

994 597 1149 631 Ῥωμαίων,
1171 597 1257 628 οὕτως
1278 599 1324 624 καὶ
1347 598 1363 632 ὴ
1387 598 1442 624 τῶν
1465 597 1611 631 Ῥωμαίων
1638 597 1775 630 κατελύθη

986 643 1039 670 ὑπὸ
1062 643 1117 669 τῶν
1138 643 1334 677 Ὀτμανλίδων.
1352 641 1389 669 Τὸ
1411 643 1439 668 δὲ
1453 643 1531 673 τέλος
1552 642 1657 677 ταύτης
1673 642 1733 676 ἥξει
1747 643 1777 669 ὲν

986 689 1025 724 τῷ
1048 690 1215 723 προσήκοντι
1241 689 1287 715 καὶ
1304 689 1451 724 ὡρισμένῳ
1467 689 1566 724 καιρῷ,
1592 689 1640 716 καὶ
1659 688 1777 716 καταλυ-

986 736 1109 771 θήσεται,
1126 735 1218 767 καθὼς
1243 736 1326 770 φησὶν
1342 737 1355 762 6
1382 735 1526 766 θεσπέςιος
1550 735 1664 766 Ἡσαΐας
1685 735 1712 761 ὲν
1738 733 1777 768 τῷ

979 783 1034 818 ,τῆς
1050 782 1206 816 Ἰδουμαίας
1233 782 1352 816 ὁράματι
1365 789 1373 797 ⁸
1398 791 1407 807 ‹
1427 779 1494 808 Εἴπέ
1515 790 1560 814 μοι
1577 781 1697 816 Κύριος·
1729 780 1776 815 ἔτη

987 827 1111 855 ἐνιαυτοῦ
1129 828 1166 859 ὡς
1182 828 1308 859 ἐνιαυτὸς
1327 827 1476 862 μισθωτοῦ,
1494 827 1574 862 315
1590 827 1635 853 καὶ
1656 826 1777 860 ἐκλείψει

987 875 1004 909 ἡ
1021 874 1084 906 δόξα
1097 874 1206 909 Κηδὰρ,
1223 874 1270 900 καὶ
1283 874 1315 899 τὸ
1329 874 1507 909 κατάλειμμα
1524 874 1580 900 τῶν
1601 873 1777 907 τοξευμάτων

987 921 1053 947 υίῶν
1066 920 1159 955 Κηδὰρ
1172 920 1227 946 τῶν
1243 919 1362 955 ίσχυρῶν
1376 920 1453 946 ἔσται
1470 920 1572 953 ὀλίγον,
1589 919 1657 946 διότι
1674 919 1777 953 Κύριος

987 967 1119 1002 ἐλάλησεν
1130 969 1144 994 6
1159 967 1224 997 Θεὸς
1242 966 1364 1001 Ἰσραήλ.
1385 975 1394 992 ι
1413 966 1492 993 Οὕτω
1508 966 1535 992 δὲ
1561 967 1608 992 καὶ
1621 967 1635 992 6
1651 966 1778 999 σοφώτα-

986 1022 1033 1045 τος
1055 1013 1191 1047 Στέφανος
1204 1013 1218 1039 6
1232 1011 1438 1046 Ἀλεξανδρεὺς,
1462 1012 1657 1038 ἐπακολουθῶν
1676 1011 1715 1046 τῷ
1728 1012 1777 1038 τοῦ

988 1061 1130 1095 προφήτου
1145 1058 1232 1095 ῥητῷ,
1250 1058 1298 1085 ἐπὶ
1313 1059 1391 1090 ἔτους
1409 1057 1509 1094 ,ς-ρλα’,
1530 1058 1721 1094 Σεπτεμῆρίου
1740 1058 1776 1093 γ’,

987 1106 1080 1141 ἡμέρᾳ
1093 1105 1119 1138 ς’
1135 1105 1264 1139 θεμὰτιον
1281 1107 1344 1140 περὶ
1361 1104 1411 1139 τῆς
1431 1105 1486 1131 τῶν
1501 1104 1684 1139 Ἰσμαηλιτῶν
1699 1104 1778 1139 βασι-

988 1148 1063 1179 λείας
1079 1149 1195 1183 ποιήσας
1217 1150 1264 1174 καὶ¹
1280 1149 1442 1181 κανονίσας,
1464 1159 1473 1174 ι
1494 1149 1578 1180 οὗτος
1599 1150 1734 1183 κρατήσει
1750 1149 1778 1175 ὲν

991 1192 1063 1227 ίσχύῖ
1081 1193 1130 1226 μὲν
1156 1193 1202 1218 καὶ
1220 1193 1332 1228 εὐτυχίᾳ
1352 1193 1400 1227 ἐτη
1416 1193 1563 1227 τριακόσια
1587 1194 1677 1226 ὲννέα,
1703 1194 1732 1220 ὲν
1749 1195 1778 1221 δὲ

989 1240 1129 1274 συστροφῇ
1155 1239 1201 1265 καὶ
1219 1239 1412 1274 ἀκαταστασία
1426 1239 1508 1274 ἕτερα
1535 1239 1582 1275 ἔτη
1606 1241 1779 1274 πεντήκοντα

988 1285 1028 1317 ἒξ,
1044 1284 1115 1311 ὥστε
1130 1283 1202 1311 εἶναι
1217 1284 1266 1320 τὴν
1278 1285 1459 1320 διακρὰτησιν
1476 1285 1568 1312 αὐτῶν
1590 1287 1681 1312 πᾶσαν
1696 1287 1778 1313 εὐτυ-

987 1329 1090 1365 χοῦσαν
1106 1331 1153 1357 καὶ
1175 1330 1361 1365 δυστυχοῦσαν
1377 1330 1425 1365 ἔτη
1448 1330 1512 1363 :Es’.
1532 1341 1540 1356 ι
1558 1332 1638 1364 Τινὲς
1663 1333 1714 1366 μὲν
1736 1332 1779 1359 λο-

989 1376 1042 1409 ξῶς
1062 1376 1109 1403 τὸν
1134 1377 1260 1412 χρησμὸν
1280 1377 1511 1412 διαλαμϐάνοντες
1539 1378 1661 1412 λέγουσι,
1678 1378 1779 1410 Κακῶς

988 1424 1153 1459 ὲθεμὰτισεν
1178 1425 1192 1450 6
1217 1423 1396 1458 ἀστρονόμος,
1420 1423 1607 1459 λαμὸάνοντες
1621 1424 1672 1459 τὴν
1688 1426 1779 1460 ἀρχὴν

988 1469 1035 1495 τοῦ
1054 1469 1178 1504 χρησμοῦ
1195 1469 1227 1495 ἐκ
1241 1469 1289 1495 τοῦ
1308 1469 1457 1504 είρημένου
1482 1469 1558 1500 ἔτους
1571 1477 1578 1484 ·
1601 1470 1648 1496 καὶ
1665 1469 1715 1497 ἐὰν
1727 1471 1779 1504 ρῦ-

149 1514 186 1545 ὡς
209 1515 257 1540 καὶ
269 1515 293 1540 οί
323 1514 376 1550 πρὸ
395 1515 475 1548 ἡμῶν
498 1514 590 1548 ἅγιοι·
614 1524 624 1540 ι
644 1515 701 1541 Καὶ
722 1516 812 1542 πάντα
838 1516 892 1550 γὰρ
905 1516 934 1542 ὃν
951 1520 972 1549 c
990 1523 1043 1545 τως
1067 1512 1101 1549 ἦν
1116 1515 1154 1544 ὼς
1182 1515 1233 1548 ἐμὲ
1251 1516 1325 1548 παχὺ
1351 1514 1462 1545 λεπτὸν,
1490 1515 1638 1542 ἐλάνθανεν
1661 1517 1777 1542 ἐκεῖνον.

151 1561 247 1596 ἀγαπᾷ
259 1559 361 1596 Κύριος
383 1561 519 1594 παιδεύει,
537 1562 669 1597 μαστιγεῖ
681 1561 708 1588 δὲ
725 1562 782 1588 υίὸν
803 1562 832 1589 ὃν
848 1571 936 1597 παρα-

149 1658 191 1680 cla
204 1653 297 1688 Libya,
315 1660 376 1688 quae
396 1652 471 1680 cives
483 1652 592 1687 imperii
619 1652 748 1680 caelorum
765 1652 888 1686 nutrivit,
906 1657 937 1680 tit

149 1699 186 1726 ait
199 1699 307 1725 divinus
319 1698 444 1730 Cosmas,
459 1705 579 1733 quonam
599 1702 720 1732 tempore
733 1698 852 1725 subactae
873 1703 936 1726 sunt

149 1746 182 1772 ab
198 1743 300 1772 Umaro
314 1751 418 1776 amera,
438 1748 500 1779 post
520 1743 702 1771 Mohametcm
719 1748 760 1771 ter
786 1751 935 1771 exsecran-

148 1791 212 1818 dum
231 1790 323 1822 tertio,
342 1794 369 1817 et
386 1790 412 1817 in
427 1790 586 1817 servitutem
604 1790 741 1817 rcdactzc?
758 1789 870 1817 Factum
883 1790 936 1818 hoc

148 1841 191 1865 est
218 1836 362 1864 manifesto
392 1836 543 1871 imperante
572 1836 751 1863 Conslantino
784 1836 934 1871 Pogonato,

149 1890 219 1910 anno
236 1883 328 1910 mundi
347 1882 428 1914 6154,
444 1886 590 1917 antequam
608 1887 702 1910 sancta
718 1888 744 1909 et
765 1883 935 1910 tecnmenica

148 1935 223 1957 sexta
232 1930 351 1966 sy‘nodus
363 1929 521 1962 haberetur,
531 1937 586 1964 quo
598 1935 718 1964 tempore
728 1937 776 1956 nec
787 1930 934 1957 schismata

148 1984 198 2003 nec
212 1976 324 2004 dissidla
340 1976 367 2003 itt
381 1975 505 2004 ecclesiis
522 1980 609 2003 erant.
624 1975 771 2010 Aliquanto
786 1980 846 2009 post
858 1983 934 2011 rcges

148 2021 241 2049 labore
264 2029 317 2049 tton
336 2021 389 2048 levi
407 2022 529 2048 sanciam
546 2021 642 2048 urbem
659 2029 672 2047 a
688 2021 816 2048 manibus
835 2021 935 2056 impio-

147 2075 206 2094 rum
217 2067 382 2094 vindicatum
402 2066 588 2094 Romanorum
607 2066 779 2094 tradiderunt
795 2067 933 2100 imperio;

147 2115 192 2141 sed
207 2114 360 2148 imperante
380 2113 483 2140 Basilio
503 2113 745 2148 porphyrogenito,
771 2113 818 2147 qui
837 2113 935 2148 Bulga-

147 2166 276 2188 roctonus
295 2160 464 2192 nominatur,
481 2167 579 2187 rursus
597 2160 708 2195 Egypti
729 2167 837 2187 ameras
849 2181 856 2192 ,
871 2159 933 2187 Azi-

147 2207 215 2237 zius.
245 2206 370 2233 eamdem
396 2207 574 2241 expugnavit,
602 2206 759 2240 sepulcrum
783 2205 934 2233 Salvatoris

147 2252 305 2280 nostrich
324 2252 426 2280 Christi
441 2257 467 2279 et
483 2257 645 2288 sumptuose
657 2257 785 2280 ornatum
804 2253 933 2288 templum

146 2299 347 2327 sanctissimum
365 2300 391 2326 in
409 2304 574 2334 potestatem
605 2299 719 2334 redegit.
737 2299 932 2334 supellectilem

146 2346 250 2381 polluit,
267 2346 429 2373 monasteria
447 2346 557 2377 evertit.
571 2346 661 2373 ubivis
685 2346 742 2373 illic
769 2353 872 2381 corpus
887 2354 934 2374 ex-

145 2396 268 2419 ercentcs
283 2392 445 2424 monachos,
461 2391 487 2418 in
502 2392 601 2426 quibus
618 2393 749 2420 Italorum
765 2398 792 2419 et
816 2393 932 2419 aliarum

145 2438 264 2473 gentium
292 2437 392 2472 major,
409 2445 490 2471 quam
510 2438 697 2465 Romanorum
717 2445 848 2465 numerus
863 2443 932 2471 erat,

146 2487 193 2509 aut
207 2482 308 2509 occidit
321 2487 369 2510 aut
388 2481 502 2516 fugavit.
519 2482 602 2509 Plane
617 2484 718 2510 ntirum
733 2488 823 2510 autent
836 2487 889 2513 est.
904 2487 933 2510 ttt

146 2529 231 2561 aiunt,
248 2529 431 2561 Christianos,
443 2536 506 2555 cum
524 2529 676 2564 conjuncta:
690 2533 782 2556 essent
797 2530 930 2562 ecclesiae,

146 2581 160 2600 a
175 2574 229 2601 Deo
243 2579 299 2601 tum
316 2575 342 2601 in
362 2578 523 2609 potestatem
545 2574 691 2609 impiorum
716 2576 831 2603 traditos
860 2584 930 2603 csse.

145 2620 219 2646 Adeo
232 2629 264 2647 ex
282 2621 323 2647 his
338 2621 464 2648 omnibus
475 2620 649 2655 intelligitur,
666 2629 720 2647 ttott
744 2627 856 2656 propter
869 2630 931 2656 pec-

146 2671 234 2693 catum
255 2666 364 2701 aliquod
380 2667 504 2694 hostibus
521 2675 571 2694 tios
589 2667 730 2702 subjectos
746 2676 818 2699 esse.
834 2669 881 2695 sed
895 2670 930 2695 ob

145 2711 307 2745 singularem
322 2706 524 2746 educationem,
541 2713 774 2748 quemadmodum
788 2715 852 2741 olim
865 2723 930 2741 san-

146 2757 179 2784 cti
188 2757 338 2784 docuerunt
351 2767 358 2785 :
374 2767 382 2783 ι
394 2758 594 2794 Quemcunque
606 2760 678 2787 enim
690 2764 763 2787 amat
775 2760 855 2792 Dens,
865 2768 927 2787 eum

146 2802 250 2835 educat,
266 2808 293 2830 et
311 2804 426 2838 castigat
450 2805 546 2839 ﬁliuni,
564 2814 645 2840 quem
665 2807 774 2841 recipit,
789 2817 799 2833 ι
818 2813 844 2834 et
867 2808 928 2842 qua:

146 2854 306 2880 sequuntur.
324 2859 333 2875 ι
354 2850 452 2878 Fidelis
473 2852 557 2884 enim,
575 2852 623 2886 ait,
651 2852 782 2881 Dominus
807 2859 858 2887 cst,
882 2853 928 2888 qui

994 1560 1065 1594 Ἐγὼ
1084 1560 1113 1586 δὲ
1131 1560 1201 1587 κατὰ
1218 1561 1248 1586 τί
1265 1560 1361 1587 δοκοῦν
1381 1560 1463 1587 τινῶν
1484 1561 1639 1596 φιλοσόφων
1655 1562 1778 1596 ἀρίστων

987 1657 1042 1676 non
1059 1649 1197 1682 permittet
1220 1656 1268 1675 vos
1281 1648 1362 1680 ultra,
1379 1656 1461 1684 quam
1493 1650 1632 1676 sustinere
1653 1651 1776 1684 possitis,

988 1695 1098 1723 tentari.
1119 1705 1128 1720 ι
1156 1694 1222 1722 Item
1249 1695 1331 1722 David
1349 1703 1356 1722 :
1378 1705 1388 1721 ι
1409 1695 1558 1722 Educando
1581 1696 1708 1724 educavit
1733 1705 1777 1724 ttte

988 1742 1130 1774 Dominus,
1148 1749 1197 1769 nec
1212 1749 1276 1769 vero
1292 1742 1372 1768 morti
1391 1749 1433 1769 me
1450 1742 1574 1769 tradidit.
1590 1751 1599 1768 ι
1727 1774 1733 1782 _

1022 1788 1110 1815 Etiam
1127 1789 1178 1815 hoc
1200 1788 1275 1815 audi.
1291 1788 1528 1821 Qucmadmodum
1541 1789 1718 1824 Assyriorum
1736 1797 1778 1817 re.-

987 1842 1069 1869 gnunt
1085 1842 1100 1861 a
1121 1834 1278 1868 Babyloniis
1301 1842 1427 1861 eversum
1452 1839 1505 1866 est.
1535 1835 1743 1871 Babyloniorum
1761 1844 1776 1863 a

987 1880 1091 1912 Persis,
1116 1879 1262 1907 Persarum
1281 1888 1295 1907 a
1318 1879 1525 1914 Macedonibus,
1558 1881 1735 1909 Macedonum
1761 1889 1776 1909 ιι

987 1927 1129 1958 Romanis,
1150 1927 1186 1954 ita
1213 1922 1398 1954 Romanorum
1424 1935 1534 1961 quoque
1567 1927 1712 1962 imperium
1742 1929 1777 1956 ab

987 1972 1188 1999 Otntanlidibus
1205 1981 1212 2000 :
1229 1977 1311 2007 atque
1332 1973 1430 2000 horum
1457 1973 1518 2000 ﬁnis
1543 1973 1630 2000 aderit
1653 1974 1728 2008 justo
1749 1981 1777 2001 et

986 2020 1135 2046 constituto
1149 2023 1281 2053 tempore,
1294 2023 1519 2053 evertenturque,
1534 2020 1605 2046 sicut
1618 2020 1775 2047 altdivitttts

986 2066 1070 2093 Isaias
1085 2065 1111 2092 in
1124 2065 1215 2100 specie
1229 2066 1363 2092 Idumam.
1380 2075 1389 2091 ‹
1408 2065 1480 2092 Dixit
1494 2065 1559 2092 mihi
1575 2065 1776 2093 Dominuszln-

986 2116 1026 2139 lra
1048 2119 1161 2143 annum,
1179 2111 1268 2146 qualis
1284 2115 1325 2138 est
1348 2119 1437 2138 annus
1462 2112 1641 2144 mercenarii,
1668 2113 1776 2140 deﬁciet

986 2157 1071 2192 gloria
1091 2157 1190 2190 Cedar,
1204 2161 1231 2184 et
1255 2157 1376 2192 reliquiae
1392 2157 1547 2192 iaculorum
1570 2157 1682 2184 fortium
1704 2159 1775 2185 tilio-

987 2211 1046 2230 rum
1063 2203 1151 2230 Cedar
1165 2203 1269 2238 exiguae
1283 2207 1374 2234 erunt,
1390 2203 1519 2236 quoniam
1542 2203 1686 2237 Dominus,
1703 2203 1775 2242 Deus

985 2248 1104 2281 Israeiis,
1119 2249 1227 2276 locutus
1238 2254 1290 2276 est.
1307 2259 1316 2275 ι
1341 2250 1380 2278 Ad
1393 2251 1464 2285 quod
1477 2250 1579 2278 dictuttt
1596 2252 1735 2286 propheta:
1745 2259 1775 2278 sc

985 2295 1146 2330 appliquuns
1157 2296 1379 2330 sapientissimus
1394 2296 1550 2331 Stephanus
1563 2297 1774 2329 Alexandrinus,

984 2351 1056 2370 attno
1083 2343 1163 2375 6151,
1185 2342 1355 2377 Septembris
1379 2343 1423 2370 die
1442 2344 1471 2374 3,
1489 2344 1670 2372 hebdomadis
1685 2344 1712 2376 6,
1740 2345 1773 2372 de

983 2389 1183 2417 lsmaclitnt‘um
1203 2397 1285 2423 regno
1301 2389 1352 2416 Itoc
1375 2389 1463 2416 thema
1479 2389 1539 2417 fecit
1564 2395 1590 2417 ct
1604 2391 1747 2418 constituit
1765 2399 1771 2416 :
1827 2397 1839 2409 ι

987 2433 1027 2461 «Is
1052 2438 1223 2468 potenter-et
1240 2441 1371 2468 prospere
1389 2435 1516 2469 regnabit
1533 2443 1619 2462 annos
1637 2441 1773 2464 trecentos

985 2487 1092 2513 novem,
1109 2482 1135 2506 iii
1154 2488 1244 2506 rcruttt
1264 2480 1399 2514 angustiis
1414 2486 1438 2507 ct
1451 2482 1657 2514 perturbatione
1674 2483 1772 2510 deinde

985 2535 1074 2554 annos
1085 2527 1279 2560 quinquaginta
1292 2534 1348 2557 sex,
1358 2531 1386 2553 ut
1396 2527 1509 2554 omnino
1521 2535 1614 2555 eorum
1627 2529 1771 2564 imperium

983 2577 1039 2600 tum
1057 2572 1176 2599 faustum
1191 2577 1259 2602 stum
1283 2572 1432 2600 infaustum
1456 2573 1578 2600 futurum
1601 2574 1635 2601 sit
1651 2582 1696 2608 per
1721 2583 1771 2602 an-
1824 2569 1829 2571 ’

982 2627 1032 2646 nos
1045 2618 1108 2645 565.
1126 2627 1136 2644 ›
1151 2617 1281 2645 Nonnulli
1300 2619 1460 2646 vaticinium
1476 2627 1619 2655 perperam
1638 2621 1772 2656 inti-rpre-

983 2665 1041 2698 tati,
1055 2669 1243 2692 astronomum
1256 2664 1325 2692 male
1337 2665 1531 2693 ratiocinatum
1549 2674 1609 2694 esse
1626 2666 1770 2697 atlirmunt,

982 2710 1090 2737 initium
1105 2710 1237 2737 ducentes
1251 2709 1286 2736 ab
1301 2716 1346 2742 eo,
1361 2717 1443 2745 quem
1464 2710 1532 2742 dixi,
1551 2718 1635 2738 anno.
1651 2710 1728 2743 Quod
1747 2709 1770 2736 si

981 2758 1017 2786 ita
1029 2763 1113 2791 esset,
1126 2757 1208 2785 falsus
1220 2757 1265 2784 ille
1284 2757 1363 2784 foret.
1393 2757 1428 2784 At
1441 2757 1567 2792 equidem
1578 2757 1610 2784 de
1623 2766 1653 2784 ea
1665 2765 1693 2784 rc
1705 2764 1772 2792 quo-

980 2806 1105 2832 rumdam
1115 2804 1338 2831 doctissimorum
1350 2804 1492 2830 hominum
1502 2804 1650 2831 sententias
1657 2804 1772 2839 cognovi

985 2857 1013 2879 et
1027 2852 1119 2886 didici,
1144 2851 1294 2880 secundum
1312 2858 1382 2886 quas
1400 2850 1510 2886 sapiens
1529 2850 1574 2878 ille
1598 2852 1639 2878 vir
1665 2851 1773 2878 initium
