1931 3079
124 165 178 198 909

631 168 853 199 CllliONlCON
871 169 1005 199 MAJUS.
1027 179 1061 185 -
1080 167 1155 199 LIB.
1177 168 1226 198 ιν.

1697 163 1750 197 910

124 222 296 258 ιφρονοῦμεν
308 223 396 258 ὀρθῶς
416 222 547 258 Ῥωμαῖοί
562 232 591 250 τε
606 225 652 251 καὶ
664 224 758 257 Σέρϐοι
772 226 818 251 καὶ
830 225 911 251 Βούλ-
926 229 947 254 Α
963 223 1071 254 στιανός
1087 232 1130 254 τις
1150 222 1345 258 γραμματικὸς
1372 219 1418 256 ἦν,
1435 221 1647 256 ἀνατεθειμένος
1676 222 1753 259 παρά

124 277 219 304 γαροι,
235 268 327 300 καθὼς
342 269 467 302 λέγουσιν
489 270 513 296 oi
532 270 750 305 κατηγοροῦντες
774 272 847 304 ἡμᾶς
866 272 913 298 καὶ

124 315 315 347 ὀνειδίζουσιν.
337 316 399 342 Ἐὰν
413 316 440 342 δὲ
455 316 537 343 πάλιν
548 317 595 343 καὶ
611 317 663 343 ὑπὸ
673 317 816 352 ἁμαρτιῶν
833 319 912 352 ἡμεῖς
931 329 938 337 -

125 362 338 397 ἐπαιδεύθημεν,
354 363 401 390 καὶ
424 363 504 397 ὑμεῖς
522 364 546 390 οἱ
563 363 661 391 Ἰταλοὶ
688 364 725 398 μὴ
754 364 912 399 ἀμερίμνως

129 409 251 443 μείνατε,
265 409 334 436 ἀλλὰ
346 409 395 440 τὰς
407 411 502 445 χεῖρας
515 411 560 436 ἐπὶ
572 410 601 437 τὺ
615 410 712 445 στῆθος
726 411 802 444 ὑμῶν
817 410 913 445 βάλετε

127 456 176 482 καὶ
189 457 260 483 κατὰ
274 455 338 490 νοῆν
354 457 537 491 ἐνθυμήθητε,
550 458 598 484 καὶ
609 457 827 492 κατηγοροῦντες
839 459 913 492 ἡμᾶς

129 501 264 529 παύσατε.
279 503 361 528 Αὐτοὶ
378 502 406 528 δὲ
419 503 444 528 οἱ
460 502 632 536 Ἰσμαηλῖται
649 503 760 529 ἄπιστοι
774 503 852 534 ὅντες
865 511 914 538 χα-

127 547 208 574 λεποὶ
223 549 271 574 καὶ
288 548 482 583 ἀνελεήμονες,
498 549 645 582 προστάξει
662 549 689 576 δὲ
705 549 775 575 Θεοῦ
790 549 854 580 τούς
869 559 913 576 πι-

128 595 209 626 στοὺς
231 595 390 622 παιδεύουσι
415 596 505 622 καὶτὸ
523 596 617 621 πλεῖον
640 595 723 630 μέρος
745 594 794 621 τοῦ
808 597 913 629 κόσμου

128 641 299 676 κυριεύουσι.
327 642 373 668 Διὸ
386 642 416 668 οὐ
433 641 473 669 δεῖ
488 642 744 677 μεγαλορρημονείν
768 642 833 676 περὶ
848 642 913 668 τού-

128 695 183 712 των
208 687 271 718 τούς
298 687 429 719 Ἰταλοὺς,
457 687 498 714 ὅτι
515 687 558 714 διὰ
582 687 613 713 τὸ
633 687 721 722 ὀρθῶς
735 688 844 722 φρονεῖν
868 688 914 714 καὶ

128 733 227 759 δίκαιοι
245 735 293 759 καὶ
320 733 392 766 ἅγιοι
407 733 523 764 ἑαυτοὺς
550 734 676 767 λέγουσιν
699 730 781 764 εἶναι,
799 733 847 759 καὶ
870 733 914 759 διὰ

129 778 179 814 τὴν
193 779 282 805 αὐτῶν
296 779 452 814 ὀρθοδοξιαν
473 780 520 806 καὶ
546 779 722 815 δικαιοσύνην
737 779 789 811 ἕως
803 780 849 805 τοῦ
865 779 913 806 νῦν

131 824 316 859 βασιλεύουσι.

964 278 1047 296 τινων
1064 269 1194 304 Τούρκων
1207 269 1261 296 τῶν
1277 269 1327 304 τῆς
1348 268 1448 303 βουλῆς
1463 270 1550 296 εἰπεῖν
1575 269 1613 304 τῷ
1631 270 1752 307 δεσπότῃ

965 317 1008 343 ῐνα
1025 316 1129 351 ποιήσῃ
1141 316 1276 350 ἀνασολὴν
1290 316 1331 347 εις
1344 316 1393 350 τὴν
1406 315 1528 349 ἀγάπην,
1545 317 1585 343 ὅτι
1608 317 1656 344 ἐὰν
1669 318 1753 352 γένη-

964 371 1010 389 ται
1035 363 1050 396 ὴ
1079 362 1149 397 μετὰ
1166 362 1220 389 τῶν
1240 363 1394 396 υύγγάρων
1421 362 1544 398 συνθήκη
1569 364 1619 398 τῆς
1644 365 1754 398 ἀγάπης

964 410 1024 444 ἦτοι
1039 409 1163 444 εἰρήνης,
1183 409 1264 440 εὐθὺς
1281 410 1295 435 ό
1311 409 1432 444 Τοῦρκος
1450 409 1522 436 κατὰ
1543 410 1591 444 τῆς
1610 411 1757 437 Κωνσταν-

963 455 1147 486 τινουπόλεως
1162 456 1380 490 καθορμήσεται.
1397 456 1529 487 Κάκεῖνος
1543 457 1594 483 οὐκ
1609 457 1753 492 ἐφρόντισε

965 502 1030 536 περὶ
1044 502 1144 529 τούτου
1169 502 1232 528 οὔτε
1248 502 1345 535 ἔμελεν
1363 501 1449 536 αὐτῷ,
1464 503 1514 528 οὐκ
1530 503 1607 533 είδὼς
1623 504 1636 529 ὁ
1661 503 1754 534 ἄθλιος

965 549 1006 575 ὅτι
1024 549 1048 575 εἰ
1062 549 1199 584 ἀφαιρεθῇ
1214 549 1229 583 ὴ
1244 549 1350 584 κεφαλὴ
1364 548 1412 575 τοῦ
1427 548 1565 583 σώματος,
1574 550 1607 576 τὰ
1620 550 1690 585 μέλη
1703 551 1757 577 εὶσὶ

967 594 1064 629 νεκρά.

1002 641 1069 668 Τότε
1086 640 1134 669 οὖν
1152 642 1200 668 καὶ
1216 642 1246 667 ἐν
1268 643 1301 676 τῇ
1321 641 1430 677 Ἐνετίᾳ
1450 643 1548 677 βουλῆς
1575 643 1754 682 μεγάληςίγεε

966 689 1084 722 νομένης
1101 688 1165 723 περὶ
1178 688 1276 714 τούτου
1292 689 1391 723 ἀνέστη
1414 690 1428 715 ό
1445 689 1484 724 τῷ
1499 690 1560 716 τότε
1579 690 1667 725 καιρῷ
1681 691 1755 722 δούξ,

966 733 1088 768 Ιτοῦνομα
1111 734 1286 768 Φραγκίσκος
1309 734 1475 768 Φούσκαρις,
1492 735 1597 768 λόγω-1³
1614 745 1622 761 t
1642 736 1680 762 Οὐ
1697 737 1757 763 κατ’

966 780 1079 814 ἄγνοιαν
1096 779 1150 814 γὰρ
1171 780 1185 805 ό
1208 779 1337 814 βασιλεὺς
1360 779 1486 814 Ἰωάννηξ
1509 781 1609 815 ὥριζεν
1632 782 1716 816 ἡμᾶς.
1746 792 1755 807 ι

973 825 1055 852 Ἀλλὰ
1074 826 1120 852 καὶ
1145 825 1220 853 ἄλλοι
1243 826 1268 852 οἱ
1283 827 1387 858 ἰδόντες
1411 828 1458 854 καὶ
1480 828 1662 862 ὁμιλήσαντες
1678 829 1760 864 324.

166 871 284 903 Τούτους
302 872 352 906 μὲν
366 873 430 904 τούς
445 872 541 907 λόγους
557 873 710 908 εἰρήκαμεν
725 872 786 907 οὐχὶ
806 872 873 906 πρὸς
887 872 917 898 τὸ
934 872 955 899 Β
970 872 1045 907 αὐτῷ
1062 873 1269 908 φρονιμώτερον
1288 874 1372 901 αὐτοῦ
1393 874 1539 908 ἄνθρωπον
1553 877 1582 902 ὲν
1609 877 1640 911 τῇ
1656 877 1758 909 Ἰταλία

131 917 308 951 κατακρίνειν
328 917 345 952 ἢ
372 919 538 952 κατηγορεῖν
566 927 639 951 τινα,
662 918 699 953 μὴ
717 918 842 951 γένοιτοε
859 917 916 943 ἀλλ’

132 965 177 991 ἶνα
192 965 249 995 τοῖς
263 964 462 992 καταλαλοῦσιν
473 966 546 1000 ἡμᾶς
557 965 691 1000 δείξωμεν
705 965 748 991 ότι
763 965 815 990 οὐκ
828 964 917 999 ὀρθῶς

132 1011 180 1037 καὶ
190 1011 286 1044 σαφῶς
300 1011 350 1042 τὰς
369 1011 480 1045 Γραφὰς
494 1011 574 1046 323
587 1011 686 1038 οἴδασι.
706 1011 755 1038 Διὰ
770 1011 848 1038 τοῦτο
868 1010 918 1045 μὲν

133 1057 207 1090 ἡμᾶς
224 1057 389 1091 μέμφονται,
404 1056 452 1083 καὶ
470 1057 547 1090 σοφοί
563 1057 617 1082 είσι
644 1057 745 1087 πάντες
758 1055 804 1082 τοῦ
828 1055 919 1082 νουθε-

133 1105 200 1135 τεῒν,
218 1102 317 1133 αὐτοὺς
327 1102 355 1128 δὲ
372 1101 580 1137 ἁμαρτάνοντας
594 1101 623 1128 οὐ
639 1101 813 1135 γινώσκουσι.

171 1149 204 1184 β’.
225 1148 287 1176 Ἐπὶ
301 1149 350 1182 τὴν
364 1148 504 1183 ἡμετέραν
515 1147 698 1182 οὖνῦιήγησιν
714 1147 917 1181 ἐπανέλθωμεν.

140 1197 204 1224 Ἐάν
216 1205 258 1227 τις
271 1197 372 1232 αἰτήσῃ
392 1196 418 1222 τί
439 1195 470 1222 τὸ
495 1195 616 1231 πραχθὲν
630 1194 707 1230 παρὰ
719 1195 767 1221 τοῦ
786 1195 919 1230 βασιλέως

135 1241 174 1277 τῷ
192 1242 236 1269 διὸ.
250 1242 334 1277 μέσου
344 1241 432 1276 καιρῷ
445 1242 495 1275 τῆς
514 1242 615 1276 μάχης,
633 1240 704 1267 εἴπω
714 1241 789 1275 αὺτῷ
803 1248 810 1256 '
837 1240 882 1267 Ἐν
898 1237 920 1274 ᾧ

136 1288 169 1322 δὴ
187 1288 275 1323 χρόνῳ
289 1289 338 1315 καὶ
354 1287 444 1323 καιρῷ
459 1289 474 1314 ό
490 1287 617 1322 Ἀμηρᾶς
632 1287 857 1322 παρεσκευάζετο
874 1287 921 1315 καὶ

136 1335 186 1370 τὴν
204 1334 331 1369 βοήθειαν
347 1334 481 1368 ἐποίησαν
496 1335 522 1360 oi
547 1333 648 1365 ἔξωθεν
664 1333 794 1360 αὐθένται
809 1334 834 1360 οἱ
851 1334 919 1368 Χρι-

138 1381 253 1408 στιανοί.
270 1381 326 1408 Καὶ
341 1381 396 1408 τῶν
416 1381 465 1415 μὲν
477 1380 684 1415 περικύκλωθεν
700 1381 838 1407 αὐθέντων
852 1380 918 1414 Χριι

139 1427 256 1454 στιανῶν
269 1426 351 1461 δῆλόν
367 1428 425 1454 ἔστι
450 1428 506 1457 τοῖς
520 1427 604 1453 πᾶσιν
627 1427 715 1458 οὐδὲν,
731 1426 799 1453 ἀλλὰ
821 1426 921 1460 μᾶλλον

138 1474 187 1500 καὶ
201 1474 268 1509 πρὸς
282 1475 329 1501 τὸν
340 1474 389 1508 τῆς
405 1473 521 1508 Σερϐίας
534 1473 667 1507 αὐθέντην
685 1472 820 1507 Γεώργιον
834 1474 920 1508 πρέσ-

138 1519 188 1546 ϐυν
204 1521 218 1546 ό
234 1519 341 1555 ἀμερᾶς
358 1518 528 1550 ἀπέστειλεν,
554 1518 597 1544 ἵνα
621 1518 772 1554 μεσιτεύσῃ
788 1519 853 1552 περὶ
871 1518 921 1551 τῆς

139 1551 260 1601 εἰρήνης’
277 1551 329 1600 τῆς
356 1564 516 1600 ἁναμεταξύ
543 1565 599 1591 τῶν
622 1551 779 1598 Ὀύγγάριον
807 1551 855 1592 καὶ
873 1563 921 1590 τοῦ
935 1551 958 1580 c

139 1611 247 1647 ἀμηρᾶ.
263 1611 342 1639 Μετὰ
364 1611 394 1638 δι
415 1610 463 1638 τοῦ
484 1611 675 1646 ἀπερχομένου
692 1609 826 1645 πρέσὸεος
854 1609 923 1645 Χρι-

141 1704 225 1736 Inani,
239 1702 325 1731 Servii
334 1707 362 1731 et
369 1703 487 1738 Bulgari,
500 1702 526 1729 id
537 1702 622 1737 quod,
633 1702 679 1736 qui
693 1709 742 1729 ttos
755 1701 926 1729 calumnian-

142 1756 185 1778 tur
201 1755 228 1778 et
253 1754 393 1782 accusant,
413 1749 518 1777 dicunt.
533 1747 588 1776 Vos
613 1756 679 1776 vero
700 1748 758 1775 Itali
775 1756 809 1775 ne
836 1747 926 1775 securi

141 1797 237 1831 agatis.
253 1795 310 1828 sed,
325 1795 460 1830 impositis
487 1795 590 1829 pectori
605 1795 741 1824 manibus.
760 1793 926 1820 mctlitamini

141 1849 203 1869 cum
232 1841 334 1874 animo,
351 1845 377 1869 et
400 1841 524 1868 desistite
542 1847 592 1867 nos
620 1847 760 1867 accusare.
784 1839 926 1866 lsmaclitaa

142 1891 243 1918 autem,
262 1886 386 1913 homines
411 1885 497 1919 impii,
513 1884 574 1913 duri
589 1889 616 1912 et
631 1884 782 1915 inhumani.
800 1892 815 1912 e
831 1884 927 1911 volun-

142 1937 197 1959 tate
211 1931 258 1959 Dei
285 1932 343 1966 pios
369 1931 502 1966 castigant
517 1937 544 1958 et
563 1931 693 1965 majorem
724 1935 827 1965 partem
854 1931 929 1957 orbis

143 1982 275 2006 terrarum
301 1981 461 2011 occupatam
490 1981 590 2004 tenent.
607 1976 695 2009 Quare
723 1983 776 2002 non
799 1975 878 2002 decet
894 1975 928 2002 de

143 2024 186 2052 his
200 2024 308 2060 gloriari
324 2024 416 2057 Italos,
447 2030 508 2051 sese
531 2027 642 2058 propter
663 2022 794 2049 doctrina:
810 2021 930 2056 probita~

145 2079 198 2102 tem
225 2072 312 2106 justos
331 2075 358 2098 et
375 2074 486 2098 sanctos
501 2077 530 2096 se
548 2068 683 2103 appellare
697 2072 723 2094 et
749 2071 860 2102 prepter
883 2074 929 2094 or-

144 2118 301 2146 tlmdoxiam
314 2121 341 2144 et
354 2115 489 2151 justitiam
508 2114 541 2142 ad
571 2115 644 2141 hunc
659 2113 732 2141 diem
757 2120 881 2148 regnare.

181 2164 243 2192 Hac
265 2162 349 2190 verba
373 2160 485 2188 minime
511 2159 636 2190 iecimus,
667 2166 732 2192 quo.
744 2158 814 2192 quod
832 2156 902 2184 absit
921 2156 928 2183 ι

144 2216 308 2245 quemquam
336 2208 495 2234 damnemus
519 2210 565 2232 aut
585 2212 755 2236 accusemus,
770 2205 816 2231 sed
833 2209 862 2230 υι
885 2210 930 2230 OS-

147 2257 289 2284 tcndamus
315 2254 349 2281 iis
365 2253 412 2287 qui
433 2260 482 2280 nos
512 2250 730 2280 calumniantur.
753 2250 822 2276 haud
848 2249 931 2284 probe

148 2311 197 2332 nec
212 2307 285 2330 recte
299 2309 345 2328 eos
356 2299 515 2334 Scripturas
527 2297 688 2331 intelligere.
700 2296 770 2323 llinc
781 2296 853 2323 enim
866 2295 930 2322 iitttt

147 2357 197 2377 nos
211 2349 363 2382 vitttperent
387 2350 415 2372 et
429 2353 524 2372 omnes
551 2343 601 2370 sibi
630 2341 774 2370 vidcantur
790 2341 824 2368 ad
840 2349 932 2376 repre-

148 2392 321 2421 hendendum
350 2390 419 2419 satis
446 2396 552 2424 sapere,
583 2389 656 2423 ipsos
690 2395 720 2414 se
749 2394 842 2413 errare
871 2393 927 2413 non

147 2440 276 2467 Sentium.

185 2485 212 2511 2.
228 2484 408 2511 Revertantur
423 2482 454 2508 ad
462 2480 636 2516 propositum
654 2484 789 2505 nostrum.
806 2479 835 2505 Si
849 2485 930 2512 quae—

150 2539 205 2562 ras,
220 2530 285 2565 quid
298 2530 448 2563 imperator
477 2532 612 2560 tempore,
628 2525 700 2559 quod
732 2525 759 2551 in
785 2524 939 2561 obsidione.

148 2581 340 2611 consumptum
351 2579 402 2607 εει,
416 2573 511 2608 egerit,
524 2572 623 2599 dicam.
637 2571 698 2604 Quo
715 2571 828 2606 quidem
862 2576 930 2600 tem-

151 2631 218 2657 pore
233 2624 346 2649 Anteras
361 2621 461 2648 bellum
472 2619 585 2654 parabat
598 2623 625 2645 et
641 2617 675 2645 ad
689 2618 831 2645 iercndam
850 2625 929 2653 opem

149 2678 178 2695 se
193 2669 366 2696 instruebant
380 2666 486 2693 externi
503 2665 642 2700 principes
657 2663 819 2693 Christiani.
833 2662 930 2696 Quatt-

148 2721 231 2750 quam
246 2713 478 2742 Christianorum.
490 2711 538 2746 qui
553 2711 626 2737 circa
639 2709 810 2741 habitabant,
826 2707 929 2744 princi-

149 2768 226 2795 pum,
239 2759 340 2786 nullam
353 2765 431 2792 opem
442 2757 551 2784 allatam
567 2763 638 2788 esse,
661 2762 756 2783 nctum
773 2760 815 2782 est
842 2755 933 2781 omni-

150 2807 200 2834 bus
221 2805 308 2840 :quin
336 2805 390 2831 imo
415 2803 447 2831 ad
475 2803 577 2830 Serviat
600 2802 750 2836 principem
781 2800 930 2835 Georgium

150 2853 263 2878 Antei-as
278 2851 395 2885 legatum
413 2849 498 2881 misit,
518 2852 547 2874 ut
563 2848 585 2875 is
603 2848 636 2874 de
655 2855 722 2882 pace
736 2847 807 2874 inter
819 2846 931 2881 [Iunga-

149 2906 196 2927 rus
208 2901 235 2926 et
255 2897 382 2925 Ameram
407 2895 588 2924 concilitanda
617 2899 719 2929 ageret.
749 2893 822 2929 Cum
842 2893 931 2928 legato

972 919 1022 946 οὐκ
1035 917 1116 951 εῐδον,
1141 921 1166 946 εἰ
1183 920 1220 955 μὴ
1235 920 1279 946 διὰ
1305 921 1406 948 κακίαν
1425 922 1472 948 κα)⁸
1492 922 1591 956 φθόνον
1603 932 1610 939 υ
1632 924 1682 950 οὐκ
1704 922 1758 951 οἶδε

972 964 1027 998 γὰρ
1049 965 1064 990 ὁ
1079 964 1185 998 ’φθόνος
1211 966 1348 1001 προτιμᾷν
1367 966 1398 993 τὸ
1424 969 1575 1003 συμφέρον,
1592 967 1647 995 Ἦν
1672 969 1701 995 δὲ
1729 970 1760 995 τὸ

972 1009 1060 1037 αῖτιον
1072 1010 1168 1037 τούτου
1193 1009 1238 1037 τοῦ
1252 1011 1403 1039 Ἀλωῡσίου
1418 1013 1509 1040 Διέδου
1527 1014 1575 1040 τοῦ
1598 1015 1664 1041 ποτε
1681 1024 1758 1049 μεσι-

972 1055 1120 1087 τεύσαντος
1143 1056 1187 1083 ῑνα
1206 1058 1220 1083 ό
1243 1058 1399 1092 μακαρίτης
1414 1059 1429 1084 ὀ
1450 1059 1585 1094 αὐθέντης
1603 1069 1654 1095 μου
1677 1062 1691 1088 ὀ
1707 1062 1760 1095 κύρ

974 1103 1190 1136 Κωνσταντῖνος,
1217 1102 1353 1137 δεσπότης
1372 1103 1410 1130 ὢν
1427 1105 1489 1132 τότε
1515 1105 1554 1140 τῷ
1579 1107 1668 1142 καιρῷ
1685 1108 1713 1134 ὲν
1727 1109 1758 1142 τῇ

974 1149 1183 1185 Πελοποννήσῳ,
1203 1150 1274 1185 λάόῃ
1302 1150 1343 1182 είς
1360 1152 1478 1184 γυναῖκα
1503 1153 1587 1178 αὐτοῦ
1608 1153 1656 1188 τὴν
1682 1154 1759 1180 retiis

973 1194 1021 1220 τοῦ
1034 1194 1130 1226 δονκὺς
1145 1194 1283 1229 θυγατέρα
1303 1195 1373 1229 μετὰ
1397 1197 1510 1231 προικὸς
1534 1197 1645 1232 πολλῆς.
1669 1199 1698 1224 '0
1712 1199 1760 1225 οὖν

973 1240 1108 1275 αὐθέντης
1134 1249 1184 1276 μου
1205 1241 1235 1267 οὐ
1249 1241 1284 1268 δι’
1299 1241 1362 1269 ἄλλο
1379 1243 1403 1268 εί
1420 1242 1458 1277 μὴ
1479 1244 1523 1270 ῐνα
1541 1244 1652 1278 γένηται
1678 1246 1761 1272 οἱονεὶ

973 1287 1021 1313 καὶ
1035 1287 1116 1318 αὐτὸς
1135 1288 1183 1314 καὶ
1195 1289 1210 1314 ὀ
1228 1287 1312 1320 τόπος
1326 1288 1407 1315 αὐτοῦ
1431 1290 1500 1323 μετὰ
1512 1291 1562 1324 τῆς
1585 1291 1706 1323 Ἑνετίας
1720 1291 1759 1325 ἒν,

975 1333 1187 1360 συνεκατέσαινε
1207 1335 1240 1368 ’τῇ
1264 1333 1378 1369 τοιαύτῃ
1403 1335 1559 1370 ἀγχιστεία,
1575 1336 1643 1370 ἐμοῦ
1663 1345 1693 1364 τε
1713 1340 1760 1364 καὶ

975 1379 1062 1406 ἄλλων
1078 1379 1210 1405 πλειόνων
1223 1379 1423 1406 συναινούντων
1438 1380 1517 1407 τοῦτο
1532 1382 1577 1408 καὶ
1595 1383 1762 1416 ἀναγκαζόν-

975 1434 1029 1452 των
1044 1426 1136 1460 σχεδὸν
1149 1425 1200 1460 ἠδη
1215 1425 1331 1460 ἐγίνετο.
1351 1427 1396 1458 Ὠς
1406 1428 1434 1454 δὲ
1445 1429 1556 1462 ἐγένετο
1573 1428 1702 1463 βασιλεὺς
1714 1431 1762 1456 καὶ

975 1471 1099 1506 ἀπῆλθεν
1124 1473 1165 1504 εἰς
1180 1471 1230 1507 τὴν
1257 1472 1348 1504 πόλιν,
1374 1473 1453 1500 τοῦτο
1475 1474 1611 1502 ἀνοίκειον
1635 1473 1686 1511 ἦν·
1703 1475 1761 1507 πῶς

976 1520 1029 1554 γὰρ
1046 1518 1173 1545 ἐδύναντο
1188 1518 1212 1544 οἱ
1225 1519 1274 1553 τῆς
1290 1519 1394 1551 πόλεως
1413 1520 1546 1555 ἄρχοντες
1562 1522 1609 1548 καὶ
1619 1522 1763 1557 ἁρχόντισν

975 1573 1020 1591 σαι
1035 1565 1134 1598 κυρίαν
1148 1564 1195 1592 καὶ
1208 1564 1352 1590 δέσποιναν
1364 1566 1455 1592 αὐτῶν
1468 1567 1667 1601 καταδεχθῆναι
1686 1567 1762 1594 Ἐνε-

976 1610 1022 1638 tot?
1035 1611 1185 1646 θυγατέρα,
1199 1612 1246 1638 καὶ
1257 1611 1322 1644 τοὺς
1336 1611 1480 1646 γαμόρούς
1491 1613 1575 1639 αὐτοῦ
1588 1614 1650 1645 τοὺς
1662 1613 1761 1646 ἄλλους

976 1699 1151 1728 Christianus
1163 1700 1264 1735 aliquis
1274 1701 1413 1729 litteratus
1424 1707 1494 1735 erat,
1509 1711 1523 1729 a
1538 1704 1638 1731 Turcis
1649 1705 1763 1739 quibus-

978 1746 1040 1773 dam
1059 1746 1225 1774 consiliariis
1241 1747 1362 1779 addttus,
1375 1748 1422 1782 qui
1437 1749 1556 1782 despnta:
1569 1749 1708 1781 suaderet.
1734 1756 1763 1778 ut

979 1793 1127 1820 amicitiam
1139 1794 1287 1822 conciliare
1312 1794 1447 1828 studeret,
1477 1799 1515 1827 ut,
1547 1796 1569 1823 si
1595 1797 1671 1824 ﬁeret
1699 1804 1761 1824 cnnt

979 1840 1116 1873 Hungaris
1137 1841 1248 1870 paciset
1274 1840 1403 1868 amicitiae
1427 1841 1526 1874 pactio,
1555 1841 1645 1870 'l‘urca
1669 1843 1761 1870 statim

978 1886 1086 1914 CPolim
1103 1887 1253 1914 invaderet.
1269 1887 1356 1919 Quam
1372 1895 1428 1914 rem
1442 1888 1526 1915 miser
1539 1888 1584 1916 ille
1602 1889 1678 1916 nihili
1691 1890 1764 1917 aesti-

969 1932 1072 1960 .mabat
1082 1940 1131 1959 ttcc
1142 1932 1220 1966 pensi
1236 1932 1365 1963 habebat.
1383 1934 1504 1968 nescius,
1519 1934 1608 1968 capite
1622 1942 1636 1962 ιι
1648 1942 1763 1970 corpore

980 1975 1082 2008 deciso,
1097 1976 1217 2003 tnetnhra
1228 1981 1334 2004 mortua
1347 1984 1417 2004 esse.

1016 2021 1117 2048 Eodem
1134 2025 1258 2056 tempore
1285 2023 1368 2049 etiam
1389 2023 1511 2050 Venetiis
1522 2024 1555 2050 de
1567 2024 1617 2051 hac
1646 2032 1676 2052 re
1706 2032 1764 2051 ma-

981 2075 1062 2102 gnum
1077 2067 1222 2094 concilium
1239 2067 1360 2095 habitum
1378 2073 1429 2099 est,
1449 2069 1476 2096 itt
1490 2076 1555 2103 quo,
1576 2069 1620 2103 qui
1636 2074 1692 2096 ltttn
1710 2070 1763 2096 dux

981 2116 1050 2144 erat,
1062 2111 1226 2139 Franciscus
1240 2111 1368 2140 Fuscaris
1385 2114 1505 2140 surrexit
1523 2118 1549 2140 ct
1562 2114 1631 2142 dixit
1644 2123 1650 2141 :
1664 2123 1674 2140 ι
1706 2113 1764 2144 Non

981 2165 1014 2185 ex
1028 2157 1180 2192 ignorantia
1197 2158 1347 2193 imperator
1370 2158 1491 2186 Joannes
1520 2167 1570 2187 nos
1593 2160 1734 2194 expetivit.
1754 2170 1763 2186 ι

985 2203 1130 2230 Enimvero
1149 2204 1231 2230 etiam
1257 2204 1314 2236 alii,
1328 2205 1375 2238 qui
1391 2212 1453 2232 eum
1485 2204 1619 2232 vidissent
1642 2210 1668 2231 et
1701 2214 1764 2232 cum

983 2257 1016 2276 eo
1027 2249 1154 2276 collocuti
1171 2255 1273 2282 essent,
1283 2251 1487 2284 prudentiorem
1499 2250 1636 2278 hominem
1652 2251 1679 2278 in
1693 2251 1766 2278 Italia

985 2295 1074 2322 visum
1089 2303 1150 2322 esse
1163 2297 1306 2330 negabant.
1321 2297 1353 2323 At
1365 2296 1491 2324 obstabat
1507 2297 1628 2331 nequitia
1656 2302 1682 2324 et
1699 2297 1768 2323 imi-

985 2341 1040 2368 dia.
1054 2341 1146 2368 Nescit
1156 2343 1228 2368 enim
1250 2342 1353 2369 invidia
1364 2343 1502 2370 honorare
1515 2343 1671 2370 utilitatem.
1684 2343 1769 2377 Cujus

985 2387 1024 2414 rei
1042 2395 1124 2414 causa
1142 2392 1201 2414 erat
1216 2387 1343 2422 Aloysius
1355 2387 1465 2421 biedus,
1491 2388 1537 2422 qui
1556 2388 1619 2415 olim
1653 2396 1767 2416 curave-

985 2438 1037 2463 rat.
1052 2424 1177 2460 utbeatze
1193 2434 1332 2461 memoriae
1353 2434 1484 2470 princeps
1502 2442 1589 2466 meus,
1613 2434 1769 2462 Constantie

987 2486 1037 2505 nus
1050 2478 1187 2511 dominusI
1206 2479 1318 2513 despota
1333 2484 1389 2506 tum
1409 2481 1436 2506 in
1463 2479 1660 2514 Pelepouneso,
1689 2479 1769 2514 hujus

986 2524 1064 2556 ducis
1088 2524 1173 2550 tiliam
1200 2532 1262 2551 cum
1287 2532 1386 2559 magna
1413 2526 1476 2552 dote
1501 2533 1615 2553 uxorem
1644 2526 1766 2553 duceret.

986 2570 1118 2604 Princeps
1131 2578 1208 2598 meus
1218 2578 1272 2598 non
1289 2571 1369 2598 aliam
1390 2571 1425 2598 ob
1436 2578 1561 2604 causam,
1577 2571 1630 2598 nisi
1649 2575 1681 2598 ut
1711 2570 1769 2605 ipse

987 2622 1014 2644 et
1028 2617 1197 2650 principatus
1213 2624 1275 2643 eum
1295 2615 1405 2644 Venetis
1425 2616 1618 2651 jungerentur,
1634 2624 1694 2644 eam
1710 2616 1770 2647 am-

988 2664 1099 2689 nitatem
1118 2661 1239 2694 admisit,
1256 2661 1335 2691 nobis
1343 2666 1370 2688 et
1381 2662 1443 2689 aliis
1457 2663 1551 2689 multis
1567 2662 1594 2690 id
1612 2662 1770 2697 approba“.-

988 2708 1061 2735 tibus
1076 2711 1103 2734 et
1121 2707 1235 2734 uttieret
1250 2714 1328 2741 paene
1350 2707 1526 2742 cogentibus.
1543 2708 1596 2736 Sed
1627 2713 1770 2742 postquam

988 2753 1134 2787 imperator
1146 2752 1234 2779 [actus
1253 2757 1331 2779 estet
1353 2752 1381 2779 in
1398 2753 1492 2780 urbem
1509 2753 1593 2786 venit,
1622 2754 1772 2780 incommo-

988 2800 1052 2827 dutn
1069 2803 1137 2826 erat.
1152 2798 1295 2831 Quomodo
1312 2799 1385 2827 enim
1398 2800 1458 2827 ﬂeri
1471 2805 1589 2834 poterat,
1605 2805 1635 2828 ut
1652 2800 1772 2828 cititatis

988 2846 1039 2873 viri
1050 2849 1077 2872 et
1089 2843 1201 2873 Ietninaa
1216 2846 1354 2880 principes
1369 2847 1508 2874 dominam
1525 2853 1552 2874 et
1570 2847 1769 2885 ixtijrcratricettt

989 2889 1249 2925 tecipercnthneti
1272 2891 1402 2926 liliam,et
1415 2893 1507 2928 generi
1530 2901 1562 2923 ac
1579 2893 1626 2926 ωλι
1647 2891 1706 2930 ejus
1719 2891 1776 2926 utﬁ-
