1931 3079
151 175 203 210 913

649 178 872 208 CHRONICON
891 178 1028 209 MAJUS.
1039 192 1072 196 -
1086 176 1158 208 LIB.
1182 176 1228 208 IV.

1723 174 1800 206 ΜΓ

152 237 268 269 ἔπαυσε,
293 238 339 264 καὶ
364 237 434 263 κατὰ
456 233 504 268 τὰς
528 236 687 271 συμφωνίας
709 237 934 271 ἀνεχωρήσαμεν.
951 240 971 268 Α
989 243 1068 266 πους,
1082 235 1128 261 καὶ
1141 235 1191 260 οὐκ
1205 232 1348 265 ἔστειλαν;
1366 232 1382 266 ἦ
1399 231 1441 263 τίς
1463 231 1588 266 νηστείας
1603 231 1651 257 καὶ
1667 231 1775 266 δεήσεις

152 283 233 318 327
246 284 340 318 Ὀμως
355 283 517 318 ἑψιουρίσθη
529 284 569 309 ὅτι
583 283 596 309 ὁ
615 284 727 317 ἀμηρᾶς
742 283 879 315 ἐλογίζετο
892 282 936 308 λέ-

152 338 224 364 γων·
246 339 254 355 ‹
274 330 306 356 El
329 330 359 356 οὗ
383 331 419 365 μὴ
445 329 596 364 παραλάὃω
614 329 663 362 τὴν
677 329 754 354 πόλιν
769 328 874 360 τὰ¹νῦν,
890 329 937 354 εὺ-

153 376 220 407 θέως
234 377 340 410 ποιήσω
353 376 474 411 ἀγάπην,
489 376 537 402 καὶ
550 375 619 402 κατᾶ
633 376 724 401 πᾶσάν
740 383 791 410 μου
805 374 853 409 τὴν
866 374 939 410 ζωὴν

153 423 266 458 τηρήσω
282 423 376 457 αὐτήν.
395 432 404 448 ι

195 469 225 495 ’0
246 469 273 495 δὲ
290 469 443 503 μακαρίτης
455 471 469 496 ὁ
487 469 619 504 αὺῦέντης
634 479 685 505 μου
710 471 756 496 καὶ
771 470 898 504 βασιλεὺς
914 469 940 495 τί

155 515 204 541 οὐκ
219 515 331 549 ἔπραξε,
348 516 460 550 κρυφῶς
475 516 490 547 ἣ
504 517 641 551 φανερῶς,
660 518 731 552 ὑπὲρ
748 518 796 551 τῆς
813 517 940 552 βοηθείας

155 562 204 596 τῆς
219 563 323 593 πόλεως
343 564 390 590 καὶ
406 565 455 597 τῆς
482 563 565 589 αὐτοῦ
584 564 732 598 βασιλείας,
754 564 770 599 ἢ
790 563 889 597 μᾶλλον
903 564 941 589 εί-

155 609 216 634 πεῖν
232 609 302 643 ὑπὲρ
317 611 365 644 τῆς
381 610 518 644 σωτηρῖας
534 610 582 645 τῆς
601 610 674 644 ζωῆς
689 609 771 636 αὐτοῦ
786 619 793 642 ;
816 610 869 636 Καὶ
885 610 940 644 γὰρ

156 654 235 691 Eli-MV
251 655 323 680 ἐστιν
337 655 388 687 ὅτι,
406 657 429 682 εἱ
442 655 549 690 ἤθελεν,
566 656 686 687 εὐκόλως
701 656 814 682 ἐδύνατο
833 658 940 691 φυγεῖν.

158 688 231 734 lii-iw
257 699 308 726 οὐκ
324 700 431 734 ἤθελεν,
454 688 515 728 si):
538 701 688 735 ἠγωνίζετο
705 702 742 733 ὡς
769 703 783 728 ὁ
799 688 901 737 τιοίμην
927 704 942 729 ὁ

157 746 249 778 καλὸς,
272 746 300 777 ὃς
320 746 413 781 τίθησι
435 747 484 782 τὴν
499 748 590 783 ψυχὴν
604 747 685 774 αὑτοῦ
712 748 782 783 ὑπὲρ
796 748 850 774 τῶν
876 757 942 782 προ-

158 793 258 825 ϐάτων,
274 792 312 824 ὼς
327 794 374 819 καὶ
392 794 515 828 ἑποίητε.
532 794 584 820 Καὶ
606 794 646 824 τίς
664 795 719 821 τῶν
734 794 823 821 ἄλλων
836 795 870 821 τὰ
884 803 942 821 τοι-

157 838 228 865 αῦτα
248 839 295 865 καὶ
311 840 378 866 ἄλλα
403 841 536 875 γενόμενα
553 841 684 868 ἐπίστατο
701 841 789 875 πάρεξ
807 841 854 868 τοῦ
872 843 944 868 Καν-

157 884 326 920 τακουξηνεῦ
347 886 472 912 Ἰωάννου
490 887 536 913 καὶ
547 887 613 921 ἐμοῦ
627 887 709 917 ;,"0-rt
723 888 737 913 ὸ
750 886 778 918 ἐξ
791 887 942 921 Οὺγγάρων

159 931 267 963 Ἴαγκος
292 932 438 966 προεζήτει
462 932 504 958 ἵνα
523 932 595 968 δώσῃ
621 933 722 967 αὐτῷό
746 933 871 967 βασιλεῦς
893 933 941 968 τὴν

159 977 334 1012 Σηλυμϐρίαν
351 978 367 1013 ἦ
384 979 432 1012 τὴν
445 980 638 1015 Μεσημῦρίαν,
655 981 701 1006 καὶ
723 981 819 1014 ἕσηται
833 979 872 1011 εἷς
887 980 941 1006 τῶν

158 1023 325 1055 ὐπεξουσῖων
341 1025 435 1056 αὐτοῦ,
455 1026 500 1052 καὶ
518 1026 633 1058 πολλοὺς
649 1026 703 1052 τῶν
721 1027 874 1061 ἀνθρώπων
892 1027 941 1053 αὑ-

159 1069 206 1094 τοῦ
219 1070 308 1096 ἐκεῖσε
329 1070 411 1104 ἔχειν,
427 1071 473 1098 καὶ
487 1073 515 1098 ἐν
539 1071 627 1107 καιρῷ
648 1072 696 1107 τῆς
713 1073 801 1107 μάχης
817 1073 869 1099 ὑπὸ
889 1073 943 1099 τῶν

161 1114 291 1150 Τούρκων
311 1116 407 1149 ἐσηται
421 1117 532 1143 ἐκείνων
545 1117 642 1152 ἐχθρὸς
657 1119 705 1144 καὶ
723 1118 820 1153 βοηθὸς
829 1119 878 1153 τῆς
891 1119 943 1144 πί-

159 1161 237 1191 λεως.
259 1162 313 1188 Καὶ
335 1162 377 1201 ὡς,
397 1163 536 1197 ὲγένετοὴ
557 1164 642 1198 μάχη,
664 1164 743 1198 ἐδόοη
760 1164 834 1198 αὐτῷ
851 1165 867 1198 ἡ
886 1165 942 1191 Με-

160 1207 282 1241 σημϐρία
308 1207 378 1234 κατὰ
393 1209 442 1243 τὴν
467 1210 573 1235 ἐκείνου
588 1210 705 1243 αἴτησιν,
729 1211 776 1236 καὶ
801 1210 830 1236 τὸ
846 1210 944 1244 χρυσό-

161 1252 273 1279 σουλλον
288 1254 322 1280 δι’
344 1254 412 1288 ἐμοῦ
431 1255 551 1290 ἐγράφη,
569 1257 616 1281 καὶ
636 1257 649 1282 ὁ
664 1255 787 1290 γαμὸρὸς
803 1255 943 1282 Θεοδοσίου

161 1299 208 1325 ταῦ
226 1299 352 1335 Κυπρίου
369 1301 382 1327 ὀ
399 1300 445 1326 τοῦ
471 1302 582 1336 Μιχαὴλ
602 1302 656 1333 υἱὸς
673 1303 786 1336 ἐκόμισε
803 1302 832 1328 τὸ
848 1303 946 1336 χρυσὸ-

160 1344 270 1371 6ουλλον
296 1346 363 1381 πρὸς
383 1346 503 1380 Ἴαγκον.
521 1348 569 1379 Τίς
595 1347 726 1374 ἐπίστατο
747 1347 796 1383 τὴν
823 1347 870 1374 τοῦ
889 1349 944 1374 τῶν

163 1393 327 1419 Καταλάιιων
342 1393 425 1429 ρηγὺς
441 1395 556 1429 ζήτησιν
570 1404 576 1427 ;
593 1394 622 1426 ὃς
635 1395 793 1430 δωρηθῆναι
809 1394 884 1429 αὑτῷ
895 1395 945 1429 τὴν

161 1438 268 1473 Λῆμνον
277 1439 380 1474 ἐζήτει,
394 1441 440 1467 καὶ
449 1440 544 1475 Eam-at
557 1442 629 1469 κατὰ
641 1443 695 1468 τῶν
705 1442 758 1468 Τού
764 1451 836 1477 ρκων
845 1442 889 1469 διὰ
897 1443 945 1469 θα-

161 1484 264 1519 λάσσης
277 1486 320 1512 ἀεὶ
336 1486 381 1512 καὶ
397 1486 467 1520 ὑπὲρ
477 1488 527 1521 τῆς
542 1488 644 1519 πόλεως
654 1489 682 1515 ὲν
698 1489 804 1524 ἀνάγκη
817 1489 926 1524 βοήθεια
936 1498 943 1505 ·

162 1533 208 1558 καὶ
218 1533 373 1566 ἐπράττετο.
387 1534 434 1566 Τίς
448 1535 531 1570 328
539 1535 669 1562 ἐπίστατο
676 1537 726 1563 ὅσα
739 1537 771 1571 δὴ
780 1537 825 1563 καὶ
835 1538 887 1572 χρή
893 1546 945 1571 μα-

988 282 1106 308 ὲποιεῖτο
1118 280 1151 307 δι’
1163 278 1262 306 ἑαυτοῦ
1277 279 1325 306 καὶ
1335 279 1379 305 διὰ
1393 278 1446 305 τῶν
1457 278 1563 312 ίερέων,
1576 277 1663 309 διδοὺς
1683 277 1778 308 αὐτοῖς

990 329 1122 363 χρήματα
1140 327 1156 361 ἢ
1174 327 1230 364 τοῖς
1244 326 1374 360 πτωχοῖς,
1392 324 1440 356 οὓς
1456 324 1556 359 μᾶλλον
1571 324 1776 359 ἑθεράπευσενς

989 374 1005 409 ἢ
1022 372 1190 407 ἐπαγγελίας
1209 371 1241 403 ἃς
1256 373 1407 406 ἐποιήσατο
1426 371 1558 402 πλείστας
1574 370 1645 405 πρὸς
1656 371 1723 397 Θεὺν
1737 371 1779 402 είς

990 420 1020 446 τὸ
1033 419 1252 454 ἐλευθερωθῆναι
1265 419 1328 449 τοὺς
1346 417 1528 451 Χριστιανοὺς
1541 417 1596 444 ἀπὸ
1611 417 1662 451 τῆς
1676 417 1779 451 αἰχμα-

989 466 1092 496 λωσίας
1103 465 1159 492 τῶν
1174 465 1289 491 ἁσεὸὼν.
1304 459 1376 490 Ἀλλ’
1389 465 1463 499 ὅμως
1478 464 1566 490 ταῦτα
1577 464 1667 490 πάντα
1678 464 1713 489 τὰ
1729 463 1779 497 μὲν

992 511 1105 545 παρεῖδε
1122 510 1200 542 Θεὸς,
1217 510 1260 536 διὰ
1273 509 1353 536 τίνων
1370 509 1513 545 ἁμαρτιῶν
1535 509 1586 535 οὐκ
1603 506 1663 535 οἴδα
1678 508 1779 539 αἰτίαν,

991 557 1024 583 τὰ
1049 557 1078 582 δὲ
1094 557 1235 591 ἠγνόησαν
1259 557 1283 582 οἱ
1303 556 1452 590 ἄνθρωποι,
1471 556 1518 582 καὶ
1543 555 1660 586 ἕκαστος
1684 555 1777 587 ἔλεγεν

992 602 1029 634 ὡς
1043 602 1118 636 αὐτῷ
1135 602 1231 629 ἐδόκει.
1249 602 1321 635 Ἐγὼ
1337 602 1365 628 δὲ
1383 602 1453 627 κατὰ
1471 601 1501 627 τὸ
1516 601 1612 627 δοκοῦν
1633 610 1678 635 μοι
1691 600 1777 626 ταῦτα

993 656 1083 683 φημι·
1100 649 1191 684 κρίσις
1208 649 1262 683 γὰρ
1278 646 1310 682 ἦν
1325 649 1410 678 ὅντως
1425 646 1504 678 Θεοῦ,
1517 647 1601 673 πάλαι
1621 647 1778 681 κυρωθεῖσα

993 695 1062 729 πρὸς
1086 694 1215 729 ἐσχατιὰς
1240 694 1395 729 καταϐῆναι
1423 693 1639 728 δυστυχημάτων
1660 693 1694 719 τὰ.
1712 692 1779 718 Ῥω-

995 743 1084 776 μαίων
1100 742 1263 776 πράγματα.
1283 742 1332 768 Διὰ
1347 742 1427 768 τοῦτο
1442 742 1532 775 λόγοις
1546 742 1715 777 ἀπορρήτοις
1731 743 1782 775 τῆς

995 787 1124 822 προνοίας
1139 788 1193 814 τῶν
1210 788 1258 822 μὲν
1281 788 1413 822 λυπηρῶν
1430 789 1476 814 καὶ
1501 788 1629 814 ἐναντίων
1646 787 1693 813 καὶ
1716 787 1781 821 βλα-

995 835 1117 860 πτόντων
1134 835 1241 869 μεγάλη
1257 843 1299 865 τις
1315 834 1421 868 γίνεται
1437 834 1585 869 συνδρομὴ,
1601 834 1654 859 τῶν
1668 833 1695 860 δὲ
1713 834 1782 866 ἁγα-

995 880 1050 906 Οῶν
1068 881 1116 906 καὶ
1129 881 1309 914 ὠφελούντων
1325 881 1440 907 πλεῖστα
1458 880 1491 907 τὰ
1508 879 1635 914 ἐμπόδια.

958 907 980 936 Β
1031 927 1087 961 Πρὸ
1113 907 1204 960 ὀλίγον
1229 927 1323 953 λοιπὸν
1341 927 1375 953 τὰ
1399 927 1464 961 περὶ
1489 907 1536 952 τοί)
1559 927 1781 961 τρισκαταράτου

996 973 1117 1007 Μωάμεί)
1145 974 1311 1007 εἰρήκαμεν,
1338 973 1421 1007 μέρος
1440 972 1495 998 τῶν
1524 973 1672 1006 φληνάφων
1701 971 1783 998 αὐτοῦ

997 1018 1090 1054 μύθων
1105 1019 1159 1044 τῶν
1177 1019 1294 1052 γέλωτος
1309 1019 1393 1050 ἀξίων
1404 1027 1424 1041 ·.
1440 1019 1472 1044 τὰ
1489 1017 1537 1044 νῦν
1554 1018 1601 1044 οὖν
1624 1018 1674 1048 τὰς
1691 1018 1784 1052 ἀντιρ-

996 1064 1089 1099 ρήσεις
1102 1064 1191 1090 αὐτῶν
1207 1065 1255 1090 καὶ
1271 1064 1403 1098 ὲλεγμοὺς
1421 1063 1554 1098 εἴπωμεν.

1031 1109 1066 1144 γ’.
1082 1109 1182 1144 Φέρετε
1203 1109 1242 1140 εἰς
1267 1109 1439 1143 κατηγορίαν
1459 1108 1549 1143 ἡμῶν,
1565 1105 1588 1134 ὦ
1603 1108 1724 1141 ἀσεϐεῖς,
1742 1110 1784 1135 ὅτι

996 1156 1143 1190 ὲρωτηθεὶς
1163 1157 1176 1181 ὁ
1191 1155 1309 1190 Χριστὸς
1327 1155 1405 1189 παρὰ
1422 1155 1478 1181 τῶν
1501 1154 1651 1187 Ἰουδαίων,
1669 1156 1699 1181 El
1722 1155 1784 1186 Υἱὸς

996 1202 1063 1228 θεοῦ
1072 1200 1097 1228 εἴ
1106 1202 1148 1235 at};
1158 1202 1240 1237 329
1249 1202 1388 1237 ἠρνήσατο
1397 1203 1444 1227 καὶ
1453 1199 1528 1227 εἶπεν
1537 1201 1577 1227 ὅτι
1586 1201 1682 1235 Ὑμεῖς
1690 1202 1783 1235 λέγετε

999 1248 1088 1275 τοῦτο.
1107 1249 1160 1274 Καὶ
1178 1248 1276 1282 φέρετε
1295 1247 1361 1274 αὑτὸ
1377 1249 1417 1279 είς
1440 1248 1596 1282 μαρτυρίαν
1611 1247 1673 1273 καθ’
1693 1248 1784 1281 ἡμιῗςν,

1003 1296 1047 1322 ἵνα
1061 1295 1168 1330 δείξητε
1182 1295 1216 1321 τὰ
1232 1295 1298 1330 παρ’
1315 1294 1393 1329 ὑμῶν
1411 1294 1547 1328 λεγόμενα
1578 1294 1676 1328 ἀληθῆ.
1693 1293 1785 1320 Ταῦτα

1000 1341 1066 1376 γοῦν
1082 1344 1184 1368 ποιεῖτε
1199 1341 1254 1368 ἀπὸ
1268 1341 1314 1367 τ(ιῦ
1333 1340 1370 1376 μὴ
1393 1340 1539 1374 γινώσκειν
1555 1340 1627 1375 ὑμᾶς
1647 1340 1696 1372 τὰς
1713 1340 1786 1374 Γρα-

999 1389 1062 1424 φάς·
1080 1388 1105 1414 ει
1128 1389 1181 1423 γὰρ
1193 1387 1355 1422 εὑρίσκεσθε
1371 1386 1545 1419 ἐξετάζοντες
1557 1387 1604 1413 καὶ
1621 1386 1786 1421 ἐρευνῶντες

999 1435 1049 1466 τὰς
1068 1435 1182 1470 Γραφὰς
1211 1435 1248 1467 ὡς
1280 1435 1331 1467 δεῖ,
1359 1434 1408 1461 οὑκ
1425 1434 1460 1460 ἂν
1489 1434 1673 1469 ὲπλανήθητε.
1690 1434 1785 1468 Ὅμως

1000 1483 1103 1518 ἀφίημι
1118 1482 1165 1509 τοῦ
1182 1482 1273 1516 λέγειν
1294 1481 1365 1508 κατὰ
1381 1482 1412 1507 τὸ
1440 1481 1529 1515 παρὸν
1555 1481 1606 1512 τὰς
1633 1480 1681 1507 ἀπ’
1697 1480 1786 1515 ἀρχῆς

1000 1529 1049 1556 τοῦ
1065 1530 1169 1564 κόσμου
1187 1528 1354 1564 μαρτυρίας,
1364 1528 1465 1559 αἵτινες
1479 1527 1650 1562 ὲλαλήθησαν
1662 1527 1786 1562 περὶτοῦ

164 1586 197 1603 τα
218 1579 265 1605 καὶ
280 1568 579 1613 ἑπαγγελίαςῗδέδῶκεν
595 1582 608 1607 ὸ
624 1581 750 1616 βασιλεὺς
764 1568 810 1609 ,ραι
828 1568 947 1609 εξτέξλεν
961 1568 981 1595 c
1000 1575 1133 1610 Χριστοῦ,
1147 1574 1320 1601 δεικνύουσλι
1339 1574 1421 1601 αὑτὸν
1441 1574 1502 1600 Υἱὸν
1516 1574 1584 1600 Θεοῦ
1599 1574 1647 1601 καὶ
1660 1573 1727 1600 Θεὸν
1739 1574 1786 1600 καὶ

163 1624 203 1654 εἰς
215 1624 265 1659 τὴν
281 1625 345 1652 Χίον
359 1626 403 1652 διὰ
416 1626 462 1654 τοῦ
478 1627 598 1661 Γαλατᾶ,
626 1628 668 1654 ἰνα
682 1628 823 1655 στεελωσιν
841 1629 947 1664 ἀνί)ρὼ-

163 1715 268 1743 stitisse
283 1723 298 1742 a
313 1716 384 1744 bello
404 1722 428 1744 ct
448 1718 598 1745 secundum
612 1725 746 1747 conventa
777 1720 947 1748 discessisse.

164 1762 368 1790 Rumortamen
391 1768 460 1795 erat,
483 1764 609 1791 Ameram
639 1766 762 1801 cogitare
788 1775 821 1794 ac
845 1767 946 1802 dicere,

164 1808 187 1835 si
203 1809 268 1835 urbe
282 1817 352 1836 nunc
365 1810 509 1844 potiretur,
524 1811 616 1838 statim
634 1819 664 1839 se
685 1812 835 1840 amicitiam
852 1815 947 1842 nobis-

164 1862 226 1881 cum
241 1855 371 1882 initurum
382 1861 408 1883 ct
421 1864 468 1890 per
479 1861 565 1884 totam
581 1858 666 1885 vitam
681 1864 854 1887 servaturum
873 1868 946 1888 esse.

201 1900 288 1928 Beata;
303 1906 392 1928 autent
403 1903 708 1938 memorimimperalor,
718 1906 845 1934 dominus
857 1915 947 1940 meus,

165 1947 228 1981 quid
241 1955 290 1982 pro
306 1948 464 1975 defensione
480 1949 556 1976 urbis
571 1954 598 1976 et
613 1951 731 1985 imperii,
762 1952 828 1984 imo.
845 1958 875 1980 ut
902 1961 949 1980 ve-

166 1993 222 2020 rius
236 1994 336 2026 dicam,
354 2002 402 2027 pro
413 1994 502 2022 salute
529 1996 640 2030 capitis,
666 1997 756 2031 palam
787 2003 815 2025 et
841 2000 949 2026 occulte

165 2046 218 2066 non
234 2046 275 2066 ρει
287 2039 601 2068 molitus?Manifestum
616 2047 658 2068 est
684 2043 769 2074 enim,
791 2044 814 2070 si
845 2045 949 2071 voluis-

165 2089 217 2116 set,
233 2083 313 2111 facile
325 2093 386 2111 eum
404 2084 496 2120 fugere
510 2085 642 2120 potuisse.
654 2085 755 2115 Verum
771 2087 871 2119 noluit,
899 2089 946 2115 sed

167 2130 309 2157 laborabat
329 2131 360 2157 ad
375 2131 528 2165 exemplum
547 2131 610 2158 boni
627 2133 812 2167 pastoris,qui
829 2134 949 2161 animam

165 2176 276 2210 drponit
293 2184 341 2211 pro
358 2177 464 2210 ovibus,
483 2182 514 2205 ut
531 2179 660 2212 deposuit
672 2186 748 2206 sane.
762 2179 830 2212 Quis
857 2185 948 2207 aut-ent

165 2223 235 2250 alius
247 2223 304 2250 [nec
315 2228 342 2250 et
356 2223 460 2257 reliqua
472 2223 543 2250 facta
574 2230 671 2258 prseter
686 2224 818 2252 Jonnnrm
849 2226 950 2253 Canta-

998 1621 1152 1656 ᾰνθρωπον,
1170 1620 1270 1651 πολλὰς
1285 1620 1368 1652 οΰσας
1381 1629 1387 1636 ·
1408 1620 1448 1646 διὸ
1469 1620 1522 1646 ἀπὸ
1538 1619 1643 1646 τούτων
1664 1619 1785 1653 φθάσαν-

999 1713 1133 1746 Galatam,
1162 1717 1191 1741 ut.
1218 1713 1320 1741 milites
1344 1713 1395 1741 sibi
1421 1713 1571 1746 mitterent,
1597 1720 1648 1741 nec
1676 1713 1787 1741 misisse

999 1760 1078 1788 illos?
1092 1765 1138 1788 aut
1151 1760 1255 1795 jejunia
1266 1765 1293 1787 et
1302 1760 1407 1795 preces,
1433 1768 1502 1791 quas
1512 1764 1561 1786 aut
1574 1760 1632 1794 ipse
1655 1759 1783 1792 faciebat,

999 1812 1046 1834 aut
1057 1815 1103 1841 per
1117 1807 1275 1835 sacerdotes
1289 1807 1347 1834 ﬁeri
1373 1807 1499 1838 curabat,
1523 1808 1636 1840 pecunia
1664 1806 1720 1834 illis
1743 1806 1785 1833 vel

1001 1853 1180 1888 pauperibus,
1198 1860 1269 1887 quos
1279 1853 1366 1887 magis
1382 1852 1522 1886 diligebat.
1535 1852 1680 1879 distributa
1693 1851 1704 1878 ?
1739 1855 1786 1878 aut

1001 1903 1074 1931 vota,
1091 1906 1151 1932 qua:
1166 1898 1221 1925 Deo
1239 1897 1357 1932 plurima
1376 1897 1441 1925 fecit
1454 1897 1488 1924 ad
1505 1896 1681 1924 Christianos
1694 1903 1708 1923 a
1725 1903 1786 1923 ser-

1002 1944 1068 1972 vitio
1092 1945 1238 1979 impiorum
1264 1944 1441 1972 liberandos?
1470 1942 1570 1971 Verum
1601 1943 1659 1970 hate
1693 1942 1786 1970 omnia

1002 1991 1112 2025 partim,
1127 1991 1218 2018 nescio
1232 1994 1343 2024 propter
1357 1998 1418 2025 qua:
1436 1994 1560 2024 peccata,
1570 1990 1688 2023 neglexit
1700 1989 1784 2020 Dem,

1000 2037 1098 2071 partint
1117 2037 1242 2064 homines
1263 2037 1434 2071 ignorarunt,
1447 2044 1496 2070 pro
1505 2043 1553 2063 sua
1568 2035 1684 2070 quisque
1696 2035 1788 2062 libidi-

1001 2089 1035 2109 ne.
1052 2082 1215 2109 fabulantes.
1229 2081 1285 2117 Ego
1305 2090 1370 2109 vero
1396 2089 1444 2116 pro
1458 2089 1517 2108 mea
1529 2082 1639 2115 quidem
1652 2081 1787 2108 sententia

1002 2127 1037 2154 ita
1047 2132 1156 2154 statuo:
1183 2127 1271 2155 fuisse
1287 2128 1340 2154 boc
1362 2134 1457 2154 revera
1488 2127 1624 2161 judicium
1648 2126 1707 2158 Dei,
1733 2135 1786 2160 quo

1002 2173 1107 2209 pridem
1124 2174 1263 2201 decretum
1273 2178 1343 2205 erat,
1362 2179 1392 2200 ut
1407 2181 1452 2200 res
1467 2174 1576 2208 publica
1597 2172 1786 2199 Romanorum

1003 2221 1037 2247 ad
1049 2225 1186 2248 extremas
1196 2220 1386 2247 devolveretur
1404 2220 1542 2248 miserias.
1556 2219 1680 2253 Arcanis}
1694 2223 1785 2246 autem

165 2277 299 2296 cuzenum
313 2274 340 2296 et
354 2277 397 2297 me
431 2271 563 2298 noverat?
592 2270 742 2306 Optaverat
760 2280 792 2299 ex
813 2272 950 2308 llnngaris
967 2270 989 2297 D
1004 2267 1187 2294 Providentia:
1201 2266 1326 2295 consiliis
1341 2266 1457 2300 ingratis
1470 2266 1592 2300 quidem.
1613 2265 1736 2292 adversis
1761 2269 1788 2292 et

165 2317 299 2343 oriundus
313 2316 425 2349 Jancus,
438 2317 495 2344 dari
519 2317 570 2344 sibi
587 2317 621 2344 ab
647 2317 812 2352 imperatore
840 2320 948 2354 Selym-

165 2363 250 2390 briam
262 2368 307 2390 aul
321 2363 524 2394 Mesembriam.
545 2364 685 2398 pollicitus
699 2372 727 2391 se
743 2373 827 2392 llntlm
845 2373 860 2392 e
881 2367 949 2392 sub-

163 2409 243 2444 jcctis
255 2409 314 2442 ejus
330 2408 387 2436 fore
402 2413 428 2436 et
440 2410 541 2436 multos
555 2411 587 2437 de
611 2410 670 2437 s.tis
687 2418 719 2437 eo
745 2412 948 2446 traducturum,

166 2460 248 2488 atque
268 2455 340 2481 bello
355 2462 416 2482 cum
436 2454 534 2482 Turcis
555 2456 675 2483 conﬂato
703 2457 801 2483 horum
831 2457 948 2489 hostem,

166 2502 242 2528 urbis
266 2501 400 2528 vindicent
425 2501 547 2528 futurqu
574 2510 645 2530 esse.
672 2502 777 2537 Itaque,
801 2503 951 2530 comtnisso

166 2546 248 2577 bello,
265 2546 326 2573 data
350 2546 375 2573 el
392 2550 434 2573 est
449 2545 622 2579 Mesembria,
651 2551 680 2574 ut
706 2549 849 2582 petiverat,
876 2548 950 2575 bulla

165 2600 247 2619 aurea
266 2600 280 2619 a
291 2600 332 2619 me
346 2593 502 2626 conscripta
517 2598 544 2619 et
559 2601 606 2627 per
619 2594 748 2621 Thcdosii
769 2594 860 2629 Cyprii
891 2595 950 2621 alii-

166 2646 240 2670 ncm,
260 2638 400 2666 Michaelis
419 2638 516 2672 filium,
534 2639 566 2665 ad
580 2639 688 2666 Iancum
705 2641 817 2674 perlata.
834 2640 883 2668 Cui
902 2649 951 2668 no-

165 2690 191 2712 ta
204 2690 259 2711 erat
271 2684 461 2712 Catelanornm
479 2684 551 2719 regis
561 2685 674 2719 petitio?
690 2687 748 2721 qui,
760 2688 782 2714 si
800 2688 950 2714 donaretur

166 2731 218 2758 sibi
235 2731 367 2764 Lemnus,
381 2731 512 2759 adversus
531 2731 636 2759 Turcas
647 2733 715 2759 mari
732 2740 840 2768 semper
849 2741 951 2768 pugna-

168 2782 260 2806 turum
278 2782 306 2804 et
323 2778 395 2810 urbi,
415 2782 528 2813 cogente
549 2779 725 2812 necessitate,
751 2780 949 2814 opitulaturum

166 2832 195 2852 se
208 2831 268 2851 esse
285 2824 432 2858 recipiebat
449 2832 456 2850 :
472 2825 505 2852 de
517 2832 570 2859 qua
580 2833 609 2852 re
628 2833 689 2852 cum
717 2827 763 2853 illo
777 2833 868 2854 actum
897 2831 948 2855 est.

165 2871 220 2898 Aut
231 2870 291 2904 quis
306 2876 427 2903 noverat,
443 2877 573 2906 quantam
590 2872 734 2906 pecuniam
758 2879 786 2901 et
800 2882 861 2908 qum
883 2882 948 2909 pro-

166 2916 249 2944 missa
264 2916 369 2944 dederit
395 2917 543 2952 imperator
572 2917 880 2953 ntiseritqucinChium.
902 2927 950 2954 per

1002 2312 1093 2339 noxiis
1111 2319 1208 2346 magna
1235 2311 1336 2338 auxilia
1364 2317 1459 2346 parata
1481 2317 1557 2345 sunt,
1576 2311 1624 2339 sed
1651 2311 1732 2338 bonis
1760 2315 1788 2338 et

1002 2359 1154 2385 commodis
1170 2358 1288 2392 plurima
1304 2358 1511 2392 impedimenta.

1037 2404 1122 2431 Paulo
1131 2411 1214 2438 supra
1231 2409 1272 2433 ter
1287 2405 1446 2432 exsecrandi
1460 2405 1623 2431 Mohamctis
1639 2403 1786 2430 nonnullas

1003 2458 1088 2486 nugas
1096 2454 1123 2477 et
1131 2450 1237 2477 fabulas
1246 2450 1376 2478 ridiculus
1386 2452 1662 2478 commemoravimus
1675 2458 1785 2478 :earum

1001 2505 1075 2524 nunc
1091 2495 1274 2524 dubitationes
1286 2503 1312 2524 et
1327 2496 1505 2524 refutationes
1520 2505 1691 2532 promamus.

1038 2543 1065 2570 5.
1087 2543 1199 2570 Aﬂcrlis
1215 2544 1242 2570 in
1259 2543 1465 2570 accusationem
1481 2544 1582 2574 nostri.
1604 2544 1691 2579 impii,
1705 2545 1786 2572 Chri-

1003 2596 1076 2619 stum
1087 2598 1101 2618 a
1117 2591 1219 2618 ludatis
1234 2591 1443 2625 interrogatum,
1456 2599 1520 2617 num
1537 2591 1623 2618 Filius
1639 2591 1686 2619 Dei
1702 2598 1785 2625 esset,
1802 2614 1805 2617 ί

1003 2631 1128 2672 negasse,
1142 2641 1169 2664 et
1180 2637 1250 2664 ist0s
1264 2636 1300 2663 ita
1313 2636 1402 2663 dicere
1419 2637 1606 2671 respondisse,
1627 2638 1786 2665 testimonio

1003 2683 1056 2710 hoc
1069 2683 1202 2710 adversus
1215 2689 1265 2709 nos
1280 2682 1335 2714 usi,
1367 2690 1421 2716 quo
1439 2690 1499 2717 qua:
1529 2683 1581 2716 ipsi
1609 2683 1700 2710 dicitis
1724 2692 1786 2711 vera

1002 2738 1062 2758 esse
1071 2730 1233 2757 ostendatis.
1247 2731 1281 2757 At
1293 2730 1344 2757 hoc
1355 2729 1467 2764 quidem
1482 2737 1512 2756 ex
1525 2730 1632 2758 inscitia
1644 2737 1785 2758 sacrarunt

1003 2777 1168 2804 Litterarum
1186 2775 1275 2804 facitis
1291 2786 1298 2804 :
1313 2783 1383 2811 quas
1401 2776 1423 2802 si
1441 2776 1654 2811 investigaretis,
1670 2782 1696 2803 et
1708 2785 1788 2804 scru-

1003 2823 1141 2855 taremini,
1153 2824 1182 2849 ut
1194 2823 1280 2855 decet,
1296 2830 1350 2849 non
1365 2822 1507 2850 crraSSetis
1525 2822 1628 2850 forsan.
1647 2822 1698 2850 Sed
1707 2823 1789 2850 omit-

1003 2875 1030 2897 to
1045 2878 1118 2898 nuuc
1135 2870 1246 2905 quidem
1264 2869 1327 2897 inde
1354 2876 1369 2896 a
1384 2875 1474 2896 rerum
1504 2869 1639 2904 principio
1665 2876 1726 2903 quae
1755 2870 1788 2896 de

1003 2916 1112 2944 Christo
1126 2916 1301 2951 pronuntiata
1312 2920 1375 2944 sunt
1386 2916 1520 2950 permulta
1547 2915 1715 2948 testimonia,
1728 2923 1789 2945 qua
