1931 3079
121 87 171 124 ei;

713 106 875 137 GEORGII
890 107 1102 138 PHRANTZE

1684 106 1736 139 916

117 159 163 202 Ϊες
180 154 302 202 εἵπνωμεν
323 159 440 192 μερικάς
455 168 542 192 τινας-
556 161 652 196 Ὅμως
665 163 737 195 λέγω
750 164 796 191 καὶ
808 164 898 197 τοῦτο,
914 165 940 195 .t
953 167 1013 194 ἐπεὶ
1043 167 1204 199 διδάσκαλος
1234 167 1324 194 αὐτῶν
1352 161 1385 202 ἦν
1401 168 1415 194 6
1429 160 1559 200 Χριστὸς.
1596 167 1622 193 τί
1641 167 1737 201 ἕτερον

116 199 158 226 ὅτι
176 201 206 226 οὗ
221 201 255 227 δι’
271 202 336 228 ἄλλο
348 212 375 229 τι
392 205 572 239 ἐσταύρωσαν
589 208 614 233 οί
635 208 760 233 Ἰουδαῖοι
775 208 821 234 τὸν
833 209 900 243 Χρι-

118 247 181 272 στδν
197 247 212 282 ἦ
227 247 268 274 ὅτι
284 249 421 276 ἐδείκνυεν
438 252 535 278 ἑαυτὸν
550 252 617 279 Θεόν
633 262 662 279 τε
683 254 730 280 καὶ
758 253 901 287 ᾶνθρωπον

120 294 168 319 καὶ
187 294 255 320 Θεοῦ
273 295 347 324 Υἱδν.
363 298 410 323 καὶ
427 298 466 332 πῆ
481 298 531 331 μὲν
547 299 641 332 ἔλεγεν
656 299 697 327 ὅτι
715 301 745 326 ‘0
762 301 811 335 ἐμὲ
834 301 902 327 Θεω-

121 341 176 372 ρῶν
189 341 289 376 θεωρεῖ
299 343 344 368 τὸν
362 344 471 380 Πατέρα
489 354 539 380 μου
556 355 563 362 ·
579 347 618 382 πῆ
634 347 662 373 δὲ
682 348 722 374 ὅτι
746 348 816 381 Ἐγὼ
833 351 903 376 καὶὸ

119 388 214 422 Πατήρ
234 398 285 423 μου
306 389 335 416 ἐν
353 391 437 421 ἐσμεν
454 400 460 405 ·
480 394 516 427 πῇ
530 392 558 419 δὲ
587 393 627 420 ὅτι
648 395 679 420 Et
696 394 745 428 ἐμὲ
758 394 902 428 γνώκειτε,

119 434 167 459 καὶ
181 435 227 459 τὴν
244 435 355 471 Πατέρα
372 445 424 470 μου
438 438 584 471 ἐγνώκειτε
605 439 638 466 ἄν
655 450 662 456 ·
677 442 714 475 πῇ
732 441 760 467 δὲ
772 442 904 472 ὡσαύτως

118 479 160 504 ὅτι
182 479 249 507 Ἐάν
267 489 310 512 τις
330 483 377 508 τὸν
392 483 471 517 λόγον
489 492 541 519 μου
560 487 802 521 τηρήσῃ,θάνατον
818 488 849 514 οὐ
868 489 905 523 μὴ

119 523 245 560 θεωρήσῃ
260 526 300 557 εἰς
315 527 362 553 τὸν
375 527 460 555 αἰῶνα
472 536 480 544 ⁸
493 531 540 557 καὶ
557 530 674 565 ἀλλαχοῦ
690 533 730 558 ὅτι
757 531 905 567 Ἀφέωνταί

121 577 162 595 σοι
174 570 201 596 αί
214 571 359 606 ἁμαρτίαι.
375 574 465 610 "Amp
478 575 645 611 θεωροῦντες
664 577 690 604 oi
712 578 834 605 Ἰουδαῖοι
851 579 908 604 ἔλε-

121 624 168 648 γον
183 618 250 651 πρὸς
266 619 358 652 αὑτὸν,
384 621 452 647 Τίνα
465 623 578 648 σεαυτὸν
607 625 696 655 ποιεῖς
710 633 717 656 ς
745 624 907 659 Ἀνθρωπος

123 661 161 687 ὢν
186 665 275 695 ποιεῖς
302 666 417 693 σεαυτὸν
431 667 515 701 Θεόν;
533 668 566 694 Τί
583 669 611 695 δὲ
631 670 645 695 6
668 670 787 704 Χριστὸς
814 668 908 703 εἷπενς

127 708 157 734 Ὀ
171 711 308 737 πιστεύων
324 713 365 741 είς
380 713 431 746 ἐμὲ
449 723 458 740 ι
470 714 522 741 κᾶν
540 715 675 751 ἀποθάνῃ,
703 716 834 751 ζήσεται·
862 717 910 743 καὶ

120 754 215 789 ὥσπερ
230 756 244 781 6
259 757 354 792 Πατὴρ
369 758 475 793 ἐγείρει
490 761 554 791 τοὺς
570 762 686 796 νεκροὺς
702 763 749 788 καὶ
768 762 908 794 ζωοποιεῖ,

121 800 208 831 οὕτως
222 802 270 828 καὶ
283 803 296 828 6
310 802 373 833 Υίὸς
387 803 433 834 οὓς
449 803 521 830 θέλει
532 804 664 836 ζωοποιεῖ
675 814 682 821 ·
697 807 744 832 καὶ
759 807 905 839 ὅτιοὺδεὶς

121 845 176 881 οἴδλε
191 847 236 874 τὸν
255 849 318 874 Υίδν
332 850 356 875 εὶ
374 850 410 885 μὴ
425 851 438 877 6
457 851 563 887 Πατὴρ,
596 852 656 878 οὐδὲ
673 852 719 879 τὸν
737 853 847 888 Πατέρα
863 837 904 885 τις
922 837 942 864 Β

121 893 245 928 ἑώρακεν
259 895 284 920 εἰ
303 895 340 930 μὴ
357 896 371 921 6
387 895 450 927 Υίδς
467 899 514 923 καὶ
530 894 551 931 ᾦ
569 897 693 932 βούλεται
715 899 729 925 6
752 899 815 930 Υἱὸς
837 901 905 927 ἀπο-

121 939 252 973 καλύψαι.
267 949 276 966 ι
298 940 327 967 '0
340 941 405 974 γοῦν
416 942 534 976 Χριστὸς
546 943 627 978 330
639 945 653 970 6
664 944 750 978 λέγων
760 946 846 972 ταῦτα
860 946 906 972 καὶ

121 985 255 1012 διδάσκων
270 986 506 1021 τοὺςάνθρώπους
534 988 686 1024 ἐρωτηθεὶς
715 990 814 1025 ἔμελλε
837 991 904 1026 κρύ-

121 1031 182 1062 ψειν
201 1031 250 1065 τὴν
270 1032 398 1066 ἀλήθειαν
413 1041 420 1065 ς
434 1034 490 1060 Καὶ
519 1035 597 1065 ποῖος
616 1036 711 1070 ἄφρων
731 1037 778 1063 καὶ
804 1037 906 1072 εὐήθης

122 1076 253 1103 ὑπολάϐοι
280 1078 379 1110 coiit-0;
410 1079 440 1105 El
465 1080 519 1115 γὰρ
546 1081 595 1107 οὐκ
624 1079 658 1116 ἦν
676 1081 742 1114 Θεὸς
772 1083 820 1110 καὶ
842 1084 906 1116 Υἱὸς

122 1122 202 1154 Θεοῦ,
220 1123 271 1149 οὐκ
284 1124 317 1150 ἂν
335 1122 414 1151 εἷπον
429 1125 504 1160 αὐτῷ
516 1127 540 1152 οί
560 1126 681 1162 μαθηταὶ
702 1128 785 1155 αὐτοῦ
803 1130 907 1164 ἐρωτη-

123 1170 218 1197 θέντες
235 1170 303 1204 παρ’
318 1171 412 1202 αὑτοῦ,
433 1172 500 1198 Τίνα
524 1181 558 1206 με
578 1173 704 1206 λέγουσιν
720 1174 744 1200 οἱ
766 1173 906 1210 ἄνθρωποι

123 1214 193 1242 εἶναι
208 1217 253 1242 τὴν
265 1217 328 1243 Υίὸν
341 1217 388 1243 τοῦ
405 1217 550 1252 ἀνθρώπου
561 1228 568 1251 ;
585 1219 633 1246 καὶ
645 1216 723 1246 εἷπον
740 1221 811 1256 πρὺς
823 1221 906 1248 αὑτὸν

121 1263 163 1289 ὅτι
177 1262 210 1290 ΟΣ
229 1263 277 1297 μὲν
296 1262 422 1297 λέγουσιν
446 1260 516 1290 είναί
533 1273 562 1291 σε
576 1265 680 1297 Ἠλίαν,
696 1266 720 1292 οἱ
730 1266 759 1293 δὲ
768 1267 906 1303 Ἰερεμίαν

121 1311 137 1344 ῆ
152 1310 201 1336 ἕνα
213 1310 267 1336 τῶν
281 1310 441 1345 προφητῶν.
459 1311 514 1337 Καὶ
539 1310 616 1337 εἶπεν
645 1312 738 1344 αὐτοῖς
753 1314 766 1339 6
786 1313 906 1348 Χριστός

124 1366 133 1381 ι
155 1356 253 1390 Ὑμεῖς
270 1356 299 1382 δὲ
310 1357 370 1382 τίνα
388 1365 420 1391 με
434 1357 528 1390 λέγετε
543 1355 634 1390 εἷναι;
649 1366 659 1383 ι
677 1358 733 1384 Καὶ
749 1359 907 1394 ἀποκριθεὶς

121 1403 135 1429 6
149 1404 251 1436 Πέτρος
266 1402 343 1430 εἶπεν
372 1404 446 1438 αὐτῷ
463 1404 505 1430 ὅτι
527 1405 562 1431 Σὺ
583 1402 633 1431 εἴὸ
663 1405 781 1440 Χριστὸς
799 1406 813 1431 6
842 1406 906 1437 Υῐὺς

122 1449 169 1475 τοῦ
187 1449 254 1475 Θεοῦ
269 1449 317 1475 τοῦ
333 1449 446 1481 ζῶντος.
464 1450 581 1484 Ἔμελλε
591 1451 645 1485 γὰρ
657 1452 745 1477 εἰπεῖν
761 1452 775 1477 6
787 1452 905 1485 Χριστὸς

123 1494 162 1529 τῷ
179 1495 275 1529 Πέτρῳ
299 1495 340 1521 ὅτι
362 1495 549 1531 Πεπλάνησαι,
584 1496 755 1531 βλασφήμως
779 1497 903 1532 εἴρηκας,

123 1540 216 1572 κακῶς
241 1540 409 1576 λελάληκας·
429 1541 479 1568 οῦκ
506 1544 564 1577 εἰμι
586 1543 648 1574 Υἱὸς
669 1539 749 1571 Θεοῦ,
768 1543 823 1569 Καὶ
849 1542 904 1578 γὰρ

124 1634 186 1660 eum
202 1633 300 1660 Filium
315 1632 362 1661 Dei
376 1630 403 1661 et
420 1634 501 1661 Deum
520 1637 548 1661 et
568 1634 705 1661 hominem
716 1641 777 1661 esse
790 1634 906 1661 demon-

123 1685 226 1706 strant:
239 1685 319 1714 atque
333 1680 387 1707 illis
403 1680 514 1712 relictis,
537 1679 591 1706 alia
610 1680 755 1714 singularia
783 1680 905 1714 quaedam

124 1726 408 1753 Commemorabimus.
425 1725 483 1752 Hoc
503 1729 592 1752 tamen
606 1726 732 1757 monebo,
761 1733 814 1752 non
824 1725 905 1752 aliam

126 1772 162 1799 ob
181 1779 291 1799 causam
305 1771 413 1799 Judaeos
427 1771 567 1799 Christum
580 1772 654 1799 cruci
672 1771 801 1803 aﬂixisse,
818 1778 901 1806 quam

124 1818 197 1851 quod
210 1817 294 1846 Dettm
308 1826 348 1848 se.
361 1818 498 1845 hominem
523 1822 549 1845 et
562 1817 607 1845 Dei
630 1817 730 1845 Filium
747 1825 809 1845 esse
836 1824 906 1851 pra:-

124 1865 249 1897 dicaret;
263 1867 290 1891 et
306 1864 396 1892 dicere
412 1864 538 1891 eumdem
555 1864 631 1896 alibi,
643 1863 689 1898 qui
701 1864 789 1898 ipsum
805 1863 907 1896 videat,

124 1916 185 1939 eum
199 1911 304 1938 Patrem
317 1917 397 1938 suum
410 1911 521 1943 videre;
534 1910 609 1942 alibi,
626 1917 655 1937 se
669 1914 696 1937 et
704 1911 808 1938 Patrem
823 1917 908 1937 unum

124 1965 195 1992 esse;
208 1957 284 1990 alibi,
298 1957 319 1984 si
335 1963 363 1984 se
379 1963 534 1988 nossemus,
549 1963 630 1984 nosse
643 1963 693 1984 nos
704 1955 823 1989 Patrem;
833 1956 908 1988 alibi,

125 2005 149 2032 si
163 2004 226 2040 quis
249 2007 385 2039 praecepta
405 2010 454 2030 sua
482 2003 647 2034 observarit,
674 2010 736 2030 eum
763 2011 905 2034 nunquam

125 2055 239 2078 mortem
255 2050 391 2082 visurum;
411 2048 476 2076 alibi
504 2049 624 2083 denique
655 2052 758 2083 aegroto
788 2048 908 2081 cuidam,

126 2100 241 2132 peccata
258 2096 410 2124 eondonata
429 2095 452 2123 ei
469 2102 541 2123 esse.
563 2094 628 2128 Quae
653 2102 716 2122 cum
739 2094 912 2122 animadver-

125 2146 215 2170 terent
229 2141 326 2174 Judaei,
339 2144 480 2175 rogarunt,
499 2140 605 2174 qualem
625 2147 654 2167 se
686 2140 807 2168 iaceret?
820 2147 909 2167 annon

952 214 1048 248 ἔμελλε
1068 215 1205 241 διδάσκειν
1231 215 1329 245 αὐτοὺς
1347 215 1370 240 εἱ
1391 214 1428 248 μὴ
1453 214 1503 248 τὴν
1525 213 1676 247 ἀλήθειανς
1703 213 1738 239 Τί

952 261 1018 294 γοῦν
1030 259 1105 287 εἶπεν
1122 262 1136 287 6
1160 261 1277 295 Χριστος
1292 261 1330 295 τῷ
1345 261 1449 294 Σίμωνι
1468 260 1582 294 Πέτρῳς
1602 269 1612 284 ‹
1639 259 1739 286 Μακα-

955 315 1012 341 ριος
1028 304 1064 337 εἷ,
1084 307 1176 341 Σίμων
1189 306 1237 332 Υἱὲ
1250 306 1298 332 τοῦ
1320 307 1408 337 Ἰωνᾶ,
1438 307 1479 333 ὅτι
1505 305 1573 340 σὰρξ
1604 306 1652 331 καὶ
1667 303 1740 338 αἷμα.

953 353 1003 378 οὐκ
1017 352 1176 386 ἀπεκάλυῴέ
1191 361 1244 385 σοι,
1271 352 1330 379 ἀλλ’
1354 353 1368 378 6
1397 352 1493 386 Πατήρ
1523 360 1573 385 μου
1597 351 1610 376 ὁ
1628 351 1656 376 ἐν
1682 351 1740 380 τοῖς

953 397 1087 432 οὐρανοῖς.
1106 407 1115 423 ι
1139 399 1196 424 Οὐκ
1215 398 1320 431 ἀγνοῶν
1340 398 1368 424 δὲ
1394 396 1489 431 ἠρώτα
1507 398 1521 423 6
1551 395 1670 429 Χριστὸς
1687 395 1741 420 τὸν.

955 444 1058 479 Πέτρον
1071 437 1101 470 τδ
1115 445 1175 471 τίνα
1191 445 1315 478 λέγουσιν
1343 444 1424 469 αὐτὴν
1439 443 1463 469 οἱ
1489 443 1629 477 ἄνθρωποι
1645 439 1717 468 εἶναι
1729 449 1737 456 ·

956 491 1014 517 ἀλλ’
1026 491 1122 525 ὥσπερ
1137 491 1184 517 ἐπὶ
1196 490 1243 516 τοῦ
1256 490 1384 523 Λαζάρου
1401 490 1453 522 πρὸ
1474 489 1522 515 τοῦ
1539 489 1654 515 Θανάτου
1668 488 1742 514 ὲκεί-

957 544 1004 562 νου
1034 535 1144 568 ἐλεγενυ
1168 544 1177 560 ι
1198 535 1321 568 Λάζαρος
1339 535 1352 559 ὁ
1377 534 1453 568 φίλος
1479 533 1558 569 ἡμῶν
1582 533 1740 559 ἀπέθανεν·

957 581 1026 607 ἀλλὰ
1043 581 1198 615 πορεύομαι
1215 581 1377 614 ἀναστήσων
1400 580 1495 610 αὑτὸν,
1516 588 1525 604 ι
1543 578 1691 612 πορευθεὶς
1713 578 1742 604 δὲ

957 627 1071 662 ἠρώτα·
1092 635 1100 652 ι
1118 626 1175 652 Ποῦ
1206 625 1349 652 τεθείκατε
1375 626 1475 656 αὺτὸν;
1497 634 1505 650 ι
1540 625 1599 650 εἶτα
1629 623 1744 658 ἐξουσίᾳ

959 673 1072 707 ἒλάλησε
1084 680 1092 688 ⁸
1111 682 1120 697 ι
1144 671 1264 706 Λάζαρε,
1280 671 1360 707 δεῦρο
1376 671 1437 703 ἔξω,
1458 681 1467 697 ι
1494 671 1540 697 καὶ
1556 671 1714 703 ὑπήκουσεν
1729 671 1743 696 ὁ

959 719 1062 749 ἄπνους
1088 718 1126 752 τῷ
1147 718 1194 744 τοῦ
1221 717 1326 752 Κυρίου
1354 717 1556 751 προστάγματι,
1574 716 1745 746 δεικνύοντος

959 763 1006 790 τοῦ
1022 763 1142 798 Χριστοῦ
1162 763 1212 797 τήν
1236 770 1265 788 τε
1294 762 1377 789 αὑτοῦ
1395 761 1510 796 ϐεότητα
1525 761 1573 789 καὶ
1597 761 1742 796 ἁνθρωπόε

959 818 1027 845 τητα
1045 817 1052 824 ·
1067 808 1139 835 οὕτω
1165 808 1235 834 κατὰ
1259 808 1290 834 τὺ
1312 807 1400 842 πειρον
1430 807 1508 842 331
1527 806 1654 841 ἠρώτησε
1673 807 1744 840 πρὶς

956 857 1020 887 τοὺς
1039 855 1174 890 μαθητὰς,
1195 854 1239 881 ἵνα
1252 854 1326 889 δείξῃ
1339 853 1436 880 ἑαυτὸν
1449 854 1517 880 Θεὸν
1531 854 1579 880 καὶ
1594 853 1743 887 ἄνθρωπον

959 903 1006 929 καὶ
1024 901 1068 928 ἵνα
1083 902 1115 927 ὲκ
1134 901 1229 926 τούτου
1255 900 1325 926 κατὰ
1349 899 1447 934 μικρὸν
1474 899 1629 932 ἀνάγωνται
1654 899 1695 929 είς
1709 899 1742 924 τ’)

959 948 1024 983 ὕψος
1042 947 1091 982 τῆς
1106 946 1224 981 ἀληθοῦς
1240 946 1376 980 γνώσεως.
1400 945 1482 971 Ἀλλὰ
1495 945 1526 975 δὴ
1546 945 1593 971 καὶ
1610 944 1680 978 μετὰ
1691 944 1742 978 τὴν

957 993 1108 1020 ἀνάστασιν
1121 991 1146 1019 τί
1159 989 1234 1017 εἶπεν
1251 991 1265 1016 6
1279 991 1391 1025 Θωμᾶς,
1408 988 1448 1022 εἷς
1462 989 1499 1016 ὢν
1517 991 1563 1017 καὶ
1586 991 1666 1021 αὐτὸς
1682 990 1740 1016 τῶν

937 1040 1065 1071 ,δώδεκα
1090 1038 1230 1074 μαθητῶν,
1265 1037 1433 1072 ψηλαφήσεις
1462 1037 1512 1071 τὴν
1540 1036 1665 1070 πλευρὰν
1692 1035 1743 1062 τοῦ

955 1085 1218 1120 Χριστοῦ;ῙῘάντω;
1232 1085 1282 1111 καὶ
1298 1083 1379 1116 αὐτὸς
1399 1083 1486 1114 οὕτως
1510 1083 1624 1118 εἴρηκεν
1638 1085 1646 1096 '
1674 1091 1683 1107 I
1711 1082 1746 1108 '0

959 1132 1062 1168 Κύριός
1083 1140 1132 1166 μου
1152 1133 1198 1157 καὶ
1214 1132 1228 1157 6
1241 1130 1308 1161 Θεός
1326 1138 1387 1164 μου.
1420 1140 1428 1156 ι
1451 1130 1483 1156 Τί
1509 1129 1572 1163 γοῦν
1598 1137 1665 1163 φησι
1694 1129 1746 1155 καὶ

960 1179 1028 1214 πρδς
1038 1178 1141 1206 αὺτδνὸ
1153 1177 1288 1212 Χριστό;;
1302 1177 1358 1203 Οὐκ
1370 1175 1445 1203 εἶπεν
1458 1175 1530 1211 αὐτῷ
1542 1184 1548 1191 ·
1562 1175 1668 1203 Παῦσαι
1677 1176 1745 1210 βλα-

960 1224 1077 1259 σφημῶν
1095 1228 1101 1236 ·
1118 1223 1186 1249 ἀλλὰ
1201 1223 1247 1254 τίς
1271 1231 1280 1247 ι
1304 1222 1448 1255 Ἐώρακάς
1465 1230 1498 1256 με
1517 1220 1566 1247 καὶ
1594 1221 1747 1247 πεπίστευ-

961 1277 1034 1301 κας·
1051 1270 1182 1304 μακάριοι
1195 1270 1219 1294 οἱ
1247 1268 1284 1302 μὴ
1307 1267 1404 1299 [δόντες
1432 1269 1481 1294 καὶ
1505 1266 1712 1297 πιστεύσαντες.
1733 1272 1746 1292 s‘

966 1315 1048 1342 Ἀλλὰ
1061 1316 1108 1342 καὶ.
1127 1316 1155 1341 ὲν
1168 1316 1199 1350 τῇ
1218 1315 1289 1349 ἀρχῇ
1304 1314 1351 1340 τοῦ
1379 1314 1561 1348 κηρύγματος
1584 1312 1610 1338 τί
1626 1310 1703 1338 εῖπεν
1732 1312 1748 1338 ὸ

961 1360 1109 1395 Ναθαναὴλ
1120 1359 1347 1393 νομοδιδάσκαλος
1363 1359 1417 1385 τῶν
1439 1358 1576 1385 Ἰουδαίων
1589 1357 1645 1391 ὢνς
1658 1357 1750 1392 Ἦρὼ-

960 1416 1045 1443 τησεν
1064 1406 1146 1433 αὐτὸν
1166 1406 1226 1432 ὅσον
1251 1406 1332 1441 ἤθελε
1349 1396 1398 1432 καὶ
1415 1405 1560 1431 ἐϐούλετο·
1581 1404 1701 1436 ἀκούσας
1716 1404 1748 1430 δὲ

963 1453 1029 1489 παρ’
1043 1453 1127 1481 αὑτοῦ
1144 1453 1190 1479 τοῦ
1211 1452 1331 1488 Χριστοῦ
1357 1452 1375 1479 ἃ
1402 1449 1476 1486 εἶχεν
1499 1451 1643 1487 ἀπόρρητα
1665 1451 1695 1476 ὲν
1710 1452 1747 1485 τῇ

962 1501 1062 1535 καρδίᾳ
1070 1500 1166 1531 αὑτοῦ,
1176 1500 1249 1533 λέγει
1258 1498 1401 1533 τῷΊησοῦ·
1413 1498 1464 1524 (Σὺ
1475 1495 1501 1523 εἴ
1511 1497 1594 1527 ὸΥῑδς
1605 1496 1652 1523 τοῦ
1663 1495 1746 1527 Θεοῦ,

958 1547 990 1573 σὺ
1008 1545 1031 1573 si
1049 1547 1062 1573 6
1078 1546 1208 1581 βασιλεὺς
1223 1545 1269 1572 τοῦ
1281 1545 1403 1579 Ἰσραήλ.
1429 1553 1438 1570 ι
1469 1544 1656 1578 Ἐπετίμησεν
1676 1542 1747 1577 γοῦν

956 1638 1035 1666 Certe
1046 1637 1153 1672 quidem
1171 1637 1295 1664 Christus
1313 1635 1423 1662 Petrum
1444 1634 1597 1662 moniturus
1610 1639 1667 1660 erat
1695 1633 1736 1660 ita

958 1685 1014 1712 fere
1035 1693 1043 1712 :
1064 1694 1073 1709 ι
1091 1684 1205 1714 Errasti,
1234 1683 1316 1716 impie
1343 1681 1447 1712 dixisti,
1473 1681 1542 1707 male
1564 1680 1672 1707 locutus
1693 1687 1747 1712 es;

961 1737 1016 1758 non
1036 1737 1095 1756 sum
1116 1729 1187 1755 enim
1203 1727 1288 1754 Filius
1314 1726 1372 1752 Dei.
1389 1735 1399 1752 ι
1430 1725 1529 1752 Deinde
1560 1732 1621 1752 cum
1649 1730 1746 1751 eorum

959 1776 1088 1811 magister
1106 1779 1177 1801 esset
1209 1773 1345 1804 Christus,
1358 1771 1422 1806 qttid
1435 1771 1517 1804 aliud,
1530 1770 1580 1797 nisi
1602 1770 1747 1797 veritatem

959 1831 1008 1851 eos
1020 1821 1154 1850 docebat?
1170 1820 1238 1854 Quid
1257 1825 1348 1846 autem
1379 1818 1485 1845 Simoni
1513 1816 1594 1844 Petro
1617 1817 1747 1844 Christus

958 1870 1026 1897 dixit
1039 1868 1051 1895 ?
1063 1877 1072 1893 ι
1090 1867 1189 1894 Beatds
1204 1873 1244 1898 es,
1263 1865 1348 1896 Simo,
1361 1864 1438 1891 J0me.
1454 1864 1502 1894 iiii.
1524 1863 1596 1897 quod
1611 1870 1664 1889 non
1680 1870 1747 1890 caro

959 1920 1006 1942 aut
1023 1914 1133 1947 sanguis
1145 1912 1215 1940 istud
1234 1912 1279 1938 tibi
1294 1911 1410 1944 aperuit,
1431 1910 1477 1937 sed
1499 1909 1578 1936 Pater
1596 1915 1683 1940 meus,
1698 1908 1746 1942 qui

960 1961 987 1988 in
1002 1960 1078 1988 ccclis
1087 1963 1138 1986 est.
1158 1967 1168 1984 ι
1183 1957 1257 1984 Haud
1275 1956 1381 1983 inscius
1401 1956 1540 1983 Christum
1565 1954 1673 1981 Petrum
1702 1955 1745 1980 iu-

960 2005 1118 2040 terrogavit,
1137 2004 1245 2038 qualem
1258 2010 1287 2030 se
1311 2002 1437 2029 homines
1451 2009 1510 2028 esse
1525 2002 1667 2031 dicerent,
1697 2000 1747 2026 sed

959 2053 1030 2079 sicut
1044 2051 1077 2078 de
1096 2050 1199 2077 Lazaro
1216 2054 1280 2077 ante
1294 2052 1411 2076 mortem
1423 2047 1482 2082 ejus
1498 2046 1584 2074 dixit:
1604 2055 1613 2071 ι
1625 2045 1749 2072 Lazarus

961 2098 1067 2126 amicus
1082 2101 1187 2127 noster,
1204 2100 1330 2122 mortuus
1344 2097 1403 2126 est;
1424 2092 1471 2120 sed
1485 2100 1547 2119 eum
1579 2091 1746 2119 suscitatum

964 2144 1145 2180 proficiscor;
1164 2152 1172 2168 ι
1188 2142 1286 2169 deinde
1302 2139 1440 2175 profectus
1451 2139 1648 2173 interrogavit:
1671 2147 1679 2163 ι
1696 2138 1750 2165 Ubi

126 2186 211 2217 Deum
230 2196 259 2215 se
274 2187 458 2220 Ῑπθτθῑνευὶη
477 2187 558 2213 immo
572 2186 665 2214 esse”
680 2185 749 2219 Quid
762 2190 818 2213 tum
832 2186 912 2213 Chri-
927 2192 949 2220 D
963 2198 1025 2218 eum
1041 2188 1218 2217 collocastis?
1229 2198 1238 2214 ι
1255 2193 1335 2223 atque
1347 2188 1419 2215 clara
1433 2192 1499 2213 voce
1510 2185 1656 2213 clamavit:
1672 2194 1680 2210 ι
1696 2184 1752 2211 La-

126 2239 184 2263 stus
200 2235 211 2262 ?
225 2242 236 2260 ‹
248 2233 312 2261 Mihi
331 2234 376 2268 qui
407 2233 487 2260 ﬁdem
510 2231 602 2265 habet,
616 2231 699 2264 vivet,
712 2232 820 2260 etiamsi
844 2239 916 2259 mor-

126 2280 191 2309 tuus
205 2281 257 2315 sit;
274 2281 347 2309 sicut
369 2280 450 2308 Pater
471 2280 586 2308 suscitat
612 2284 638 2307 et
658 2279 684 2307 in
704 2281 789 2307 vitam
805 2283 917 2307 revocat

128 2329 273 2362 cadavera,
294 2329 331 2355 ita
342 2326 430 2355 Filius
449 2334 569 2362 quoque,
580 2334 651 2361 quas
677 2327 727 2362 ipsi
744 2327 847 2362 placet:
865 2331 916 2354 ne-

128 2383 173 2402 mo
190 2374 288 2402 Filium
303 2374 390 2407 novit,
408 2373 459 2400 nisi
478 2373 568 2405 Pater,
584 2381 633 2400 nec
646 2373 751 2400 Patrem
763 2374 913 2408 quisquam

126 2422 205 2454 vidit,
220 2421 273 2448 nisi
289 2420 386 2452 Filius.
401 2426 427 2448 et
445 2420 519 2448 sicui
530 2419 630 2454 detegit
645 2419 740 2447 Filius.
757 2429 766 2445 ι
781 2418 840 2446 Jam
850 2426 914 2446 vero

132 2467 179 2500 qui
197 2467 259 2494 talia
273 2466 375 2493 diceret
388 2469 415 2493 et
429 2465 554 2492 homines
564 2464 673 2493 doceret
701 2465 840 2498 Christus,
864 2472 913 2492 ve-

129 2521 226 2540 rumne
243 2512 384 2539 celaturus
397 2512 477 2539 erat?
492 2511 560 2544 Quis
581 2511 618 2538 ita
636 2511 736 2538 stultus
754 2515 778 2538 et
803 2511 914 2545 ineptus

128 2560 175 2591 sit,
191 2559 262 2586 istud
285 2558 437 2586 utcredat?
450 2557 518 2584 Nam
536 2558 587 2584 nisi
617 2557 688 2585 Deus
704 2562 731 2585 et
747 2557 834 2584 Filius
865 2557 911 2585 Dei

128 2610 199 2638 erat,
220 2604 347 2639 discipuli
373 2605 433 2640 ejus
462 2603 496 2630 ah
519 2604 579 2638 ipso
602 2604 773 2639 interrogati,
802 2604 910 2638 qualem

128 2650 250 2678 hominis
263 2650 359 2676 Filium
375 2656 436 2676 esse
446 2649 570 2675 homines
584 2649 717 2681 dicerent,
732 2656 785 2675 non
799 2656 912 2682 respon-

127 2697 185 2724 suri
200 2701 288 2729 erant,
300 2696 369 2724 alios
382 2704 443 2724 ettm
460 2695 559 2727 Eliam.
577 2695 646 2723 alios
660 2694 806 2723 Jercmiam
819 2700 865 2732 aut
878 2695 911 2722 de

128 2743 269 2778 prophetis
284 2743 401 2777 aliquem
414 2750 475 2770 esse
487 2742 656 2773 existimare,
676 2749 737 2774 nee,
754 2749 815 2768 cum
827 2741 912 2769 Chri-

127 2794 187 2815 stus
210 2789 420 2822 interrogasset,
443 2795 524 2823 quem
543 2788 594 2822 ipsi
618 2795 647 2814 se
668 2794 729 2814 esse
753 2787 907 2820 crederent,

128 2834 255 2860 dicturus
267 2833 374 2867 Petrus,
385 2840 446 2860 eum
456 2833 594 2860 Christum
605 2840 675 2865 csso,
685 2833 783 2859 Filium
793 2832 838 2860 Dei
848 2833 910 2860 \‘it‘i.

967 2244 1041 2268 zare,
1059 2235 1189 2263 adesdum
1208 2234 1300 2267 foras;
1315 2243 1324 2260 ι
1339 2234 1419 2269 etqui
1432 2234 1567 2261 exanimis
1582 2233 1681 2264 fuerat,
1698 2240 1750 2258 au~

966 2281 1090 2309 seultavit
1107 2280 1222 2316 imperio
1240 2279 1357 2311 Domini,
1386 2279 1497 2306 Christo
1516 2279 1674 2306 declarante
1687 2283 1744 2304 tum

965 2328 1096 2360 divinam,
1115 2332 1171 2354 tum
1185 2327 1331 2353 humanam
1350 2329 1476 2352 naturam
1502 2331 1577 2351 suam
1596 2333 1602 2350 :
1620 2324 1656 2350 ita
1683 2327 1750 2350 tunc

966 2381 1073 2409 quoque
1093 2373 1243 2407 discipulos
1259 2371 1446 2405 interrogavit,
1472 2375 1502 2396 ιιι
1518 2369 1602 2396 Deum
1616 2373 1643 2396 et
1658 2368 1733 2395 homi
1745 2382 1751 2386 -

966 2408 1074 2447 nemise
1085 2427 1146 2447 esse
1156 2418 1322 2450 ostenderet,
1335 2425 1438 2452 eosque
1467 2408 1530 2443 hinc
1560 2414 1690 2450 pa'ulatim
1713 2415 1747 2441 ad

965 2473 1035 2493 vera:
1047 2465 1213 2500 cognitionis
1234 2464 1406 2491 altitudinem
1438 2463 1576 2490 evelleret.
1602 2461 1750 2488 Enimvero

965 2513 1029 2548 quid
1044 2516 1103 2548 post
1116 2511 1343 2538 resurrectionem
1357 2511 1479 2537 Thomas
1497 2509 1576 2539 dixit.
1592 2509 1637 2542 qui
1654 2513 1679 2535 et
1692 2507 1752 2542 ipse

946 2566 952 2571 '
965 2567 1037 2586 unus
1053 2567 1068 2587 e
1087 2559 1232 2586 duodecim
1246 2557 1389 2592 discipulis
1401 2561 1470 2589 erat,
1486 2559 1632 2583 attrectato
1663 2555 1749 2581 latere

964 2604 1085 2631 Christi?
1101 2604 1199 2639 Utiqtte
1217 2605 1238 2631 is
1251 2611 1359 2638 quoque
1377 2602 1412 2629 ita
1428 2602 1496 2629 dixit
1513 2611 1519 2628 :
1539 2611 1548 2627 ‹
1569 2600 1684 2627 Domine
1697 2600 1746 2632 mi,

964 2656 988 2678 ct
1010 2651 1080 2678 Deus
1095 2651 1142 2678 nti.
1159 2661 1168 2675 ι
1187 2651 1238 2677 Aut
1255 2649 1319 2685 qttid
1337 2649 1436 2676 deinde
1453 2648 1491 2675 illi
1504 2647 1653 2675 Christus?
1684 2646 1745 2673 Non

962 2697 1044 2732 jussit
1070 2697 1194 2731 profecto
1212 2703 1274 2724 eum
1299 2695 1437 2723 abstinere
1469 2693 1657 2728 blasphcmiis.
1685 2693 1746 2724 sed.

965 2751 975 2767 ‹
993 2741 1088 2769 Vidisti
1103 2749 1162 2773 me,
1179 2741 1276 2775 inquit,
1303 2747 1330 2768 et
1344 2739 1501 2772 credidisti;
1526 2739 1597 2766 beati
1620 2738 1671 2769 illi,
1699 2736 1748 2771 qui

963 2796 1017 2814 non
1040 2787 1166 2814 viderunt
1182 2792 1209 2814 et
1220 2787 1395 2816 crediderunt
1409 2792 1511 2813 tamen.
1534 2794 1543 2810 ι
1565 2786 1617 2812 Aut
1641 2783 1707 2819 quid
1720 2784 1746 2810 in

963 2833 1097 2868 principio
1114 2833 1292 2860 institutionis
1315 2831 1477 2865 Nathanael.
1501 2833 1582 2860 homo
1600 2830 1668 2866 legis
1698 2828 1747 2858 Ju-
