1931 3079
157 127 209 159 917

657 126 878 162 CHRONICON
894 126 1030 156 MAJUS.
1045 137 1081 144 -
1098 123 1171 154 LIB.
1194 123 1243 154 ιν.

1721 115 1777 147 918

154 184 229 220 αὐτῷ
246 184 260 211 6
271 185 390 220 Χριστὸς
406 184 444 216 ὡς
458 183 549 215 κακῶς
565 183 711 218 λαλήσαντι
725 192 733 215 ;
762 182 841 218 Οὐχὶ,
871 182 939 210 ἀλλὰ
955 186 979 215 Α
994 180 1123 215 βασιλεὺς
1142 177 1168 206 εἴ
1184 179 1216 205 σύ
1230 187 1237 212 ;
1260 187 1269 204 ι
1289 178 1439 213 ’Δπεκρίθη
1457 177 1471 204 6
1499 176 1616 212 Χριστός
1629 182 1635 190 ·
1652 185 1660 201 ι
1730 174 1777 201 λέο

153 232 179 258 τί
192 232 267 266 λέγει
282 231 357 266 αὐτῷ
371 232 384 258 6
398 231 513 267 Χριστός
533 239 564 264 ς(
586 231 648 256 ’Ὁτι
662 229 739 256 εἶπόν
753 238 793 256 σοι
809 229 842 255 τὰ
852 228 941 264 ἀττόρ-

157 281 227 315 ρητα
243 278 292 311 τῆς
317 277 431 312 καρδίας
454 286 501 303 σου
524 275 815 308 πιστεύεις;Μείξονα
837 275 941 301 τούτων

154 326 225 360 ὄψει,
247 334 255 350 ι
273 325 328 351 Καὶ
343 325 384 350 ὅτι
403 324 451 359 μὲν
465 323 614 359 ἐρωτηθεὶς
632 323 709 357 παρὰ
728 322 775 349 τοῦ
799 321 915 348 Πιλάτου
927 321 941 347 6

154 371 274 406 Χριστὸς
311 371 424 406 εἴρηκεν
453 370 495 396 ὅτι
525 370 562 396 Σὺ
592 367 684 402 εἴπας,
713 368 792 394 τοῦτο
819 366 941 394 τοιοῦτόν

154 420 239 451 ἐστιν,
255 418 314 444 ἀλλ’
331 417 380 444 οὐκ
392 417 465 444 ἐστιν
484 416 624 451 ἀρνήσεως
649 415 738 448 λόγος,
753 413 820 441 ἀλλὰ
838 421 942 446 συγκα-

154 465 289 496 ταθέσεως
305 464 352 490 καὶ
363 463 522 497 ὁμολογίας,
536 463 582 489 καὶ
607 462 702 496 ὥσπερ
717 461 787 494 πρὸς
810 460 855 486 τὸν
875 459 941 486 ’ῐού-

152 512 200 538 δαν
213 508 285 538 εἶπε.
301 510 515 544 Συγκαθήμενος
531 509 578 535 καὶ
594 507 650 543 γὰρ
669 509 698 534 ἐν
717 507 768 542 μιᾷ
784 507 797 532 6
822 505 940 538 Χριστὸς

157 557 225 591 μετὰ
245 556 299 582 τῶν
316 556 446 590 μαθητῶν
460 554 544 582 αὑτοῦ
560 555 634 588 λέγει
647 553 716 588 πρὸς
733 553 832 583 αὐτούς
845 559 852 567 ·
867 561 876 577 ι
892 548 940 583 Εἷς

154 603 184 635 ἐξ
196 603 273 637 ὑμῶν
288 602 447 637 παραδώσει
472 611 517 636 με.
546 611 555 627 ι
574 602 630 628 Καὶ
653 600 747 633 ἔλεγεν
771 596 810 630 εἷς
825 599 939 639 ἕκαστος

154 650 219 683 περὶ
249 649 366 675 ἑαυτοῦ·
398 658 407 674 ι
429 649 503 683 Μήτι
524 649 579 681 ἐγώ
615 648 691 681 altu;
717 655 725 671 ι
752 646 800 672 καὶ
839 644 937 675 ἄλλος·

158 703 167 720 ι
184 693 258 727 Μήτι
272 693 327 727 ἐγώ
345 694 403 727 εἶμι
418 701 426 725 ;
446 701 456 718 ι
476 689 545 718 Eine
558 692 585 718 δὲ
599 692 647 718 καὶ
660 691 674 718 6
692 691 812 722 Ἰούδας·
832 699 842 715 ‹
865 689 939 723 Μήτι

154 734 209 772 ὲγώ
222 739 278 774 εἰμι
291 748 315 772 ;»
327 737 433 772 Λέγει”ό
448 737 567 773 Χριστός
578 744 585 752 ο
689 736 739 761 «Σὺ
749 733 856 766 εἴπας.»
872 735 938 760 Τότε

155 786 264 816 πάντως
283 785 334 811 οὐκ
349 783 383 820 ἦν
397 785 477 818 λόγος
501 783 656 818 ἀρνήσεως,
673 782 742 808 ἀλλὰ
769 779 939 814 συγκαταθέ-

155 840 234 863 σεως.
251 831 345 863 Οὕτως
361 831 409 858 καὶ
434 830 480 856 ἐπὶ
493 829 540 856 τοῦ
567 829 700 856 Πιλάτου·
724 828 802 860 λόγος
834 826 888 860 γὰρ
904 822 938 860 ἦν

993 234 1054 261 γεις
1070 226 1110 252 ὅτι
1126 224 1252 260 βασιλεύς
1265 224 1323 258 εἰμι
1338 223 1402 257 ὲγιὲν
1419 222 1473 256 ἐγὼ
1487 223 1526 254 εἰς
1540 221 1620 248 τοῦτο
1642 219 1776 255 γεγέννη-

993 282 1043 308 μαι
1057 272 1104 299 καὶ
1121 271 1161 302 είς
1174 271 1254 298 τοῦτο
1268 270 1388 306 ἐλήλυθα
1404 270 1443 300 είς
1457 269 1503 296 τὸν
1515 268 1629 302 κόσμον,
1645 267 1690 293 ἵνα
1705 274 1777 301 μαρ-

991 320 1104 354 τυρήσω
1120 319 1151 353 τῇ
1175 317 1304 352 ἀληθεῐᾳῖ
1323 317 1380 347 Πᾶς
1409 317 1421 342 6
1450 315 1487 341 ὢν
1517 315 1549 340 ὲκ
1569 314 1617 347 τῆς
1645 311 1778 347 ἀληθείας

991 365 1087 392 ἀκούει
1101 372 1152 398 μου
1170 364 1220 397 τῆς
1242 363 1344 398 φωνῆς.
1363 371 1372 387 ›
1402 361 1484 396 Λέγει
1504 359 1578 394 αὐτῷ
1600 360 1613 385 6
1639 357 1775 388 Πιλᾶτος·

995 421 1004 437 ι
1023 411 1055 437 Τί
1070 411 1145 437 ἐστιν
1160 410 1296 444 ἀλήθεια;
1323 419 1331 435 ι
1353 408 1436 444 Ὁρᾷς
1455 408 1512 438 πῶς
1529 405 1649 433 ἐνταῦθα
1666 404 1775 438 ἐδείχθη

993 456 1182 490 σαφέστερονς
1200 454 1313 486 Πάντως
1329 453 1343 479 6
1355 453 1474 488 Χριστος
1489 452 1602 486 βασιλέα
1624 450 1708 482 ἔδειξε
1729 448 1777 475 καὶ

991 499 1070 529 εἶπεν
1091 501 1201 528 ἑαυτόν.
1232 501 1289 527 Καὶ
1304 499 1455 534 ἐρωτηθεὶς
1486 499 1561 532 παρὰ
1586 496 1634 523 τοῦ
1658 495 1776 522 Πιλάτου

991 549 1074 576 πάλιν
1083 547 1158 582 αὺτῷ
1171 547 1251 573 τοῦτο
1269 546 1408 580 ἀπεκρίθη
1420 553 1426 560 ·
1457 545 1518 571 ἀντὶ
1542 543 1586 570 τοῦ
1604 543 1704 569 εἰπεῖν·
1723 541 1777 567 Ναὶ

991 595 1118 631 βασιλεύς
1139 595 1208 628 είμι,
1233 590 1294 619 εἶπε
1308 601 1316 608 ν
1345 601 1354 617 ι
1375 592 1412 618 Σὺ
1425 591 1518 625 λέγεις
1630 590 1671 615 ὅτι
1701 587 1778 622 βασι-

990 642 1054 674 λεύς
1070 643 1129 676 είμι
1147 641 1213 675 ἐγώ.
1240 650 1249 666 ι
1274 639 1306 667 Τί
1320 639 1385 672 γοῦν
1400 640 1414 665 ὁ
1428 637 1556 667 Πιλᾶτος,
1581 635 1706 665 εἰπόντος
1728 632 1775 659 τοῦ

990 688 1112 723 Χριστοῦ
1125 689 1165 714 ὅτι
1187 686 1257 721 Ἐγὼ
1271 687 1309 718 είς
1320 685 1400 712 τοῦτο
1412 684 1581 718 γεγέννημαι
1592 681 1638 707 καὶ
1648 681 1687 712 εἰς
1697 679 1776 705 τοῦτο

990 733 1108 768 ἐλήλυθα
1123 733 1162 763 εἰς
1178 732 1224 758 τὴν
1240 732 1355 765 κόσμον,
1373 729 1417 756 ἵνα
1447 728 1619 764 μαρτυρήσω
1646 727 1678 760 τῇ
1709 725 1776 759 ἀλη-

991 780 1062 815 θείᾳ,
1095 779 1170 813 λέγει
1189 777 1257 812 πρὸς
1274 776 1373 803 αὐτόν’
1399 785 1409 801 ι
1439 775 1473 801 Τί
1503 775 1578 801 ἐστιν
1608 772 1740 807 ἁλήθεια;
1762 779 1771 795 ι

990 827 1138 854 Τουτέστιν
1156 826 1197 852 ὅτι
1214 826 1296 856 Εἱείς
1323 824 1370 850 τὸν
1393 823 1497 857 κόσμον
1521 819 1635 856 ἀλήθεια
1654 817 1698 854 ἦν,
1724 818 1775 844 οὒκ

155 876 276 911 συνήθης
290 876 335 902 τοῦ
352 876 445 907 τόπου.
460 875 508 902 καὶ
523 874 560 906 ὡς
574 874 622 900 τοῦ
638 875 721 900 τόπου
748 873 852 899 ἐκείνου
866 872 938 906 λόγῳ
955 858 976 887 Β
990 873 1023 899 ἂν
1041 872 1190 907 παραδίδου
1209 872 1250 905 είς
1269 871 1385 897 θάνατον
1399 879 1406 886 ·
1425 869 1470 896 καὶ
1487 865 1543 895 οἷον
1556 865 1774 899 ἀποκλαιόμενον

154 922 290 957 ἐχρήσατο
311 921 385 956 αὖτῷ
400 923 413 948 6
425 921 556 955 Χριστός.
573 920 628 947 Καὶ
648 919 742 953 ὥσπερ
758 919 858 954 ἀρτίως
874 918 937 944 πολ-

153 966 233 997 λάκις
247 967 294 992 καὶ
311 967 357 992 ἐπὶ
372 966 427 992 τῶν
437 965 661 999 Μουσουλμὰνων
671 965 746 998 λέγει
762 963 855 998 ἕτερος
871 963 938 997 προς

153 1012 199 1038 τὴν
214 1012 309 1047 ἕτερον
331 1012 400 1046 μετὰ
424 1011 584 1046 συμϐουλῆς
606 1011 649 1037 ὅτι
675 1011 837 1044 Ποιήσωμεν
865 1009 936 1041 τόδε,

153 1057 201 1083 καὶ
211 1057 271 1083 ἀντὶ
282 1056 328 1083 τοῦ
344 1056 432 1084 εἰπεῖν
448 1056 493 1082 τὸν
504 1056 599 1091 ἓτερον
617 1055 656 1081 ὅτι
672 1054 807 1085 Γενέσθω,
822 1053 938 1088 ἀποκρί-

153 1112 229 1129 νεται
246 1103 287 1129 ὅτι
302 1103 340 1128 Σὺ
360 1102 500 1136 ὴεεύρεις,
529 1102 575 1128 καὶ
592 1102 642 1128 οὐκ
661 1100 718 1127 ἔστι
751 1100 836 1134 Λόγος
853 1100 938 1135 ἀρνή‹

154 1158 233 1183 σεως,
249 1149 317 1176 ἀλλὰ
331 1148 575 1183 συγκαταθέσεως·
588 1147 676 1176 οὕτως
688 1147 735 1174 καὶ
750 1146 795 1173 ἐπὶ
809 1145 855 1173 τοῦ
869 1146 936 1180 Χρι-

154 1196 228 1223 στοῦ.
254 1195 299 1227 Ὠς
326 1195 373 1221 τοῦ
404 1195 489 1221 τόπου
516 1194 623 1221 ἐκείνου
647 1193 719 1227 λόγῳ
747 1192 881 1227 ἐχρήσατο
903 1193 934 1226 τῇ

152 1241 267 1277 τοιαύτῃ
285 1241 357 1274 λέξει
378 1242 391 1268 6
412 1241 542 1276 Χριστος.
557 1241 590 1274 τῇ
631 1239 667 1265 Συ
692 1236 782 1269 εἶπας.
805 1238 900 1272 Ὅμως
923 1238 936 1263 6

152 1287 232 1318 αὐτὸς
248 1286 365 1318 Πιλᾶτος
391 1287 519 1321 ἠρώτησε
535 1285 581 1311 τὺν
611 1284 729 1321 Χριστὸν
742 1283 846 1317 λέγων·
864 1292 873 1308 ‹
900 1282 936 1308 ΣΞ»

152 1329 201 1358 εἴὸ
216 1331 343 1366 βασιλεὺς
358 1319 571 1363 τῶν-Ἰουδαίωνς
591 1339 599 1355 ι
614 1319 768 1363 ’Ἀπεκρίθη
780 1325 934 1362 όΧριστός·

158 1386 167 1402 ι
194 1377 227 1403 Ἦ
243 1376 370 1411 βασιλεία
383 1376 399 1409 ἡ
413 1375 467 1410 ἐμὴ
478 1375 528 1401 οὐκ
547 1374 623 1400 ἔστιν
639 1374 670 1400 ὲκ
693 1372 738 1399 τοῦ
754 1372 858 1406 κόσμου
874 1370 936 1397 τού-

151 1431 212 1450 του.
230 1423 260 1449 ΕΙ
283 1423 316 1448 ὲκ
331 1422 378 1448 τοῦ
408 1422 515 1455 κόσμου
542 1418 576 1456 ἦν
605 1420 621 1454 ἡ
641 1418 766 1454 βασιλεία
788 1419 805 1453 ἡ
821 1417 884 1453 ὲμὴ,
912 1417 936 1443 οί

153 1468 288 1503 ὑπηρέται
303 1469 335 1495 ἂν
352 1469 376 1494 οἱ
390 1468 450 1502 ἐμοὶ
463 1466 640 1502 ἠγωνίζοντο,
662 1466 706 1493 ῐνα
736 1465 773 1500 μὴ
790 1463 936 1499 παραδοθῶ

152 1515 210 1547 τοῖς
224 1514 373 1545 Ἰουδαίοις.
389 1513 448 1541 Νῦν
460 1513 487 1540 δὲ
500 1514 517 1549 ἡ
536 1512 662 1548 βασιλεία
681 1513 697 1546 ἡ
716 1511 771 1547 ἐμὴ
796 1511 846 1537 οὐκ
861 1510 935 1536 ἔστιν

152 1560 290 1588 ἐντεῦθεν.
309 1570 319 1586 ι
347 1557 431 1588 Εἶπεν
445 1559 492 1587 οὖν
512 1559 587 1594 αὐτῷ
604 1559 618 1585 6
634 1558 751 1589 Πιλᾶτος
762 1565 768 1572 ·
789 1567 798 1583 ι
816 1556 874 1583 Οὐκ
889 1554 936 1582 οὖν

153 1654 238 1682 daicze
250 1653 355 1689 peritus
368 1653 380 1680 Ὶ
396 1651 573 1687 interrogavit
592 1658 653 1678 eum
684 1649 754 1685 quod
766 1648 847 1676 vellet
857 1656 863 1674 :
873 1653 935 1675 cum

151 1703 243 1727 autem
263 1698 384 1726 audisset
396 1705 412 1726 e
430 1697 552 1728 Christo,
572 1703 633 1731 quae
663 1695 714 1723 sub
729 1694 811 1722 corde
830 1697 934 1721 secreta

153 1744 302 1779 premebat,
317 1743 386 1770 dixit
402 1742 426 1770 ei
441 1751 447 1770 :
460 1751 470 1768 ι
485 1741 525 1769 Τυ
539 1749 569 1769 es
580 1740 624 1767 Dei
639 1739 736 1771 Filius,
753 1744 781 1767 tu
792 1746 838 1766 rex
850 1738 937 1765 lsrae-

152 1791 197 1818 lis.
211 1789 336 1825 DLEcquid
345 1788 510 1824 vituperavit
520 1795 583 1815 cum
592 1786 718 1815 Christus
727 1791 754 1813 ut
763 1786 832 1813 male
843 1785 937 1812 dicen-

152 1836 225 1864 tem?
237 1835 347 1862 Minime
363 1842 438 1868 vero,
448 1833 506 1867 sed,
525 1843 534 1859 ι
549 1833 618 1866 Quia
632 1833 686 1860 dixi
702 1832 762 1864 tibi,
779 1831 826 1863 ait,
844 1837 936 1858 secre-

153 1887 178 1910 ta
191 1882 282 1910 cordis
294 1881 344 1913 tui,
358 1879 467 1908 credis?
486 1879 590 1914 Maiora
611 1879 671 1906 istis
689 1878 804 1905 videbis.
827 1886 837 1903 ›
857 1877 935 1910 Quod

152 1932 241 1955 autem
253 1935 269 1955 a
289 1926 375 1954 Pilato
389 1930 502 1961 rogatus
515 1924 643 1953 Christus
658 1924 807 1958 respondit,
832 1923 936 1950 dixisse

151 1982 225 2007 eum,
248 1981 278 2002 ea
304 1981 358 2001 non
380 1972 513 2008 negantis,
543 1972 591 2000 sed
610 1971 785 1999 concedentis
812 1975 841 1998 et
870 1978 935 1998 con-

151 2021 294 2050 sentientis
305 2021 393 2048 oratio
422 2023 476 2052 est,
489 2019 562 2053 quali
587 2018 710 2045 etiamin
741 2017 839 2044 Judam
867 2024 935 2044 usus

150 2071 201 2094 est.
221 2067 353 2094 Assidens
365 2066 437 2093 enim
455 2064 597 2100 discipulis
614 2064 760 2091 Christus:
779 2061 871 2090 «Unus
886 2069 933 2089 ve-

150 2116 248 2143 strum,
264 2111 363 2146 inquit,
382 2118 424 2137 me
437 2110 588 2137 traditurus
619 2113 669 2137 est.
687 2118 696 2134 ›
715 2108 831 2143 Rogavit
857 2108 890 2135 de
906 2115 935 2135 se

149 2155 395 2192 quisque,_Ecqnid
413 2163 463 2190 ego
492 2155 575 2183 sum?
590 2154 621 2181 Et
637 2154 707 2181 alius
722 2163 729 2181 :
756 2153 859 2188 Ecquid
883 2160 933 2188 ego

949 1537 971 1566 ο

988 917 1037 949 τὴν
1052 918 1102 951 τῆς
1119 916 1250 950 ἀληθείας
1263 916 1395 950 στέρησιν
1410 912 1472 940 εἷπε
1486 913 1517 939 Τί
1537 912 1610 938 ἔστιν
1637 909 1751 943 ἀλήθεια
1765 916 1774 940 ς

994 963 1074 990 Ἀλλὰ
1086 963 1134 989 καὶ
1147 962 1221 997 παρὰ
1232 962 1280 988 τοῦ
1293 961 1447 996 ἀρχιερέως
1458 957 1615 993 ,ἐρωτηθεὶς
1629 957 1643 983 6
1654 956 1773 990 Χριστος

987 1009 1028 1035 ὅτι
1048 1008 1167 1043 Ὀρκίζῳ
1182 1016 1210 1033 σε
1225 1007 1295 1033 κατὰ
1307 1006 1354 1033 τοῦ
1372 1005 1439 1031 Θεοῦ
1458 1003 1503 1030 τοῦ
1520 1003 1622 1035 ζῶντος
1636 1001 1680 1027 ἴνα
1706 999 1774 1035 ἡμῖν

987 1055 1068 1090 εῐπῃς
1079 1055 1104 1080 εί
1124 1055 1157 1080 σὺ
1171 1055 1195 1079 εί
1212 1054 1225 1079 6
1240 1052 1304 1084 Υἱὸς
1320 1051 1368 1078 τοῦ
1383 1051 1463 1082 Θεοῦ,
1490 1049 1567 1076 οὐδὲν
1594 1048 1689 1084 ἕτερον
1705 1047 1774 1073 ἀπι-

988 1102 1100 1136 κρίνατο
1109 1101 1125 1135 ἢ
1135 1101 1177 1127 ὅτι
1193 1099 1265 1130 Ἐγώ
1276 1100 1346 1131 εἰμι.

1023 1145 1104 1178 Οἶδας
1117 1148 1190 1178 ὅπως
1207 1148 1246 1175 είς
1267 1146 1285 1173 ἃ
1303 1146 1354 1172 οὐκ
1374 1145 1535 1172 ἐπίστανται
1550 1143 1575 1170 οι
1589 1139 1772 1175 Μουσουλμά-

987 1203 1038 1224 νοι,
1057 1192 1243 1228 κατηγοροῦσι
1255 1193 1318 1223 τοὺς
1332 1191 1423 1224 ἀξίους
1435 1191 1548 1217 ἐπαίνου
1561 1198 1569 1222 ς
1586 1188 1654 1214 Ἰδοὺ
1671 1186 1772 1218 τοίνυν,

988 1240 1070 1275 ειπερ
1089 1239 1180 1273 ζητεῖς
1191 1238 1332 1272 ἀλήθειαν,
1346 1237 1431 1272 γνῶθι
1444 1237 1540 1270 αὑτήν.
1564 1236 1595 1263 El
1617 1234 1639 1260 δ’
1657 1231 1715 1265 οὖν,
1739 1234 1772 1258 σὺ

985 1285 1079 1317 οἶδας·
1097 1286 1127 1312 οὐ
1160 1286 1214 1320 γὰρ
1239 1285 1314 1320 παρὰ
1340 1285 1388 1319 τῆς
1412 1283 1541 1318 ἀληθείας
1566 1282 1640 1308 ἐστὶν
1672 1280 1772 1315 ἡπερὶ

986 1333 1090 1367 ταύτην
1115 1332 1225 1366 ἄγνοια,
1250 1331 1319 1358 ἀλλὰ
1341 1330 1418 1365 παρᾶ
1441 1330 1496 1356 τῶν
1521 1327 1773 1362 ἀποστρεφομένων

987 1379 1084 1414 αὑτήν.

1021 1425 1052 1451 δ’.
1069 1424 1181 1460 Ἐπειδὴ
1193 1424 1258 1459 περὶ
1274 1424 1328 1450 τῶν
1361 1422 1451 1450 ἄλλων
1467 1418 1504 1449 ὧν
1522 1421 1588 1456 παρ’
1616 1420 1693 1456 ὑμῶν
1718 1419 1774 1446 τῶν

986 1469 1216 1504 Μουσουλμάνων
1228 1468 1422 1503 ὲγκαλούμεθα
1437 1468 1462 1494 οἱ
1484 1467 1647 1501 Χριστιανοὶ
1668 1465 1772 1496 [κανῶς

986 1515 1188 1547 ἀποδέδεικται,
1212 1514 1276 1541 ὥστ’
1303 1512 1372 1540 εἶναι
1399 1514 1473 1549 ἡμᾶς
1498 1513 1654 1547 ἁνωτέρους
1680 1511 1772 1546 πάσης

987 1561 1171 1597 κατηγορίας,
1193 1561 1260 1596 φέρε
1278 1561 1309 1596 δὴ
1335 1560 1429 1587 λοιπον
1453 1560 1619 1595 σκεψώμεθα
1638 1559 1685 1586 καὶ
1707 1558 1772 1592 περὶ

985 1649 1074 1677 derer.
1089 1649 1124 1677 At
1134 1657 1207 1677 nunc
1219 1657 1273 1677 non
1288 1654 1329 1677 est
1342 1650 1424 1685 hujus
1438 1650 1490 1677 luci
1503 1657 1614 1685 regnum
1634 1658 1734 1677 meum.
1759 1660 1768 1676 ι

983 1695 1098 1730 Rogavit
1115 1695 1239 1724 Pilatus:
1257 1705 1266 1722 ι
1281 1695 1340 1723 Non
1353 1703 1383 1724 es
1399 1696 1480 1732 igitur
1495 1696 1564 1723 rex?
1582 1705 1591 1722 ›
1620 1695 1770 1732 Respondit

983 1741 1127 1769 Christus:
1145 1741 1243 1775 «Dicis,
1255 1748 1346 1776 regem
1358 1749 1401 1769 me
1416 1749 1489 1769 esse.
1502 1742 1541 1768 Ad
1557 1742 1608 1769 hoc
1623 1750 1672 1775 ego
1690 1748 1768 1769 natus

984 1795 1044 1815 sum
1061 1792 1087 1815 et
1100 1788 1133 1814 ad
1149 1788 1201 1815 hoc
1219 1789 1246 1815 in
1262 1793 1362 1816 terram
1393 1789 1465 1822 veni,
1484 1793 1514 1815 ut
1535 1789 1660 1816 veritatis
1690 1789 1768 1816 testis

983 1840 1084 1861 essem.
1097 1832 1227 1868 Quisquis
1235 1841 1267 1861 ex
1276 1834 1390 1861 veritate
1400 1838 1451 1866 est,
1461 1834 1538 1861 audit
1548 1842 1643 1862 vocem
1652 1842 1749 1862 meam.
1758 1845 1766 1861 ι

985 1879 1055 1907 Dicit
1068 1880 1092 1907 ei
1109 1879 1212 1907 Pilatus
1232 1889 1238 1907 :
1257 1890 1266 1906 ι
1282 1880 1352 1913 Quid
1371 1885 1413 1908 est
1429 1881 1550 1908 veritas?
1570 1891 1580 1907 ›
1594 1881 1677 1909 Vides
1692 1889 1771 1916 aper-

984 1926 1038 1952 tius
1055 1925 1100 1953 hic
1117 1934 1172 1953 rem
1189 1926 1295 1954 ostendi
1316 1935 1322 1953 :
1344 1927 1458 1954 omnino
1477 1935 1566 1962 regem
1583 1935 1611 1955 se
1625 1935 1686 1955 esse
1698 1927 1769 1954 amr-

984 1973 1066 1999 mavit
1081 1976 1108 1999 et
1117 1973 1239 1999 ostendit
1257 1973 1395 2000 Christus.
1418 1974 1606 2007 Interrogatus
1625 1982 1638 2001 a
1665 1974 1764 2004 Pilato.

987 2024 1084 2044 rursus
1108 2017 1131 2044 ei
1147 2018 1288 2052 respondit
1307 2026 1361 2045 non
1381 2019 1432 2045 hoc
1448 2019 1527 2046 modo
1545 2027 1552 2045 :
1573 2019 1610 2045 Ita
1628 2023 1679 2050 est,
1706 2019 1762 2045 [lex

983 2071 1055 2096 sum,
1074 2063 1138 2092 sed:
1156 2073 1165 2089 ‹
1179 2064 1263 2097 Dicis,
1276 2072 1317 2091 me
1331 2072 1421 2099 regem
1433 2072 1503 2092 esse.
1525 2074 1534 2091 ι
1551 2064 1619 2098 Quid
1632 2073 1713 2098 porro
1724 2065 1767 2092 Pi-

983 2109 1065 2140 latus,
1079 2116 1140 2136 cum
1157 2108 1285 2137 Christus
1295 2109 1421 2143 dixisset,
1435 2110 1468 2136 ad
1486 2110 1537 2137 hoc
1554 2118 1583 2137 se
1598 2117 1691 2137 natum
1706 2118 1767 2138 csse

984 2159 1011 2182 et
1025 2155 1058 2182 ad
1073 2155 1124 2183 hoc
1137 2156 1243 2184 venisse
1256 2158 1282 2183 in
1298 2157 1443 2189 mundum,
1458 2162 1486 2184 ut
1498 2158 1620 2186 veritatis
1636 2159 1714 2186 testis
1724 2166 1769 2186 es-

149 2205 232 2232 sum?
246 2204 280 2231 Et
294 2204 399 2239 rogavit
411 2202 497 2230 Judas
514 2212 521 2229 :
536 2212 546 2228 ‹
562 2202 664 2237 Ecquid
677 2209 728 2237 ego
739 2209 799 2229 sum
813 2201 846 2228 »ἲ
862 2200 930 2228 Tum
944 2209 971 2239 D
984 2205 1036 2236 set,
1047 2202 1153 2237 rogavit
1166 2211 1228 2230 eum
1244 2212 1251 2231 :
1269 2203 1353 2237 «Quid
1367 2209 1408 2231 est
1419 2204 1553 2232 veritas?»
1566 2205 1617 2232 hoc
1631 2210 1685 2236 est.
1698 2205 1726 2232 Si
1741 2205 1766 2232 in

148 2251 295 2278 Christus:
308 2260 316 2275 ι
326 2250 432 2283 Dixisti,
450 2260 458 2276 ι
471 2249 578 2283 inquit:
591 2256 646 2282 quo
658 2253 734 2276 certe
750 2248 860 2283 quidem
872 2248 933 2275 loco

147 2304 202 2324 non
214 2297 378 2329 recusantis,
388 2297 434 2323 sed
447 2295 609 2322 allirinantis
619 2302 711 2322 sermo
724 2294 784 2322 fuit.
802 2294 932 2321 Similiter

145 2343 231 2378 igitur
251 2343 277 2370 in
287 2343 386 2370 Pilato.
400 2341 534 2372 Nimirum
547 2346 607 2369 erat
620 2341 647 2369 id
675 2341 783 2368 dicendi
804 2341 930 2377 genusin

147 2389 191 2416 illa
205 2389 317 2424 regione
332 2388 477 2420 usitatum,
488 2392 514 2414 et
526 2395 593 2415 usus
624 2394 666 2415 est
679 2387 726 2414 illo
755 2386 883 2414 Christus
901 2392 931 2414 ut

146 2437 206 2470 ejus
219 2432 338 2470 regionis
352 2435 475 2469 proprio.
501 2433 736 2468 Quemadmodum
748 2433 820 2461 enim
846 2435 928 2460 etiam

146 2481 173 2508 in
186 2481 446 2515 Musulmanisszepe
464 2480 502 2511 lit.
521 2485 560 2509 ut.
573 2488 634 2507 cum
651 2481 715 2516 quis
743 2488 805 2507 cum
828 2481 928 2508 collor-

145 2527 251 2554 tatione
265 2527 341 2559 dicit,
354 2531 383 2554 ut
400 2526 502 2554 faciant
518 2527 668 2561 quippiam,
682 2527 751 2554 alter
763 2535 816 2554 non
831 2546 840 2559 ,
868 2527 930 2555 Fiat

145 2571 229 2604 istud,
244 2572 290 2599 sed
308 2580 317 2597 ‹
337 2571 470 2606 Reperisti
491 2581 499 2596 I
518 2572 699 2606 respuildeut:
716 2574 752 2599 ita
769 2573 795 2599 in
814 2573 926 2600 Christo

145 2625 251 2652 quoque
263 2624 306 2644 res
326 2617 417 2645 habet.
432 2617 538 2652 Quippe
568 2618 686 2646 dictione
706 2619 779 2645 illius
808 2619 928 2654 regionis

145 2664 254 2698 propria
272 2663 407 2698 utebatur,
419 2673 479 2692 cum
504 2665 680 2699 responderet
700 2674 709 2691 ‹
727 2665 832 2693 Dixisti.
851 2665 928 2694 »Βο-

145 2707 218 2740 gat-it
233 2707 303 2734 idem
320 2707 422 2736 Pilatus
431 2709 568 2736 Christum
581 2718 587 2736 :
605 2709 693 2736 «Num
709 2717 756 2737 rex
770 2709 926 2738 Judmorum

144 2752 196 2779 es?
214 2762 224 2778 ι
241 2754 383 2788 respondit
408 2754 535 2782 Christus
554 2764 561 2782 ε
580 2765 589 2781 ‹
609 2755 733 2791 Regnum
758 2764 847 2784 meum
872 2765 925 2784 non

145 2802 187 2824 est
201 2798 282 2833 hujus
295 2800 400 2827 mundi.
415 2799 443 2827 Si
468 2801 549 2837 hujus
577 2801 672 2829 mundi
703 2809 814 2837 regnum
837 2810 925 2830 meum

145 2849 227 2878 esset,
242 2852 350 2880 operam
367 2847 507 2875 dedissent
519 2848 586 2876 socii
613 2848 678 2882 mei,
695 2855 728 2876 ne
739 2848 842 2876 Judrcis
869 2853 926 2876 tra-

986 2248 1088 2276 mundo
1101 2249 1202 2277 veritas
1215 2255 1298 2282 esset,
1315 2258 1369 2277 non
1389 2250 1538 2278 tradereris
1558 2251 1647 2278 morti.
1662 2250 1766 2278 Etenim

987 2295 1062 2329 quasi
1076 2296 1180 2330 lugeret
1190 2296 1312 2323 veritatis
1324 2297 1486 2329 absentiam,
1501 2296 1566 2332 quid
1577 2297 1681 2324 veritas
1695 2303 1768 2324 esset

986 2342 1102 2374 rogavit.
1119 2341 1154 2367 At
1171 2342 1242 2368 enim
1255 2342 1337 2369 etiam
1357 2342 1507 2377 apontilice
1520 2342 1638 2369 maximo
1655 2347 1766 2376 rogatus

985 2385 1111 2413 Christus
1129 2386 1155 2412 in
1173 2387 1245 2414 hunc
1261 2389 1371 2414 modum
1387 2397 1393 2415 :
1412 2397 1422 2414 ‹
1440 2387 1603 2415 Obtestortc
1616 2395 1664 2422 per
1682 2389 1765 2416 Deum

983 2433 1087 2466 vivum,
1103 2437 1132 2459 ut
1144 2433 1218 2460 dicas
1237 2434 1327 2465 nobis,
1344 2442 1408 2461 num
1426 2433 1513 2462 Filius
1534 2434 1579 2461 Dei
1596 2435 1644 2466 sis,
1661 2444 1669 2461 ι
1699 2434 1765 2461 nihil

985 2478 1134 2509 auuld.nisi
1154 2488 1164 2504 ι
1179 2479 1243 2505 Sum
1263 2488 1271 2504 ι
1292 2479 1443 2514 reSpondit.

1019 2522 1131 2550 Nostine
1141 2523 1197 2558 jam
1211 2524 1348 2558 quomodo
1364 2524 1397 2552 de
1426 2525 1469 2557 iis,
1481 2533 1542 2560 qua:
1564 2527 1690 2560 ignorant
1708 2525 1766 2552 Mu-

984 2570 1111 2601 sulmaui,
1131 2575 1260 2597 accusent
1275 2571 1399 2598 homines
1428 2572 1508 2599 laude
1538 2572 1657 2607 dignos?
1682 2573 1763 2603 Ecce,

983 2615 1006 2642 si
1023 2616 1123 2650 quieris
1136 2616 1287 2646 veritatem.
1298 2624 1433 2652 cognosce
1447 2626 1518 2646 eam.
1535 2619 1562 2645 Si
1576 2619 1675 2652 minus,
1691 2620 1763 2646 nosti

982 2666 1064 2693 certe,
1082 2669 1133 2688 non
1147 2662 1289 2690 veritatem
1300 2671 1490 2697 cuusamesse,
1510 2665 1603 2700 siqnis
1611 2673 1670 2692 eam
1686 2666 1764 2700 igno-

982 2714 1032 2740 ret,
1052 2709 1098 2735 sed
1114 2716 1171 2742 eos,
1184 2709 1231 2744 qui
1253 2718 1314 2736 eam
1331 2710 1447 2746 fugiunt.

1016 2755 1043 2781 ιί.
1056 2754 1121 2782 Cum
1138 2755 1171 2782 de
1185 2755 1307 2791 reliquis,
1325 2757 1360 2785 ob
1388 2766 1449 2793 quae
1460 2766 1475 2785 a
1488 2758 1565 2787 vobis
1586 2758 1763 2787 Musulmanis

981 2803 1166 2836 vituperamur
1190 2803 1349 2838 Christiani,
1376 2805 1444 2834 satis
1463 2806 1681 2835 demonstratum
1716 2807 1761 2840 sit,

981 2857 1040 2878 esse
1058 2856 1109 2877 nos
1124 2850 1197 2879 omni
1214 2851 1387 2879 accusatione
1402 2853 1568 2888 superiores,
1582 2861 1642 2890 age,
1659 2854 1763 2881 cxami-
