1931 3079
127 158 179 190 921

646 162 867 193 CHBONICON
884 163 1017 194 MAJUS.
1042 177 1074 184 —
1098 165 1170 196 LIB.
1196 165 1244 194 IV.

1696 166 1748 197 922

122 219 173 243 καὶ
191 220 363 254 κατανοήσας
381 220 423 246 ὅτι
441 220 454 246 ὁ
472 221 521 255 μὲν
540 221 654 255 οὐρανὸς
674 219 756 257 336
773 223 825 258 οὐχ
836 223 914 249 ἴστα-
929 228 951 253 Α
968 223 1021 249 Καὶ
1041 223 1131 250 πεσὼν
1141 225 1186 250 ἐπὶ
1202 225 1252 257 τῆς
1279 223 1332 258 γῆς
1355 224 1482 258 Ἀδραὸμ
1502 225 1692 260 προσεκύνησε
1711 225 1750 260 τῷ

123 275 171 292 ται
185 267 264 293 ἀλλὰ·
275 268 384 301 te!erth
401 268 458 304 ἔχει
471 269 596 304 διηνεκῆ,
613 269 670 304 ἔχει
695 263 737 296 δὲ’
749 271 795 297 καὶ
818 271 914 305 χρείαν

124 312 245 346 ἡλιακοῦ
261 314 350 346 φωτὸς
369 315 534 348 φωτίζοντος
547 316 629 341 αὐτόν
650 325 680 342 τε
709 316 830 352 θεωρίας
853 317 913 343 ἓνε-

124 368 175 386 κεν
188 360 296 387 καὶτὸν
310 361 356 387 ὐπ’
370 361 451 387 αὐτὸν
475 361 555 396 ἀέρα,
583 363 596 388 ὁ
623 362 650 388 δὲ
671 362 747 396 ἥλιος
767 363 833 388 ποτε
864 362 915 397 μὲν

125 406 202 441 ὑπὲρ
217 406 269 441 γῆν
284 407 482 441 εὑρισκόμενος
493 409 560 434 ποτὲ
574 407 596 434 δ’
608 407 641 435 αὖ
665 409 717 435 ὑπὸ
730 409 782 442 γῆν
793 409 915 443 κρυπτό-

127 461 224 485 μενος,
247 453 294 479 καὶ
310 453 351 479 ὅτι
368 453 406 488 μὴ
429 454 519 480 οὐσῶν
534 455 655 489 νεφελῶν
671 456 775 489 φαίνει,
789 456 916 490 εὑρισκο-

127 496 220 530 μένων
238 495 353 528 δἀὗοις
379 499 546 532 σκοτίςεται,
574 500 658 534 καὶὴ
693 500 793 535 σελήνη
814 500 862 526 καὶ
890 500 916 526 οἱ

125 542 245 577 ἀστέρες
265 542 302 577 μὴ
322 544 400 575 ὄντος
422 545 496 580 ἣλιον
515 546 670 580 φαίνουσιν,
694 546 770 577 ὄντος
786 547 814 573 δὲ
830 547 915 573 αὑτοῦ

127 588 304 619 σκοτίζονται
319 589 365 615 καὶ
384 590 547 624 ἀφανίζεται
572 591 602 617 τὸ
615 591 729 618 ἐκείνων
756 592 813 626 φῶς
827 591 874 617 καὶ
898 592 915 626 ἡ

127 633 246 668 θεωρία,
262 638 310 661 καὶ
323 636 339 671 ἡ
352 635 476 662 θάλασσα
499 637 690 672 ὲμπαιζομένη
709 638 760 663 ὑπὸ
776 638 830 663 τῶν
853 637 916 663 ἀνέ-

130 689 205 714 μων,
220 681 236 715 ἡ
253 681 289 716 γῆ
307 680 335 707 δὲ
347 681 489 716 χρῄζουσα
503 682 599 714 ὓδατος
614 683 653 714 είς
666 683 717 718 τὴν
734 682 788 708 τῶν
802 683 916 716 καρπῶν

130 727 254 759 γένεσιν,
269 729 394 761 κατέγνω
408 728 461 754 τῶν
475 729 586 755 πάντων
599 728 637 760 ὼς
662 729 750 754 αὐτῶν
770 729 831 755 καθ’
845 729 916 755 αὐτὰ

127 772 216 798 ὄντων
228 773 366 800 ἀδυνάτων
378 775 425 800 καὶ
442 775 538 809 χρείαν
566 775 683 809 ἐχόντων
706 775 776 810 πρὸς
800 775 916 810 ἄλληλα,

128 820 179 844 καὶ
195 819 245 845 οὐκ
260 819 390 855 ἐλογίσθη
410 817 481 847 εἶναι
495 821 549 846 ἀπὸ
563 821 667 847 τούτων
686 821 755 847 Θεὸν
776 821 853 847 οὐδέν
870 829 876 835 “
902 822 916 848 ὁ

128 866 198 897 Θεὸς
214 867 269 901 γάρ
282 875 355 898 τινος
377 867 473 901 χρείαν
488 868 540 894 οὐκ
560 867 627 903 ἔχει.
661 868 745 895 Πάλιν
767 868 796 895 δὲ
814 868 917 902 σκεψά-

131 922 215 946 μενος
230 915 336 948 μήποτε
353 914 382 940 ἓν
396 915 512 941 ἕκαστον
524 915 578 941 ἀπὸ
594 914 697 941 τούτων
712 915 850 946 ἀδυνάτως
859 914 916 950 ἔχει

129 959 205 986 ὥστε
218 958 289 987 εῖναι
311 961 473 996 μονομερῶς
493 961 570 993 Θεὸν,
584 960 653 987 ἀλλὰ
671 960 757 987 πάντα
773 961 851 994 ἐμοῦ,
870 960 918 986 καὶ

131 1005 195 1032 ἰδὼν
211 1006 253 1032 ὅτι
264 1005 302 1040 τῷ
319 1007 370 1040 μὲν
388 1006 464 1041 ξηρῷ
480 1007 634 1033 ἀντίκειται
650 1007 681 1033 τὸ
710 1007 806 1042 ὑγρὸν,
820 1007 861 1041 τῷ
889 1007 917 1033 δὲ

130 1052 232 1087 ψυχρῷ
248 1053 279 1078 τὸ
303 1052 404 1087 θερμὸν
424 1054 471 1079 καὶ
490 1053 528 1084 ὡς
544 1052 575 1079 τὸ
591 1053 663 1088 ὕδωρ
680 1054 739 1079 ἐστὶ
755 1053 918 1087 φθοροποιὸν

131 1098 180 1124 τοῦ
198 1098 295 1132 πυρὸς,
326 1099 435 1132 ἔκρινεν
460 1100 490 1125 ὲν
517 1099 607 1133 ἐαυτῷ
627 1099 675 1125 καὶ
693 1096 771 1125 εἶπεν
791 1099 831 1125 ὅτι
851 1098 917 1129 Θεὸς

132 1145 289 1176 στασιάζων
319 1145 387 1179 πρὸς
412 1145 510 1171 ἑαυτὸν
532 1147 577 1171 καὶ
607 1145 764 1180 μαχόμενος
787 1145 837 1170 οὐκ
859 1145 917 1170 ἔστι

132 1189 210 1222 Θεός.
224 1191 382 1217 Κάντεῦθεν
395 1191 565 1225 θεασάμενος
580 1190 629 1225 τὴν
652 1191 703 1224 τῆς
734 1190 848 1221 κτίσεως
873 1190 918 1216 εὒ-

131 1236 230 1269 ταξίαν
240 1237 286 1263 καὶ
301 1237 479 1269 κατάστασιν,
494 1237 631 1271 διαπορῶν
645 1235 680 1271 ἧν
695 1236 756 1263 καθ’
769 1236 865 1263 ἑαυτὸν
880 1237 917 1268 ὡς

131 1281 192 1307 ἔστι
206 1290 249 1312 τις
260 1281 377 1316 δύναμις
392 1283 407 1317 ἡ
424 1281 573 1316 συνέχουσα
581 1282 628 1308 καὶ
642 1282 804 1317 κυϐερνῶσα
812 1281 842 1308 τὸ
852 1282 915 1308 πᾶν.

133 1329 189 1354 Καὶ
215 1328 277 1354 ἐπεὶ
298 1329 401 1359 πάντες
426 1328 450 1354 οἱ
475 1328 617 1364 ἄνθρωποι
644 1327 823 1363 ὁμολογοῦσιν
846 1325 918 1354 εἶναι

132 1374 210 1406 Θεὸν,
239 1374 355 1405 ἕκαστος
376 1374 405 1400 δὲ
435 1375 565 1409 ὁμολογεῖ
592 1375 683 1401 ὅντινα
717 1374 843 1409 βούλεται
871 1374 917 1400 καὶ

132 1420 320 1454 προαιρεῖται,
352 1419 441 1446 ἔοικεν
475 1421 516 1446 ὅτι
551 1420 651 1451 πάντες
687 1419 843 1446 πλανῶνται
870 1420 917 1446 καὶ

131 1466 288 1499 ψεύδονται.
309 1465 443 1492 Λείπεται
456 1465 523 1499 γοῦν
539 1465 580 1491 ὅτι
591 1466 640 1492 οὐκ
654 1466 729 1492 ἐστιν
744 1466 837 1501 ἕτερος
850 1465 917 1498 Θεὸς

131 1511 238 1545 ἀληθὴς
264 1510 309 1545 ἢὸ
334 1511 453 1546 ποιήσας
483 1513 517 1536 τὰ
543 1511 643 1542 πάντα,
662 1511 735 1545 ᾇπερ
755 1511 809 1537 εἰσὶ
836 1511 916 1538 δοῦλα

968 271 1042 305 μόνῳ
1059 272 1106 297 καὶ
1129 270 1226 304 ἀληθεῖ
1240 270 1311 304 Θεῷ.
1345 269 1376 298 Ὀ
1399 271 1427 296 δὲ
1446 271 1605 305 πανάγαθος
1629 271 1707 304 Θεὸς,
1735 273 1751 298 ιι

966 317 1010 343 διὰ
1025 316 1072 343 τοῦ
1087 317 1226 352 προφήτου
1244 316 1356 343 Ἡσαΐου
1368 317 1453 343 εἰπὼν
1466 317 1506 343 ὄτι
1525 317 1586 344 Ἔτι
1602 317 1748 348 λαλοῦντός

968 371 1017 388 σου
1048 363 1103 396 ἐγὼ
1128 362 1257 398 πάρειμι,
1290 363 1370 394 αὐτὸς
1392 363 1532 398 παρευθὺς
1564 363 1675 396 ἐδέξατο
1700 364 1749 398 τὴν

966 409 1016 435 τοῦ
1037 409 1166 444 Ἀϐραὰμ
1182 408 1370 444 προσκύνησιν
1392 418 1422 435 τε
1438 411 1484 437 καὶ
1519 410 1621 436 πίστιν.
1649 410 1752 443 Ἐλογί-

968 455 1017 491 σθη
1037 455 1130 482 τοίνυν
1157 456 1232 491 αὕτῷ
1258 454 1358 490 αὕτηὴ
1382 455 1476 487 πίστις
1505 456 1545 486 είς
1574 456 1752 489 δικαιοσύνην

967 503 1029 528 ἀντὶ
1042 502 1138 528 πασῶν
1158 503 1213 528 τῶν
1226 502 1343 537 ἀρετῶν,
1368 502 1416 528 καὶ
1447 501 1523 535 φίλος
1544 502 1610 528 Θεοῦ
1631 502 1750 535 ἐγένετο.

972 546 1068 581 Ἡμεῖς
1077 546 1131 580 γὰρ
1143 545 1243 578 πάντες
1259 546 1399 582 χρῄζομεν
1417 547 1468 581 τῆς
1491 547 1545 573 ἀπὸ
1562 548 1616 573 τῶν
1635 547 1753 581 Γραφῶν

968 593 1094 628 βοηθείας
1121 593 1164 619 διὰ
1186 594 1237 628 τὴν
1258 594 1402 620 ἀσθένειαν
1427 593 1523 629 ἡμῶν·
1548 595 1563 619 ὁ
1589 594 1617 620 δὲ
1646 595 1753 624 δίκαιος

967 638 1030 664 Νῶε
1058 638 1106 664 καὶ
1124 639 1254 674 Ἀϐραὰμ
1283 638 1331 665 καὶ
1347 639 1371 666 οί
1396 639 1457 665 κατ’
1482 639 1603 670 ἐκείνους
1628 639 1753 674 καθαρὰν

968 684 1076 718 ἔχοντες
1089 684 1139 718 τὴν
1156 685 1273 718 καρδίαν
1295 685 1326 711 οὐ
1350 685 1459 712 δέονται
1480 687 1667 720 γραμμάτων,
1695 685 1753 710 ἀλλ’

967 732 996 757 ὲν
1007 732 1068 761 ταῖς
1082 731 1213 765 καρδίαις
1231 731 1321 757 αὐτῶν
1340 732 1495 766 γράφονται
1522 732 1570 757 καὶ
1604 730 1754 757 ἑντυποῦν-

967 784 1022 802 ται.
1036 775 1102 802 Τότε
1127 776 1192 809 γοῦν
1206 774 1281 802 εἶπεν
1294 775 1367 810 αὐτῷ
1382 777 1396 802 ὁ
1412 776 1478 807 Θεὸς
1494 776 1542 802 καὶ
1567 776 1615 804 τὰς
1634 776 1754 809 ἐπαγγε-

967 820 1039 852 λίας,
1054 820 1140 847 εἰπὼν
1155 822 1213 848 ὄτι-
1234 831 1243 847 ι
1263 822 1308 848 ‘Ev
1321 822 1360 856 τῷ
1376 822 1516 856 σπέρματί
1545 830 1592 847 σου
1609 821 1754 855 ὲνευλογη-

970 868 1097 900 θήσονται
1115 869 1203 895 πάντα
1214 869 1248 894 τὰ
1263 868 1337 903 ἔθνη.
1359 877 1367 894 ι
1387 867 1454 894 Τότε
1476 868 1576 900 ἔδειξεν
1593 869 1607 894 ὁ
1623 867 1690 898 Θεὸς
1714 867 1753 902 τῷ

977 913 1103 948 Ἀϐραὰμ
1116 915 1206 940 πᾶσαν
1218 914 1268 949 τὴν
1288 914 1353 949 γῆν,
1381 915 1429 941 καὶ
1458 912 1536 941 εἶπεν
1559 913 1650 949 αὐτῷ·
1671 923 1679 939 ι
1707 914 1753 939 Σοὶ

968 961 1017 986 καὶ
1031 961 1069 995 τῷ
1086 961 1228 995 σπέρματί
1259 969 1307 986 σου
1333 961 1418 987 δώσω·
1441 962 1563 996 αὑτήν.)
1598 959 1754 986 Κάντεῦθεν

968 1006 1059 1032 λαῦὼν
1076 1007 1238 1042 πσρρησίαν
1253 1008 1266 1033 ὁ
1284 1007 1414 1042 Ἀϐραὰμ
1434 1007 1608 1042 παρεκάλεσε
1624 1007 1668 1032 τὸν
1687 1006 1754 1031 Θεὸν

970 1053 1036 1087 περὶ
1059 1052 1113 1078 τῶν
1142 1053 1279 1087 Σοδόμων,
1297 1053 1388 1084 καθὼς
1419 1052 1575 1087 ἔμπροσθεν
1602 1051 1754 1086 φθάσαντες

969 1098 1095 1132 εἴπομεν.
1112 1098 1189 1124 Ἐπεὶ
1203 1099 1233 1125 δὲ
1248 1099 1381 1133 κρίμασιν
1399 1096 1438 1129 οἷς
1454 1097 1508 1125 ί-ίδε
1537 1098 1603 1127 Θεὸς
1619 1098 1670 1133 (τίς
1697 1098 1752 1132 γὰρ

969 1144 1040 1177 ἔγνω
1054 1144 1116 1170 νοῦν
1133 1143 1264 1179 Κυρίου;)
1290 1144 1332 1170 ὅτι
1352 1144 1410 1178 μετ’
1438 1144 1528 1177 ὀλίγον
1563 1144 1752 1178 ἀποσταλῆναι

971 1189 1114 1224 μέλλουσιν
1126 1190 1149 1215 οἱ
1162 1190 1208 1216 τοῦ
1217 1190 1343 1224 Ἀδραὰμ
1355 1191 1484 1223 ἀπόγονοι
1495 1190 1533 1221 εἰς
1547 1189 1753 1224 τὴνΑἰγυπτον,

968 1235 1006 1266 ὡς
1028 1236 1061 1262 ἂν
1084 1228 1176 1262 ἒκεῖτε
1211 1235 1392 1262 διαϐιϐάσωσι
1419 1236 1532 1270 χρόνους
1555 1235 1754 1270 τετρακοσίους

969 1281 1015 1306 καὶ
1040 1281 1189 1316 τριάκοντα
1207 1281 1253 1306 καὶ
1282 1281 1335 1316 γὰρ
1359 1280 1446 1312 οὕτως
1466 1281 1577 1316 εἴρηκεν
1601 1282 1615 1307 ὁ
1630 1280 1695 1312 Θεὸς
1714 1281 1754 1315 τῷ

974 1326 1112 1360 Ἀϐραὰμ,
1129 1327 1169 1353 ’ότι
1185 1326 1282 1353 Ἔσται
1296 1327 1327 1353 τὸ
1341 1327 1452 1361 σπέρμα
1470 1335 1515 1353 που
1530 1326 1662 1361 πάροικος
1680 1327 1709 1352 ὲν
1717 1329 1753 1362 γῇ

969 1370 1115 1406 ἀλλοτρίᾳ·
1132 1371 1163 1397 τὸ
1175 1371 1203 1397 δὲ
1220 1371 1295 1402 ἔθνος
1311 1372 1323 1397 ὃ
1339 1372 1387 1398 ἐὰν
1401 1372 1526 1408 δουλώσῃ
1543 1373 1651 1403 αὐτοὺς,
1669 1372 1755 1407 κρινῶ

969 1417 1025 1450 ἐγώ
1042 1425 1048 1431 ·
1068 1417 1082 1443 ὸ
1098 1418 1146 1443 καὶ
1165 1418 1278 1451 γέγονεν
1295 1419 1341 1444 ἐπὶ
1356 1418 1402 1444 τοῦ
1432 1419 1542 1452 Φαραώ,
1558 1419 1607 1444 καὶ
1631 1418 1676 1444 διὰ
1705 1418 1755 1452 τ-ὴν

970 1463 1150 1498 πολυχρόνιον
1176 1463 1259 1498 338
1279 1464 1424 1499 διατριῦὴν
1448 1463 1503 1490 τῶν
1527 1463 1659 1499 Ἑϐραίων
1686 1464 1756 1498 μετᾶ

969 1511 1023 1535 τῶν
1034 1509 1228 1543 Φαρκωνιτῶν,
1247 1510 1285 1544 μή
1316 1518 1381 1536 ποτε
1410 1509 1558 1540 ἑνωθέντες
1585 1509 1694 1544 μάθωσι
1721 1510 1756 1536 τὰ

134 1557 253 1589 ἐκείνου,
279 1558 327 1583 καὶ
344 1558 405 1590 ἄγει
422 1558 468 1583 καὶ
485 1557 563 1592 φέρει
579 1557 626 1583 καὶ
637 1557 766 1584 εὐτακτεῖ
791 1557 827 1588 ὡς
855 1557 917 1591 βού-
932 1557 952 1583 C
969 1554 1072 1581 τούτων
1091 1554 1173 1590 ἔθιμα
1197 1555 1244 1581 καὶ
1272 1557 1322 1591 τὴν
1350 1555 1585 1590 εἰδωλολατρεὶαν,
1614 1556 1716 1591 ἐτάχθη
1738 1557 1755 1591 ἡ

135 1604 221 1631 λεῖαι.
334 1604 436 1630 Τοῦτον
456 1603 521 1637 γοῦν
543 1603 588 1630 τὸν
603 1603 671 1629 Θεὸν
687 1602 742 1637 ἐγὼ
761 1603 916 1638 προσκυνῶ.

135 1704 157 1722 ν’
170 1695 190 1722 ri
205 1700 231 1722 et
247 1695 350 1722 lumine
365 1694 432 1721 solis
446 1701 536 1728 egere,
551 1701 604 1727 quo
619 1693 708 1728 ipsum
724 1685 879 1720 illustretur
892 1697 919 1719 et

137 1741 250 1768 inferior
274 1748 331 1772 aer,
341 1740 426 1768 solem
441 1745 530 1767 autem
541 1747 612 1766 nunc
624 1747 704 1774 supra
726 1743 826 1766 terram
845 1746 918 1771 esse,

136 1796 209 1814 nunc
222 1786 293 1814 infra
307 1791 407 1813 terram
419 1786 562 1816 occultari.
574 1790 654 1820 atque
664 1785 733 1813 cmlo
743 1785 861 1813 nubibus
871 1788 919 1812 ob—

135 1838 207 1860 tecto
223 1832 375 1863 obscurari,
392 1839 445 1858 non
465 1832 573 1858 obtecto
588 1831 697 1863 lucere;
720 1831 817 1858 deinde
827 1832 918 1857 lunam

133 1884 159 1904 et
171 1877 276 1910 stellas,
291 1877 399 1911 quando
409 1877 449 1904 Sol
469 1885 521 1904 non
537 1877 638 1908 luceat,
648 1877 798 1911 splendere,
810 1877 920 1912 quando

135 1925 233 1955 luet-at.
247 1924 354 1950 illarum
366 1923 451 1949 lucem
472 1922 614 1950 obscurari
625 1927 651 1949 et
669 1922 822 1957 exstingui;
839 1929 920 1956 porro

137 1977 208 1995 mare
225 1974 365 1996 ventorum
379 1968 442 1994 flatu
459 1969 566 2002 agitari,
588 1974 686 1994 terram
708 1968 740 1995 ad
765 1968 918 2003 plantarum

135 2016 333 2043 incrementum
350 2022 429 2050 egere
451 2022 533 2049 aqua;
546 2014 694 2049 hmcigitur
714 2022 775 2040 ctlm
797 2013 920 2041 animad-

136 2063 270 2094 vertisset,
290 2061 432 2093 intellexit,
452 2063 542 2087 omnia
558 2061 609 2087 ista
624 2069 670 2095 per
679 2068 709 2087 se
719 2061 775 2088 sola
789 2069 850 2088 esse
866 2068 919 2087 non

134 2119 223 2146 posse,
243 2110 290 2138 sed
302 2115 396 2136 rnmno
411 2109 545 2136 contineri
558 2108 672 2139 auxilio,
685 2107 917 2142 atquejudicavit,

134 2164 230 2183 eorum
245 2155 310 2182 nihil
326 2155 409 2181 DCIII“
422 2163 493 2182 esse.
506 2155 577 2182 Deus
589 2155 662 2181 eriim
675 2154 774 2181 nullius
788 2155 825 2181 rei
837 2153 917 2180 auxi-

134 2202 170 2228 lio
183 2206 252 2236 eget.
270 2201 375 2228 Rursus
387 2209 447 2228 cum
461 2200 712 2233 animadvvrtisset,
734 2200 802 2227 nihil
823 2207 918 2226 eorum

134 2256 183 2284 per
195 2256 224 2275 se
235 2248 322 2275 solum
338 2249 419 2274 Deum
431 2255 492 2275 esse
503 2255 594 2282 posse,
604 2247 651 2274 sed
663 2251 760 2274 cuncta
773 2247 865 2280 simul,
875 2248 920 2273 in-

135 2295 397 2326 tellexiSSetautem,
409 2294 487 2321 arido
504 2294 659 2328 oppositum
682 2301 744 2321 esse
764 2294 919 2326 humidum,

134 2340 233 2375 (rigido
248 2339 413 2371 ealidum,et
444 2346 513 2373 aqua
535 2338 670 2374 exstingui
697 2338 801 2373 ignem,
823 2339 921 2367 statuit

133 2388 203 2421 apud
217 2386 338 2412 animum
352 2385 484 2418 dixitque,
501 2386 548 2420 qui
560 2393 651 2412 secum
664 2385 795 2412 dissideat
805 2391 922 2420 pugnet-

132 2441 186 2467 que
202 2431 273 2459 Deus
288 2439 341 2459 non
356 2438 416 2460 esse
429 2431 525 2458 Deum.
553 2431 656 2459 Deinde
675 2439 766 2458 rerum
796 2431 921 2459 ordinem

132 2485 159 2506 ct
174 2480 304 2506 rationem
320 2477 532 2512 contemplatus,
547 2478 584 2504 ita
610 2485 703 2504 secum
734 2478 920 2506 ratiocinaba-

136 2529 179 2552 tur
196 2524 272 2552 τάξει
287 2524 328 2552 vis
345 2523 447 2558 aliqua,
463 2531 516 2558 qua
536 2524 696 2551 universum
725 2524 882 2552 continetur
893 2529 920 2552 et

126 2571 309 2618 gubernatur.
331 2569 390 2597 Jam
412 2576 474 2596 cum
494 2575 589 2596 omnes
601 2569 919 2603 hominesconsentiant,

135 2616 218 2643 Deum
229 2624 299 2650 esse,
325 2616 374 2644 sed
398 2616 507 2652 qualem
537 2616 655 2650 quisque
683 2617 781 2644 vultet
809 2618 920 2650 probat,

130 2654 346 2690 eonsontancum
374 2669 427 2695 est,
442 2670 538 2691 omnes
567 2670 658 2690 errare
689 2668 716 2690 et
731 2664 850 2691 mentiri.
867 2664 922 2691 lta-

132 2718 185 2744 que
200 2710 250 2736 huc
272 2717 356 2736 unum
372 2709 507 2744 reliquum
527 2715 579 2742 est,
595 2718 648 2737 non
664 2718 726 2738 esse
752 2710 836 2737 alium
867 2719 917 2738 ve-

133 2764 194 2782 rum
208 2755 304 2786 Deum,
321 2755 374 2782 nisi
388 2756 434 2790 qui
448 2760 546 2793 cuneta
561 2756 633 2786 fecit,
665 2764 724 2790 quae
757 2756 840 2790 idem,
867 2757 918 2784 sibi

134 2802 268 2836 subjecta,
285 2801 364 2836 regit,
379 2802 514 2836 gubernat
529 2806 555 2829 et
570 2802 765 2834 administrat;
786 2803 919 2838 quemad-

135 2848 245 2874 morlum
269 2847 320 2882 ipsi
347 2849 444 2881 placet.
485 2847 563 2875 llunc
590 2848 671 2883 igitur
687 2848 771 2875 Deum
793 2849 920 2884 equidem

135 2895 229 2922 adoro.
249 2893 335 2928 Atque
352 2894 427 2921 humi
441 2894 576 2930 projcrtus
600 2895 772 2923 Abrahamus
799 2896 921 2924 adoravit

971 1602 1106 1636 περιτομὴ
1121 1601 1158 1632 ὥς
1169 1610 1196 1627 τι
1214 1603 1328 1636 σημεῖον
1343 1602 1391 1628 καὶ
1409 1601 1546 1636 σύμϐολον
1568 1601 1690 1636 διαιροῦν
1709 1602 1758 1628 καὶ

971 1689 1058 1716 solmn
1072 1694 1099 1716 ct
1114 1697 1205 1716 verum
1218 1689 1314 1716 Deum.
1339 1688 1412 1726 Illico
1439 1688 1511 1716 Deus
1543 1689 1674 1724 optimus,
1708 1689 1755 1723 qui

971 1743 1018 1770 per
1042 1735 1139 1763 Isaiam
1168 1736 1325 1770 prophetam
1352 1735 1429 1768 dicit,
1445 1735 1562 1762 «Adsum
1594 1735 1640 1762 tibi
1667 1735 1757 1762 adhuc

970 1782 1245 1812 erantinAbrahami
1261 1782 1451 1809 adorationem
1468 1787 1496 1808 et
1523 1781 1600 1808 [idem
1636 1782 1755 1816 accepit.

971 1828 1036 1860 Quae
1051 1828 1160 1862 quidem
1177 1827 1243 1854 tides
1258 1828 1295 1854 illi
1314 1832 1377 1854 ante
1392 1835 1488 1854 omnes
1504 1827 1618 1854 virtutes
1642 1827 1756 1860 justitize

970 1875 1092 1910 apposita
1105 1880 1157 1908 est,
1174 1879 1200 1901 et
1214 1875 1271 1907 ipse
1294 1874 1383 1901 factus
1406 1879 1448 1902 est
1475 1874 1581 1901 amicus
1613 1873 1672 1900 Dei.
1701 1873 1756 1900 Nos

954 1923 1042 1948 -enim
1058 1929 1154 1948 omnes
1167 1928 1308 1948 sacrarum
1331 1920 1498 1948 Litterarum
1522 1920 1627 1947 auxilio
1642 1927 1755 1955 egemus

972 1973 1083 2004 propter
1106 1967 1291 1995 infirmitatem
1322 1973 1468 2001 nostram;
1494 1968 1560 2002 justi
1587 1971 1677 1994 autem
1699 1965 1758 1994 Noe

971 2019 999 2042 et
1026 2014 1208 2047 Ahrahamus,
1223 2019 1249 2041 et
1264 2014 1286 2041 si
1302 2015 1355 2048 .qui
1371 2014 1416 2041 alii
1441 2018 1498 2041 tum
1520 2017 1638 2040 mentem
1661 2020 1756 2047 puram

971 2060 1127 2092 servabant,
1162 2067 1215 2086 non
1253 2060 1370 2094 egebant
1405 2059 1517 2091 litteris,
1548 2065 1608 2092 quae
1633 2058 1756 2091 ipsorum

971 2107 1069 2133 animis
1089 2107 1227 2141 inscripta:
1241 2111 1268 2132 ct
1294 2105 1436 2139 insculptas
1463 2108 1551 2131 erant.
1577 2103 1645 2130 Tum
1674 2103 1758 2138 igitur

971 2150 1043 2178 Deus
1056 2150 1139 2178 etiam
1162 2150 1298 2186 promissa
1330 2150 1366 2177 illi
1397 2149 1471 2182 fecit,
1499 2151 1534 2175 ita
1554 2150 1687 2178 loeutus:
1710 2147 1754 2174 «lu

971 2197 1074 2225 semine
1095 2202 1141 2224 tuo
1151 2197 1327 2224 benedicetur
1342 2197 1450 2223 cunctis
1463 2195 1579 2231 populis,
1597 2204 1606 2220 ι
1625 2200 1758 2222 monstra-

975 2249 1055 2277 taque
1067 2243 1154 2270 eidcm
1171 2248 1227 2270 tota
1242 2249 1314 2270 terra
1329 2250 1337 2270 :
1352 2242 1438 2274 «Tibi,
1467 2242 1515 2274 ait,
1540 2246 1568 2268 et
1587 2241 1684 2268 semini
1713 2246 1760 2267 tuo

973 2289 1043 2316 dabo
1055 2297 1140 2317 eam.»
1163 2289 1264 2316 Deinde
1280 2289 1462 2320 Ahrahamus,
1476 2288 1628 2315 libertatem
1649 2285 1758 2313 dicendi

972 2341 1079 2368 nactus,
1107 2336 1190 2363 Deum
1206 2336 1240 2363 de
1256 2334 1382 2362 Sodomis
1403 2339 1529 2370 precatus
1554 2338 1606 2366 est,
1628 2332 1760 2368 quemad-
1796 2326 1799 2330 ”

975 2384 1085 2410 modum
1098 2391 1179 2417 supra
1195 2382 1386 2417 explicuimus.
1402 2381 1470 2409 Cum
1498 2385 1589 2408 autem
1616 2387 1664 2414 pro
1685 2386 1754 2406 eou-

973 2430 1042 2457 siliis
1058 2430 1115 2457 suis
1142 2428 1305 2463 intelligeret
1335 2428 1407 2455 Deus
1435 2427 1507 2463 (quis
1538 2427 1610 2454 enim
1639 2431 1758 2452 mentem

968 2475 1079 2503 Domini
1092 2475 1250 2510 perspexit?
1264 2476 1285 2510 ),
1303 2475 1377 2502 brevi
1411 2475 1437 2501 in
1472 2472 1619 2508 Egyptum
1642 2472 1757 2499 missum

973 2522 1006 2549 iri
1021 2523 1167 2549 Abrahami
1183 2526 1316 2557 posteros,
1332 2526 1361 2547 ut
1373 2521 1410 2549 ibi
1430 2528 1517 2548 annos
1543 2519 1760 2554 quadringentos

972 2574 1000 2597 et
1018 2570 1129 2605 triginta
1148 2569 1280 2601 vivsrent,
1293 2568 1330 2595 ita
1346 2568 1532 2595 Abrahamum
1548 2566 1685 2593 allocutus
1698 2569 1758 2591 est:

977 2626 986 2642 ι
1005 2616 1109 2643 Posteri
1124 2615 1162 2642 tui
1184 2614 1306 2649 hospites
1325 2619 1406 2641 erunt
1419 2615 1446 2641 in
1463 2617 1535 2640 terra
1567 2612 1667 2643 aliena,
1693 2617 1760 2644 gen-

973 2667 1025 2689 tem
1038 2666 1140 2693 autcm,
1156 2660 1200 2688 cui
1212 2662 1343 2692 servient,
1356 2668 1406 2695 ego
1419 2658 1559 2694 judivabo.
1577 2665 1595 2683 ι’
1606 2656 1682 2690 Quod
1701 2655 1760 2682 fac-

972 2714 1028 2736 tum
1043 2712 1086 2735 est
1101 2707 1151 2735 sub
1166 2707 1318 2734 Pharaone.
1329 2706 1367 2733 Ne
1381 2711 1471 2733 autem
1485 2709 1596 2739 propter
1610 2703 1761 2738 longinqua

974 2764 1035 2783 cum
1056 2755 1229 2782 Pharaonitis
1241 2754 1408 2782 commercia
1435 2752 1550 2785 Hebraei,
1569 2759 1632 2779 cum
1662 2751 1759 2778 iisdem

975 2802 1127 2834 conciliati,
1143 2809 1233 2829 mores
1247 2806 1274 2829 et
1287 2800 1509 2835 superstitionem
1522 2806 1618 2826 eorum
1636 2797 1761 2824 addisce-

973 2854 1044 2883 rent,
1057 2849 1228 2877 circumcisio
1241 2848 1366 2876 instituta
1380 2852 1424 2874 est
1445 2851 1577 2880 tauquam
1591 2844 1701 2879 signum
1727 2847 1756 2870 et

977 2897 1130 2932 rynibolum
1152 2896 1285 2933 quoddam
1303 2895 1430 2923 llcbrmos
1457 2894 1491 2921 ab
1512 2892 1647 2928 [Egypliis
1669 2897 1760 2919 secer-
