1917 3068
196 125 248 157 931

804 118 967 150 GEORGII
989 117 1202 148 ΡΗΒΑΝΤΖΕ

1758 111 1816 146 932

193 179 260 205 θωσι
272 176 478 210 Μουσουλμάνοι
492 175 558 210 πρὸς
576 174 695 209 πόλεμον
710 174 755 201 καὶ
769 175 799 201 ἐν
810 174 850 208 τῷ
866 173 977 207 πολεμῳ
989 175 1015 205 Α
1028 173 1092 204 τοὺς
1107 173 1184 203 θεοὺς
1196 172 1363 206 ἀπέρχονται
1376 172 1423 198 καὶ
1438 171 1509 206 μετά
1520 172 1575 198 τῶν
1590 171 1661 198 θεῶν
1674 171 1820 206 εὑρίσκον-

193 225 266 259 πέσῃ
280 222 376 254 τις-ἑξ
399 221 502 253 αὐτῶν,
521 222 553 248 οὐ
573 220 729 256 λογίζονται
752 220 867 251 ἑαυτοὺς
882 219 974 252 ἀξίους

194 270 325 305 μέμψεως
334 268 372 300 ὡς
384 268 488 299 αἰτίους
502 267 550 294 τοῦ
566 268 696 302 πολέμου,
706 266 763 293 ἀλλ’
777 267 824 292 ἐπὶ
837 266 867 292 τὺ
879 265 977 299 νεκρδν

192 318 271 351 σῶμα
287 315 333 342 τοῦ
354 314 532 345 πεπτωκότος
544 315 695 348 σφὰττουσι
711 312 829 345 ζῶντας,
849 313 927 342 ὅσους
943 311 977 338 ἂν

191 362 292 397 δυνηθῇ
310 362 424 390 ἕκαστος
435 369 442 377 ο
458 361 504 387 καὶ
518 361 580 387 ὅσον
595 359 706 390 πλείους
723 359 835 391 κτείνει,
850 357 977 384 τοσοῦτον

191 408 344 442 λογίζονται
361 406 496 439 ὠφέλειαν
517 406 566 439 τῆς
590 404 638 431 τοῦ
660 403 809 435 τεθνεῶτος
831 403 931 438 ψυχῆς.
946 402 977 429 Et

190 455 290 485 δ’ἴσως
313 453 362 479 οὐκ
384 453 440 488 ἔχει
468 451 630 486 ἀνθρώπους
654 451 694 482 εις
718 449 848 482 ἔξουσίαν
865 448 950 475 αὑτοῦ
964 449 978 474 ὀ

193 500 354 534 βουλόμενος
372 498 504 533 βοηθῆσαι
520 498 552 531 τῇ
570 497 617 523 τοῦ
633 495 780 528 τεθνεῶτος
795 495 880 530 ψυχῇ,
907 495 976 527 ἔξω·

194 548 280 575 νεῖται
292 545 480 580 Χριστιανοὺς,
498 544 577 578 εἴπερ
602 543 688 577 εὕροι,
708 543 755 569 καὶ
779 543 795 577 ἦ
821 542 914 569 ἐπάνω
929 541 978 568 τοῦ

192 592 290 627 νεκροῦ
318 591 443 624 σώματος
470 591 583 624 σφάττει
610 590 709 620 αὐτοὺς
729 589 744 623 ἢ
769 589 816 616 ἐπὶ
838 588 878 623 τῷ
900 588 978 622 τάφῳ

193 638 287 666 αὑτοῦ.
308 638 362 664 Καὶ
386 638 400 664 ὁ
431 636 518 662 ταῦτα
547 635 700 670 νομοθετῶν
728 635 785 666 πῶς
812 634 866 661 ἀπο
892 634 976 665 Θεοῠ;

194 686 255 712 Ἔτι
274 684 416 719 νομοθετεῖ
438 684 479 710 ὅτι
500 683 515 710 ὀ
532 683 595 714 δοὺς
616 684 649 717 τῇ
674 682 761 717 πόρνῃ
784 681 914 717 μίσθωμα
930 681 979 707 καὶ

192 730 337 765 κοιμηθεὶς
358 729 416 764 μετ’
432 729 518 763 αὐτῆς
532 728 582 762 οὐχ
596 727 752 762 ἁμαρτάνει
763 735 769 742 ·
792 727 841 753 καὶ
854 727 868 752 6
881 725 978 760 βιασά-

194 785 274 812 μενος
289 775 422 809 παρθένον
438 773 604 809 ἀμαρτανει,
617 773 630 799 ὁ
646 773 674 799 δὲ
691 772 761 806 μετὰ
775 771 826 806 τῆς
839 771 978 805 θελῆσεως

193 823 280 856 αὐτῆς
306 822 448 856 κοιμηθεὶς
468 819 527 855 μετ’
551 820 636 854 αὐτῆς
660 819 710 853 οὐχ
735 817 910 852 ἁμαρτάνειο
930 816 978 843 καὶ

195 871 242 896 ἐὰν
256 868 459 904 αἰχμαλωτίδας
475 875 518 898 τις
530 866 599 901 λάϐῃ
625 866 654 892 ὲν
670 864 792 899 πολέμῳ,
811 864 918 897 ἔξεστιν
935 863 979 889 ἐπ’

195 915 292 946 αὐταῖς
322 913 434 947 ποιῆσαι
458 912 472 937 ὃ
501 911 626 945 βούλεται
656 909 817 939 ἀκωλύτως.
855 908 884 935 '0
915 908 981 942 γοῦν

198 961 328 996 πορνείας
349 960 396 985 καὶ
423 957 658 993 παρθενοφθορίας
681 955 835 991 νομοθετῶν
857 954 915 986 πῶς
929 953 982 981 ἀπὸ

196 1005 264 1033 Θεοῦ
277 1015 283 1033 ς

230 1026 288 1076 {ei
304 1049 334 1075 τὸ
348 1049 380 1083 δὴ
403 1048 542 1084 χείριστον
561 1047 602 1074 ὅτι
618 1047 680 1077 τοὺς
698 1046 769 1073 κατὰ
782 1045 832 1080 τὴν
845 1045 982 1080 ἀποδοχὴν

192 1098 242 1126 τοῦ
257 1097 326 1125 Θεοῦ
340 1097 581 1132 περιπατήσαντας
590 1095 620 1121 ὲν
632 1094 672 1128 τῷ
689 1094 804 1128 παρόντι
817 1093 897 1120 αἰῶνι
910 1092 982 1127 μετὰ

194 1146 245 1181 τὴν
269 1145 362 1171 ἐνθάδε
391 1143 542 1170 ἀποθίωσιν
572 1141 664 1168 αὐτῶν
688 1141 789 1175 λουτρὰ
819 1140 868 1167 καὶ
889 1139 981 1171 οἴκους

197 1190 374 1226 περικαλλείς
401 1190 449 1216 καὶ
473 1190 607 1222 γυναῖκας
633 1187 786 1221 παρθένους
810 1186 851 1212 ὅτι
882 1185 984 1216 πολλὰς

196 1238 369 1272 ὑπισχνεῖται
392 1235 555 1270 δοθήσεσθαι
579 1234 686 1268 ἑκάστῳ
703 1232 787 1268 348
811 1232 887 1266 παρὰ
903 1231 983 1257 Θεοῦ.

195 1284 252 1310 Καὶ
266 1283 335 1317 ὅπερ
362 1282 386 1308 οἱ
405 1281 459 1307 τῶν
477 1280 679 1314 εὶδωλολατρῶν
701 1278 836 1313 Ἑλλήνων
853 1277 984 1312 ὁνομαζότ

198 1337 273 1364 μενοι
286 1328 405 1361 θεολόγοι
419 1328 470 1354 οὐκ
487 1325 565 1353 εἷπον
581 1326 642 1352 οὐδὲ
658 1325 789 1359 ἐνόμισαν
805 1321 885 1356 εἶναι,
897 1323 984 1350 ταῦτα

196 1376 210 1402 ὸ
221 1374 344 1408 Μωάμεθ
357 1372 615 1407 ἀνακεκαλυμμένῳ
626 1371 663 1406 τῷ
677 1370 816 1405 προσώπῳ
830 1369 983 1404 νομοθετεῖ.

203 1421 318 1447 Ἐκεῖνοι
336 1421 391 1455 γὰρ
411 1419 498 1450 οὕτως
511 1419 648 1452 λέγουσιν,
668 1419 709 1444 ὅτι
731 1417 756 1443 oi.
772 1417 822 1452 μὲν
838 1416 927 1446 καλῶς
945 1416 986 1441 ὲν-

198 1466 264 1493 θάδε
290 1466 461 1501 βιώσαντες,
496 1464 565 1491 ὲπὰν
593 1464 752 1490 ἀποθάνωσι
779 1463 827 1489 καὶ
856 1461 984 1496 καθαρῶς

1028 227 1074 244 ται
1091 219 1130 248 εἰς
1153 218 1203 248 τὰς
1223 217 1278 244 τῶν
1297 218 1440 252 μακαρίων
1467 218 1566 253 νήσους
1583 217 1631 244 καὶ
1648 217 1707 252 μετ’
1724 218 1820 245 αὐτῶν

1029 263 1245 298 συναγάλλονται
1261 263 1333 290 ’τῶν
1364 264 1392 290 δὲ
1419 264 1512 295 κακῶς
1535 264 1628 291 ἐνθάδε
1656 264 1820 299 βιωσάντων

1029 310 1076 336 καὶ
1100 309 1261 344 ἀκαθάρτων
1281 309 1330 336 καὶ
1357 310 1573 345 μεμολυσμένων
1595 311 1773 337 ἀπελθόντων
1791 311 1820 336 αἱ

1027 355 1132 382 τούτων
1147 354 1232 390 ψυχαὶ
1247 357 1285 386 εἰς
1304 354 1436 389 ζοφώδεις
1451 356 1498 382 καὶ
1512 357 1667 388 σκοτεινοὺς
1680 357 1820 392 ἀπέρχον-

1028 411 1072 428 ται
1092 401 1193 433 τόπους
1213 403 1260 429 καὶ
1286 403 1325 434 εἰς
1354 402 1400 428 τὸν
1427 402 1552 437 ποταμὸν
1577 403 1623 429 τὸν
1647 403 1825 437 Πυριφλεγέτ

1027 448 1121 476 θοντα.
1138 448 1192 474 Καὶ
1215 448 1241 474 οξ
1264 448 1316 482 μὲν
1343 448 1539 483 εἰδωλολάτραι
1564 448 1696 484 Ἕλληνες
1721 450 1820 483 ελεγον

1028 493 1115 521 ταῦτα
1126 501 1133 509 ·
1149 495 1163 520 ό
1178 493 1206 520 δὲ
1223 493 1400 528 Μωάμεθ,θς
1415 494 1544 528 ὀνομάζει
1560 495 1659 521 ἑαυτὸν
1675 495 1821 530 ὀρθόδοξον

1029 539 1077 565 καὶ
1113 539 1228 574 πλησεον
1258 538 1307 565 τοῦ
1331 539 1400 566 Θεοῦ
1430 540 1645 575 εὑρισκόμενον,
1672 541 1748 575 λέγει
1772 542 1821 568 καὶ

1029 585 1172 620 νομοθετεῖ
1200 585 1315 612 τοιαῦτα
1346 585 1512 622 ὰτοπήματα
1540 587 1652 622 αίσχρά,
1686 588 1736 614 καὶ
1766 587 1820 614 οὐκ

1029 632 1086 667 ἔχει
1108 631 1262 667 ἐνθύμησιν
1290 632 1359 663 ὅλως
1383 632 1426 659 ὅτι
1450 633 1538 659 ταῦτα
1565 635 1653 660 πάντα
1668 633 1756 668 ὀργῆς
1773 636 1821 660 καὶ

1029 679 1205 714 ἀποστροφῆς
1225 677 1294 713 ἔργα
1320 678 1430 712 καὶτῆς
1445 679 1584 714 ἁμαρτίας
1603 679 1821 714 ἀποτελέσματὰ

1030 725 1096 751 εισι.
1120 724 1177 759 Πρὸ
1195 725 1250 758 γὰρ
1271 724 1322 759 τῆς
1346 725 1531 760 παραὸάσιως
1553 727 1600 752 καὶ
1615 726 1756 761 ἁμαρτίας
1769 725 1821 752 τοῦ

1036 771 1122 805 ’Δδὰμ
1153 770 1204 797 ποῦ
1229 771 1342 807 λουτρὰ,
1371 771 1424 799 ποῦ
1452 772 1520 803 ὅλως
1550 773 1702 807 οἰκήματα,
1721 772 1776 799 ποῦ
1793 775 1821 799 αἱ

1031 817 1127 844 πολλαὶ¹
1144 817 1272 851 γυναῖκες
1283 825 1291 850 ;
1302 817 1384 844 ’Δλλὰ
1402 817 1471 852 μετὰ
1484 817 1533 853 τὴν
1552 818 1691 853 ἁμαρτίαν
1704 822 1756 845 καὶ
1769 818 1821 854 τὴν

1033 863 1156 898 κατάραν
1170 863 1309 899 ἐπανέστη
1322 864 1352 890 τὸ
1367 863 1448 899 σῶμα
1461 864 1556 899 ὥσπερ
1573 865 1667 900 θηρίον
1681 865 1756 891 κατᾶ
1771 865 1821 899 τῆς

1032 909 1121 944 ψυχῆς
1150 910 1201 944 τῆς
1229 909 1266 944 μὴ
1291 909 1408 944 ἐχούσης
1434 910 1589 941 καθολικῶς
1613 910 1663 945 τὴν
1687 911 1735 937 τοῦ
1750 911 1822 938 θεοῦ

1033 955 1189 991 ἐπίσκεψιν.
1208 956 1319 990 Ἶσχυσε
1339 955 1370 982 τὸ
1400 955 1491 991 σῶμα,
1509 957 1557 983 καὶ
1586 957 1746 997 κατέσπασε
1770 958 1822 992 τὴν

1032 1002 1124 1036 ψυχὴν
1142 1001 1196 1029 ἀπὸ
1207 1002 1254 1028 τοῦ
1273 1001 1357 1037 ὕψους
1373 1003 1422 1029 καὶ
1437 1002 1485 1029 τοῦ
1504 1003 1652 1038 μεγαλεὶου
1668 1004 1756 1038 αὐτῆς
1772 1005 1823 1030 καὶ

1034 1047 1192 1081 κατήγαγεν
1207 1048 1248 1078 εις
1261 1046 1312 1078 τὰς
1327 1047 1502 1082 παραλόγους
1525 1048 1573 1076 καὶ
1589 1049 1708 1082 ματαίας
1725 1058 1824 1084 σωμα-

1034 1093 1112 1124 τικὰς
1135 1092 1284 1126 ἐπιθυμίας
1297 1093 1345 1120 καὶ
1360 1094 1456 1128 ἡδονάς
1469 1102 1477 1110 ·
1493 1095 1540 1121 καὶ
1563 1094 1658 1129 ὥσπερ
1680 1095 1825 1130 ἀνδραπο-

1034 1137 1089 1170 δον,
1101 1136 1187 1169 οὕτως
1205 1137 1397 1172 κατεδουλώθη
1416 1138 1432 1172 ἡ
1449 1137 1524 1173 ψυχὴ
1538 1139 1578 1170 εἰς
1592 1139 1642 1168 τὰς
1658 1139 1824 1173 σωματικὰς

1034 1183 1138 1218 ὀρέξεις
1152 1190 1159 1198 ⁸
1181 1184 1206 1209 εἰ
1223 1182 1288 1217 γοῦν
1305 1183 1377 1218 μετὰ
1402 1182 1485 1221 εῇθ
1507 1183 1557 1218 τὴν
1579 1184 1611 1210 ὲκ
1634 1185 1741 1219 νεκρῶν
1757 1185 1825 1212 ἀνὰ-

1035 1237 1130 1256 στασιν
1152 1228 1229 1255 οὐδὲν
1250 1229 1396 1264 μέλλουσιν
1424 1229 1518 1264 ε’ὺρεῐν
1541 1230 1565 1256 οἱ
1592 1230 1664 1257 κατὰ
1683 1231 1825 1266 ἀποδοχὴν

1034 1275 1081 1303 τοῦ
1105 1274 1172 1301 Θεοῦ
1196 1275 1424 1309 πολιτευσάμενοι
1447 1275 1586 1310 ἄνθρωποι
1613 1276 1663 1311 τὴν
1683 1278 1825 1311 μακαρίαν

1036 1322 1146 1355 ἐκείνην
1162 1321 1236 1355 ζωὴν
1259 1321 1292 1355 ἢν
1304 1322 1317 1347 ό
1330 1321 1484 1356 προπάτωρ
1499 1321 1572 1357 εἶχεν
1587 1322 1673 1357 ’Δδέιμ
1694 1324 1750 1358 πρὸ
1774 1324 1823 1356 τῆς

1043 1367 1230 1401 παραόἑισεως
1255 1367 1301 1393 καὶ
1313 1367 1467 1400 ἀπώλεσεν,
1485 1368 1554 1394 ἀλλὰ
1571 1369 1652 1394 πάλιν
1668 1368 1719 1403 τὴν
1738 1369 1824 1404 αὐτὴν

1037 1413 1111 1448 ζωὴν
1137 1413 1266 1448 μέλλουσι
1294 1413 1386 1448 εὑρεῖν
1413 1414 1446 1448 ἢν
1461 1411 1517 1448 εἶχε
1538 1414 1607 1448 μετὰ
1621 1414 1669 1449 τὴν
1685 1415 1824 1449 κατάραν,
1853 1444 1857 1446 _

1037 1460 1097 1486 οὐαὶ
1110 1462 1167 1490 τοῖς
1185 1459 1341 1494 ἀνθρώποις
1364 1461 1491 1491 ἐκείνοις.
1509 1462 1562 1486 Καὶ
1587 1460 1618 1487 τὸ
1636 1461 1668 1495 δὴ
1685 1461 1826 1496 χείριστοί

199 1511 416 1546 ἀποδημήσωσιν
448 1511 476 1538 αἱ
504 1510 591 1544 ψυχαὶ
603 1509 657 1537 ἀπὸ
684 1509 738 1536 τῶν
766 1508 915 1543 σωμάτων,
947 1507 986 1538 εἰς
1001 1512 1023 1543 ς
1038 1507 1079 1533 ὅτι
1093 1506 1152 1535 οὐδὲ
1169 1507 1251 1543 μέχρι
1266 1506 1316 1542 τῆς
1331 1507 1507 1542 ταλαιπώρου
1531 1508 1641 1543 ἐκείνης
1659 1509 1706 1534 καὶ
1720 1509 1826 1543 ἐπαρά-

199 1601 272 1628 enim
293 1601 345 1628 ista
360 1600 529 1628 immanitate
541 1604 568 1627 et
593 1600 697 1628 Stevitia
716 1599 829 1634 cogitari
847 1598 987 1626 crudelius

200 1653 300 1683 potest,
316 1655 396 1682 quam
411 1647 560 1678 trucidare,
575 1647 621 1682 qui
638 1647 705 1674 nihil
730 1646 899 1681 peccaram?
913 1645 989 1678 Quo-

201 1694 363 1728 tiescunque
386 1694 458 1720 enitr.
472 1694 504 1720 ad
524 1701 642 1728 pugnant
652 1693 804 1727 procedunt
821 1691 989 1719 Musulmani

198 1744 226 1766 et
241 1746 337 1766 eorum
354 1739 415 1773 quis
448 1739 543 1772 praelia
566 1738 712 1769 Occiditur,
729 1746 783 1765 tton
801 1747 831 1766 se
856 1738 990 1765 crimina.
1008 1752 1009 1755 η

201 1784 275 1811 tione
290 1784 387 1818 dignos
403 1788 509 1818 putant,
525 1789 554 1810 ut
570 1788 695 1811 auctores
709 1784 784 1816 belli,
800 1784 847 1811 sed
864 1784 891 1811 ir.
904 1785 993 1812 occisi

200 1830 335 1857 cadavere
349 1830 426 1857 vivos
454 1829 603 1861 trucidant,
621 1834 687 1864 quot
699 1829 817 1864 quisque
841 1834 942 1865 potest,
958 1838 990 1857 ac

202 1881 306 1911 qnattto
321 1876 383 1910 quis
395 1875 487 1910 plures
503 1880 592 1908 necat,
611 1880 687 1902 tanto
699 1876 829 1911 majorem
844 1876 987 1904 utilitatem

203 1922 265 1949 fore
278 1924 375 1956 putant
393 1921 426 1947 ad
442 1920 558 1947 animant
574 1920 668 1948 occisi.
684 1920 711 1947 Si
735 1929 788 1948 tton
803 1922 922 1956 possidet
943 1922 991 1950 lto-

204 1967 304 2006 tttines,
320 1965 366 2000 qui
384 1965 483 1992 mortui
507 1965 605 1992 animae
627 1965 755 2000 opitulari
778 1966 879 1998 studet,
912 1966 992 1994 Chri-

205 2014 324 2044 stianos,
341 2013 364 2039 si
387 2019 456 2046 quos
474 2011 585 2046 reperit,
603 2012 714 2051 coemit,
725 2019 828 2046 eosque
842 2017 890 2040 aut
908 2020 990 2047 supra

203 2059 321 2086 cadaver
335 2058 431 2089 occisi,
457 2062 504 2084 aut
524 2058 551 2084 itt
574 2057 699 2091 sopulcro
722 2057 844 2092 ejusdem
872 2058 990 2094 jugulat.

204 2105 282 2132 Talia
300 2104 345 2138 qui
362 2104 485 2138 praecipit
502 2103 640 2138 quomodo
651 2111 664 2130 a
683 2104 736 2131 Deo
751 2104 855 2132 missus
871 2105 926 2132 sit?
941 2105 992 2132 Do-

205 2154 247 2176 cet
264 2149 346 2180 idcm,
360 2148 405 2183 qui
420 2148 481 2175 data
494 2147 607 2182 pecunia
622 2155 683 2175 eum
700 2149 843 2177 meretrice
862 2158 992 2177 concum-

1039 1595 1066 1622 itt
1084 1596 1224 1622 beatorum
1249 1596 1345 1623 insulis
1362 1603 1424 1623 cum
1454 1595 1608 1630 iisdemque
1630 1597 1736 1625 laetari:
1759 1606 1826 1625 con-

1041 1645 1081 1668 tra
1100 1642 1146 1676 qui
1165 1643 1235 1669 male
1248 1641 1292 1668 ltic
1304 1641 1460 1669 vixerintet
1472 1642 1571 1677 intpuri
1585 1648 1667 1677 atque
1690 1643 1826 1678 inquinati

1041 1687 1221 1720 excesserint,
1249 1687 1346 1715 horum
1369 1688 1476 1715 animas
1499 1689 1526 1716 iu
1553 1689 1611 1721 loca
1634 1691 1782 1718 tenebrosa
1802 1697 1828 1718 et

1042 1734 1158 1761 obscura
1186 1739 1212 1761 ct
1236 1735 1504 1771 Pyripltlegetontcm
1521 1735 1634 1764 ﬂuvium
1652 1738 1739 1766 abire.
1767 1739 1828 1767 llatc

1041 1780 1125 1815 igitur
1143 1780 1228 1808 Gratei
1243 1781 1392 1812 idololatrtc
1404 1782 1542 1812 dixerunt.
1561 1783 1730 1813 Mobametes
1751 1793 1828 1818 vero,

1043 1827 1090 1862 qui
1107 1835 1136 1854 se
1153 1827 1337 1854 ortltodoxum
1349 1835 1410 1855 esse
1424 1833 1451 1855 et
1463 1836 1557 1856 coram
1575 1829 1630 1857 Deo
1643 1831 1756 1858 stetisse
1767 1831 1827 1866 jac-

1043 1879 1091 1907 tat,
1108 1874 1204 1908 probat
1225 1873 1360 1908 docetque
1380 1874 1468 1901 {tedas
1484 1874 1550 1902 istas
1573 1883 1671 1909 nugas,
1696 1884 1747 1904 nec
1773 1877 1827 1904 ullo

1043 1920 1123 1946 modo
1135 1919 1226 1951 sentit,
1241 1927 1321 1954 quam
1337 1926 1433 1946 omnes
1448 1919 1490 1947 Ita:
1513 1926 1557 1947 res
1577 1920 1727 1948 libidinosa:
1743 1927 1771 1948 et
1783 1922 1836 1956 αρτ

1042 1965 1174 1992 lcstanda:
1188 1965 1242 1992 sint
1258 1969 1284 1992 ct
1299 1970 1441 1999 peccatum
1457 1971 1620 1993 consecuta.
1644 1966 1714 1994 Ante
1733 1966 1827 1994 Διισωί

1043 2011 1115 2038 enim
1127 2017 1269 2046 peceatum
1281 2016 1307 2038 et
1319 2011 1446 2038 delictum
1458 2011 1567 2038 ubinam
1581 2012 1694 2044 balneae,
1717 2013 1826 2040 ubinam

1044 2058 1157 2086 omnino
1167 2059 1249 2090 aedes,
1262 2058 1372 2085 ubinam
1385 2058 1477 2084 multa:
1489 2057 1616 2085 feminae?
1636 2058 1683 2085 sed
1694 2064 1756 2093 post
1771 2067 1829 2094 pec-

1045 2109 1134 2132 catum
1143 2109 1170 2130 et
1178 2105 1392 2131 exsecratiOnetn
1401 2111 1500 2138 corpus
1510 2109 1636 2138 tanquam
1648 2105 1735 2132 bestia
1756 2114 1831 2132 tuen-

1045 2151 1076 2181 ti,
1094 2151 1213 2185 pcrfecta
1230 2151 1342 2177 notione
1362 2149 1409 2177 Dei
1424 2157 1479 2177 non
1504 2155 1672 2183 sustetttatte,
1696 2151 1830 2184 inhiabat,

205 2195 261 2227 bat,
279 2203 342 2222 eum
365 2203 419 2221 ttott
435 2202 564 2229 peccare;
588 2195 634 2229 qui
653 2203 700 2229 per
715 2195 767 2222 vim
786 2195 917 2230 virginem
933 2202 992 2223 stu.
1007 2194 1029 2221 D
1045 2195 1191 2230 superabat
1217 2203 1288 2228 eam,
1314 2200 1397 2230 atque
1423 2196 1555 2227 animant,
1582 2203 1614 2223 ex
1637 2197 1786 2224 altitudine
1807 2203 1833 2224 ct

205 2245 275 2276 pret,
302 2248 362 2267 eum
390 2247 514 2274 peccare,
539 2239 586 2274 qui
606 2244 696 2266 autetn
723 2248 782 2266 cttttt
805 2241 992 2269 consentiente

204 2290 378 2318 concumbat,
394 2293 446 2312 tton
462 2293 596 2320 peccare;
627 2293 696 2320 quas
710 2285 772 2319 quis
792 2286 862 2313 bello
878 2287 990 2321 ceperit,

206 2331 239 2358 iis
254 2331 278 2357 ei
294 2330 334 2357 uti
353 2323 461 2362 licere,’
477 2330 708 2364 quetttadmodum
725 2330 800 2357 velit.
829 2331 910 2365 Atqui
932 2336 991 2357 stu-

206 2383 255 2409 pra
272 2380 298 2402 et
314 2375 451 2410 virginum
469 2374 628 2402 vitiationes
645 2375 692 2409 qui
707 2376 814 2409 probat,
830 2378 991 2410 quomudoa

207 2421 262 2449 Deo
281 2421 381 2448 missus
399 2421 434 2448 sit
445 2420 455 2447 ?

242 2467 440 2495 Gravissimum
454 2473 544 2494 autem
557 2471 609 2499 est,
622 2467 695 2501 quod
711 2468 757 2501 qui
778 2467 811 2494 ad
826 2468 990 2495 voluntatem

209 2513 256 2541 Dei
271 2513 297 2540 in
314 2513 364 2540 hac
380 2514 433 2540 vita
454 2521 483 2540 se
505 2513 721 2548 composuerint,
742 2514 777 2540 iis
796 2513 910 2548 singulis
933 2520 993 2548 post

209 2565 324 2587 mortem
340 2559 450 2586 balneas
467 2564 493 2587 et
510 2560 581 2586 atdes
599 2560 799 2594 pulcherrimas
821 2560 994 2594 virginesque

208 2607 340 2642 plurimas
357 2615 371 2633 a
389 2606 441 2633 Deo
456 2607 549 2634 datuttt
565 2607 597 2633 iri
616 2607 769 2641 pollicetur.
784 2606 816 2633 Et
831 2608 903 2642 quod
921 2607 994 2635 Grae-

208 2661 302 2680 corum
338 2653 544 2680 itlololatrarutn
573 2653 691 2689 theologi
719 2662 772 2681 nott
793 2652 924 2681 dixerunt
947 2661 995 2681 nec

209 2700 396 2732 crediderunt,
410 2701 434 2727 id
451 2700 619 2728 Mobametes
636 2700 753 2728 revelata
780 2700 870 2728 fronte
886 2702 992 2728 statuit.

211 2743 251 2771 llli
267 2745 338 2771 enim
361 2745 397 2772 ita
415 2746 500 2779 aiunt,
519 2747 565 2781 qui
591 2747 704 2781 pulchre
725 2747 770 2774 hic
790 2747 919 2780 vixerint,
949 2755 996 2774 eos

213 2794 272 2824 post
285 2795 410 2824 mortem,
440 2800 500 2818 cum
514 2793 596 2819 animi
612 2801 626 2819 e
646 2800 793 2827 corporum
809 2794 924 2820 vinculis
948 2801 999 2828 pu-

212 2835 234 2862 ri
247 2837 424 2870 excesserint,
441 2838 475 2864 ad
490 2838 555 2866 deos
569 2838 686 2874 migrare
703 2844 730 2866 et
747 2847 808 2866 cum
825 2839 877 2867 diis
892 2840 996 2867 versari

1045 2241 1247 2274 magniﬁcentia
1263 2241 1408 2274 dejectam,
1424 2241 1451 2268 itt
1466 2249 1549 2270 vanas
1564 2247 1591 2269 et
1611 2242 1724 2269 insanas
1742 2243 1833 2270 libidi-

1043 2294 1091 2313 ttes
1116 2287 1323 2321 voluptatesque
1351 2289 1474 2322 corporis
1496 2289 1625 2315 adduxit:
1650 2297 1682 2316 ac
1706 2291 1834 2324 mancipii

1045 2331 1131 2359 instar
1160 2332 1251 2359 anima
1271 2333 1468 2367 cupiditatibus
1489 2335 1614 2368 corporis
1633 2334 1768 2362 obstricta
1784 2342 1834 2362 est.

1045 2377 1158 2411 Quodsi,
1176 2378 1222 2410 qui
1239 2378 1273 2405 ad
1294 2379 1462 2406 voluntatem
1478 2381 1524 2407 Dei
1543 2381 1672 2407 vixerunt
1696 2381 1835 2413 homines,

1046 2428 1107 2456 post
1123 2423 1350 2451 resurrectionem
1365 2430 1536 2451 mortuoruut
1551 2433 1605 2452 ttutt
1618 2426 1759 2452 intentari
1781 2427 1836 2454 sint

1046 2469 1154 2496 beatam
1170 2469 1245 2495 illam
1262 2471 1355 2503 vitam,
1368 2479 1449 2504 quant
1464 2471 1585 2501 Adamus
1597 2477 1675 2507 pater
1693 2477 1759 2500 ante
1770 2481 1834 2508 pec-

1045 2521 1135 2542 catum
1154 2516 1207 2549 egit
1222 2520 1303 2549 atque
1316 2517 1417 2548 amisit,
1436 2517 1483 2544 sed
1494 2517 1615 2543 eamdem
1631 2525 1728 2544 rursus
1740 2518 1835 2553 vitam,

1046 2568 1127 2595 quam
1149 2560 1192 2586 ille
1211 2566 1272 2594 post
1293 2562 1509 2589 exsecrationem
1530 2564 1667 2594 toleravit,
1684 2572 1725 2591 va:
1746 2566 1836 2591 homi-

1047 2606 1127 2632 nibus
1143 2605 1213 2632 illis!
1240 2605 1297 2633 lttto
1325 2614 1399 2640 vero,
1424 2608 1496 2642 quod
1514 2609 1699 2636 tuiscrtintum
1719 2616 1774 2641 est,
1804 2619 1836 2637 ne

1047 2653 1182 2686 acquievit
1193 2653 1302 2687 quidem
1317 2654 1342 2680 itt
1362 2662 1515 2682 aerumnosa
1532 2656 1582 2682 hac
1597 2660 1623 2682 et
1639 2661 1783 2684 exsecrata
1797 2659 1835 2684 vi-

1047 2703 1074 2725 ta
1094 2699 1256 2726 Moliatnctis
1273 2701 1390 2733 insania,
1405 2706 1433 2728 ut
1447 2702 1517 2729 lianc
1533 2702 1638 2729 scilicet
1659 2702 1732 2730 Deus
1752 2704 1834 2737 justi:

1049 2741 1175 2771 daturum
1190 2753 1221 2772 se
1232 2754 1291 2773 esse
1305 2748 1471 2781 promiserit,
1492 2748 1538 2775 sed
1555 2748 1657 2776 invenit
1673 2749 1760 2776 vitam
1780 2758 1834 2776 uta-

1047 2792 1080 2818 lis
1092 2791 1170 2826 longe
1185 2792 1359 2827 insigniore-nt
1374 2800 1399 2821 et
1412 2802 1476 2822 vero
1489 2800 1607 2829 turpem.
1629 2795 1750 2822 Adamus
1765 2797 1834 2822 enim

1048 2844 1109 2873 Pthl
1128 2840 1255 2866 delictum
1275 2846 1300 2866 ct
1317 2842 1535 2868 exsecrationem
1548 2847 1574 2868 et
1589 2850 1603 2868 c
1622 2842 1751 2874 paradiso
1767 2842 1835 2869 exsi-
